3014 5010
416 351 463 397 na
486 352 578 397 amn.
602 350 707 396 anax.
730 351 775 396 ar
796 349 1012 399 Prsrsuaaro.
1225 335 1285 398 129

142 503 301 566 mentatio
323 502 486 586 pendeat),
509 503 536 565 is
559 503 645 566 locus
662 506 727 583 est,
751 503 805 586 qui
828 506 876 565 est
899 503 1038 565 derecte
1061 503 1285 585 dispertiendis

142 613 252 677 Oecii
274 617 307 674 et
329 611 540 675 Heliodor‘i
563 613 719 695 partibus.
764 614 814 676 Ac
837 612 992 675 Occium
1014 612 1104 675 illum
1126 635 1192 677 uon
1218 635 1286 676 esse

142 723 243 785 alium
271 723 334 785 nisi
362 721 559 804 Taetzam,
589 745 630 785 ne
657 744 819 785 monerem
848 722 975 806 quidem
1002 722 1122 805 denuo,
1156 723 1219 786 nisi
1247 723 1286 786 de

141 854 177 896 re
200 833 372 896 manifesta
400 853 525 895 rursum
552 832 697 896 dubitare
720 832 904 897 Cramerum
930 855 961 915 p.
987 834 1025 895 13
1048 832 1203 915 viderem,
1233 835 1286 916 qui

142 942 204 1004 etsi
228 942 385 1004 Dindorfii
409 943 625 1005 coniecturam
647 942 757 1005 laudat
778 947 815 1006 ut
839 948 985 1022 lepidam,
1014 946 1124 1006 tamen
1153 948 1286 1030 nollem

142 1053 191 1114 ait
211 1057 278 1115 eam
301 1058 456 1132 amplecti,
484 1059 544 1115 uisi
570 1060 636 1131 qais
658 1063 687 1116 ci
709 1064 842 1117 noslmem
866 1057 1014 1117 Graecam
1044 1063 1196 1117 auctorem
1225 1075 1287 1116 csse

143 1167 284 1225 Caesiam
308 1167 444 1241 probare
465 1175 578 1242 posset.
632 1162 744 1245 Itaque
772 1164 839 1246 ipse
870 1163 909 1226 de
937 1163 1046 1226 eodem
1077 1162 1133 1225 illo
1159 1163 1287 1226 rhetore

143 1271 251 1335 Siculo
267 1271 461 1352 Caecilia,
485 1272 520 1335 in
542 1294 635 1355 quem
658 1273 722 1335 ianr
739 1274 887 1336 (lsannus
904 1272 1043 1337 Hermae
1066 1296 1094 1337 a.
1122 1273 1202 1336 1828
1224 1277 1247 1336 t.
1271 1272 1287 1335 l

143 1403 176 1464 p.
199 1381 263 1443 212
291 1381 464 1463 inciderat,
494 1382 649 1464 cogitavit
676 1382 736 1445 hoc
766 1383 965 1465 potissimum
987 1406 1061 1446 usus
1085 1387 1286 1468 argumente,

143 1490 243 1573 quod,
279 1491 338 1553 etsi
367 1491 405 1553 de
435 1491 597 1554 comoedia
624 1490 798 1555 Caecilium
827 1493 991 1575 scripsisse
1019 1494 1150 1557 minimo
1177 1497 1288 1557 narret

144 1599 275 1681 Suidas,
301 1600 383 1663 idem
405 1604 513 1663 tamen
536 1601 575 1663 de
598 1601 812 1684 compluribus
835 1602 906 1664 aliis
930 1625 948 1664 a
971 1624 1039 1666 sese
1063 1626 1127 1666 non
1151 1603 1304 1666 recensi»

143 1710 187 1772 tis
210 1710 299 1772 illum
321 1712 424 1794 egisse
446 1711 596 1773 fateatur.
643 1710 716 1774 Non
745 1711 870 1795 legerat
899 1715 976 1794 puto
999 1714 1167 1776 oramerus
1190 1734 1287 1795 nupe-

144 1842 214 1882 ram
242 1819 392 1882 checkii
425 1822 459 1883 in
488 1820 597 1884 Aiacis
628 1843 658 1883 v.
697 1821 757 1884 104
785 1821 1043 1903 adnotationem,
1078 1845 1097 1885 a
1125 1845 1187 1906 qua
1217 1844 1288 1885 cum

144 1929 329 1993 Dindorfius
351 1932 512 2013 profectus
535 1931 640 1993 estin
663 1930 745 1994 Mus.
770 1930 874 1994 Rhen.
898 1930 945 1995 IV
968 1954 999 2015 p.
1023 1933 1097 2013 233,
1120 1936 1204 2014 turn,
1221 1934 1288 2016 gui

144 2046 270 2104 Ceccum
293 2040 397 2123 potius
419 2040 460 2103 ad
482 2040 724 2104 similitudinem
746 2062 882 2125 graecae
909 2044 1031 2104 formae
1056 2044 1169 2107 Κὲκκοε
1193 2064 1287 2125 quam

145 2157 284 2214 Cuccium
307 2149 476 2213 dicendum
497 2149 596 2212 fuisse
618 2150 824 2215 festinantius
848 2152 1095 2234 pronuntiabat,
1129 2150 1288 2215 Bernhar-

144 2260 224 2343 dyus
247 2281 279 2342 p.
298 2259 371 2323 823.
416 2259 579 2322 Debuerat
601 2261 627 2322 is
650 2260 792 2343 quidem,
816 2261 843 2323 si
867 2261 921 2324 isti
943 2261 1117 2324 formarum
1140 2261 1287 2324 varietati

145 2371 249 2433 locuni
279 2391 347 2431 esse
375 2368 600 2452 denegandum
629 2373 774 2452 putaret,
804 2370 910 2453 potius
934 2375 1061 2436 Caecum
1090 2370 1249 2454 suscipere
1272 2392 1288 2432 e

144 2479 308 2563 Ducaugii
337 2479 436 2561 copiis
464 2479 664 2542 aLobeckio
692 2481 878 2543 monstratis
908 2481 1038 2564 ipsoque
1067 2481 1170 2544 isaaci
1200 2481 1288 2544 testi-

145 2590 269 2672 monio,
289 2591 385 2656 Κέκο(
400 2593 501 2652 semet
516 2589 710 2672 appellantis
726 2589 939 2673 aduycophr.
956 2613 986 2653 v.
1006 2591 1078 2654 727.
1105 2589 1225 2655 Verum
1248 2612 1288 2653 ne

146 2705 251 2763 Caelus
274 2698 401 2782 quidem
424 2698 484 2783 (sic
507 2698 609 2780 enim,
638 2721 704 2763 non
728 2704 853 2764 Caecius
874 2704 910 2763 ut
932 2701 974 2763 ab
998 2700 1108 2782 initio,
1138 2700 1173 2765 in
1196 2700 1289 2763 Plau-

144 2809 215 2872 tino
253 2807 375 2871 scholio
414 2808 638 2893 consignatum
678 2809 830 2873 habemus
870 2832 899 2873 v.
938 2810 993 2895 67)
1033 2810 1203 2894 analogiae
1242 2832 1288 2873 re-

145 2923 287 3003 pugnat,
311 2920 438 3001 quando
461 2939 575 3002 graece
598 2918 662 2980 dici
685 2920 829 2985 Τζέτζιοε
851 2924 884 2983 et
906 2919 1010 3002 potuit
1033 2922 1065 2981 et
1087 2940 1120 2982 re
1143 2940 1219 2982 vera
1241 2923 1290 2982 est

144 3029 259 3091 dictus.
307 3028 514 3091 Commodum
543 3033 591 3090 est
620 3049 636 3089 e
662 3029 827 3111 praeclara
856 3028 980 3091 Lehrsii
1009 3028 1287 3108 commentatione,

144 3160 241 3222 quam
274 3143 313 3201 de
344 3143 497 3203 uocabulis
528 3139 721 3218 φιλόλογος,
757 3140 987 3219 γραμματικός,
1025 3140 1159 3218 κριτικό(
1193 3137 1324 3222 Regi-s

145 3248 261 3311 muntii
289 3269 318 3310 a.
358 3247 439 3311 1838
467 3247 581 3330 edidit,
617 3270 649 3330 p.
678 3249 698 3311 9
726 3246 920 3334 [Analeeton
948 3269 1083 3332 gramm.
1113 3246 1289 3310 Herodiani

146 3358 275 3440 scriptis
287 3357 390 3420 tribus
401 3356 641 3420 subiunctorum
658 3379 689 3440 p.
701 3356 775 3445 394]
790 3379 828 3420 ea
843 3358 905 3421 huc
920 3358 1107 3441 transferre,
1125 3357 1238 3440 quibus
1249 3357 1288 3421 lis

145 3467 250 3530 omnis
272 3466 447 3529 dirimitur:
472 3471 589 3531 Ceciam
613 3478 711 3531 aulem
733 3472 813 3531 banc
836 3473 929 3532 elliam
950 3489 1013 3533 esse
1034 3475 1177 3532 neminem
1201 3488 1289 3546 qaam

149 3581 283 3640 Tzelzen
305 3596 372 3640 cam
395 3584 455 3640 iam
478 3582 598 3640 minime
619 3582 755 3641 dubitari
775 3583 887 3657 possit,
918 3590 978 3642 iam
999 3588 1099 3658 polest
1125 3584 1291 3643 maceriei

146 3693 217 3750 illas
245 3691 434 3762 definitiones
453 3708 597 3764 peneum
615 3709 756 3767 poeseos,
785 3710 862 3768 qaas
883 3709 923 3752 ex
945 3694 1047 3752 eodem
1069 3695 1173 3753 codice
1194 3695 1294 3768 tanai!

148 3802 188 3860 R.
214 3818 246 3876 p.
277 3809 311 3872 5,
337 3817 464 3885 prorsas
490 3819 557 3862 cam
589 3799 771 3862 Tzelzaram
805 3804 1028 3875 definitionibus
1054 3806 1213 3864 convenire
1250 3806 1294 3863 ad

147 3911 299 3985 Lacoplrr.
326 3903 399 3992 [vol.
423 3906 506 3994 lp]
533 3918 589 3969 255
612 3911 656 3983 cs.
681 3909 788 3992 ew),
821 3913 921 3973 Crura.
947 3906 1082 3994 [Anecd.
1100 3909 1160 3973 Ox.
1177 3908 1224 3972 ΠΙ
1240 3908 1286 3995 p]

217 4177 243 4245 *)
261 4176 477 4230 Similitudinum
499 4176 665 4245 significavit
687 4177 772 4230 etiam
795 4177 990 4247 Bernhardyus
1013 4197 1040 4248 p.
1059 4185 1116 4234 823.
1154 4179 1293 4248 Compara

148 4287 213 4324 clun
236 4270 343 4324 latinis:
384 4274 528 4337 Tragoedia
549 4275 663 4324 dissolvit
685 4276 758 4324 ailam
780 4283 889 4340 propter
912 4278 1036 4336 dolorem,
1061 4278 1189 4327 comoedia
1212 4284 1293 4325 aulem

148 4370 226 4430 eripit
238 4370 360 4419 iacentem
378 4374 487 4432 propter
505 4375 623 4420 menium.
648 4375 739 4430 salpra
757 4370 869 4418 delectat
885 4376 995 4432 propter
1008 4371 1175 4419 demulcentes
1188 4371 1293 4417 animum

204 4467 248 4502 ra.
269 4468 434 4502 siracusam
454 4467 597 4501 oruscors
619 4469 637 4501 r.
1070 4450 1090 4512 9
