2896 4996
489 318 536 364 oa
560 317 629 365 cao
653 317 697 365 nr
720 316 863 364 emona.
1183 298 1245 362 619

105 493 202 557 quam
224 471 316 554 quale
338 471 417 535 illud
439 475 497 554 est,
521 493 617 554 supra
640 471 705 534 iam
726 470 884 533 elevatum
907 474 927 549 ξ
953 470 1007 552 12,
1036 469 1119 552 quod
1146 468 1245 548 Ὠροε

106 581 246 645 nominis
269 581 439 666 vestigium
462 585 494 645 et
516 582 584 644 leve
606 585 639 645 et
660 581 760 644 fallax
784 582 888 644 exstat
911 580 945 643 in
965 578 1134 662 Excerptis
1157 578 1245 642 Pari-

106 691 198 756 sinis
243 690 311 766 Quo
332 692 418 755 haud
440 692 505 756 scio
528 714 570 755 an
592 691 748 755 infirmius
776 691 873 754 etiam
901 693 1029 774 petatur
1057 711 1095 753 ex
1118 688 1246 753 Orionis

107 801 146 865 de
169 802 267 882 ἁβρόε
289 802 455 865 notatione
477 824 509 884 p.
533 804 563 884 3,
591 803 644 865 11:
667 802 686 866 ὁ
709 802 842 882 κούφως
865 801 1003 881 βαίνων,
1031 801 1110 864 κατὰ
1138 800 1246 878 (τέμη-

107 934 154 978 ειν
188 916 247 977 τοῦ
281 912 409 991 βάρους.
458 913 563 977 οὕτω(
591 913 626 977 ἐν
655 912 854 992 ὑπομνήματι
882 912 1110 991 Ἀνακρέοντα(
1138 909 1243 990 εὗρον.
1262 924 1295 975 35

106 1023 284 1101 Ὅμηρος.
326 1024 414 1102 παρὰ
439 1024 478 1086 τὸ
505 1022 584 1088 ἄνευ
613 1023 681 1103 βία(
715 1022 854 1101 αίρεεθαι
881 1044 906 1086 κ.
933 1044 958 1086 τ.
987 1024 1015 1084 λ.
1066 1020 1105 1084 In
1133 1020 1246 1104 quibus

106 1131 252 1215 quamvis
268 1130 395 1195 indocte
411 1132 627 1215 importunum
642 1136 755 1216 poetae
770 1154 889 1196 nomen
910 1131 1064 1194 deleverit
1085 1153 1157 1194 cum
1171 1131 1246 1193 Lar-

108 1242 204 1305 chero
227 1239 384 1323 Sturzius,
413 1246 523 1306 tamen
549 1243 717 1326 quominus
747 1243 780 1306 in
802 1244 821 1308 ὁ
844 1244 876 1307 δ’
899 1242 1015 1321 Ὠροε
1043 1241 1121 1304 illud
1144 1244 1246 1304 verta-

107 1373 177 1414 mus
201 1351 257 1435 (cf.
274 1351 498 1416 Tittmannum
512 1353 547 1416 in
563 1353 639 1417 Zon.
658 1376 689 1436 p.
709 1353 790 1417 1139
805 1376 837 1416 n.
854 1353 927 1438 63),
950 1351 1120 1436 ingeniosa
1140 1351 1246 1433 prohi-

107 1461 163 1524 bet
183 1459 288 1525 Bastii
311 1462 493 1526 coniectura
515 1464 550 1527 in
573 1463 764 1547 Gregorium
785 1486 817 1546 p.
841 1463 915 1527 576.
1142 1449 1148 1457 ¹

632 1745 652 1824 s
677 1743 726 1806 19.

193 1901 332 1965 Tarrtum
355 1902 481 1986 quidem
503 1903 542 1966 de
565 1904 720 1967 Orione.
765 1903 805 1966 ln
832 1903 909 1967 Oro
935 1902 1021 1965 enim
1042 1902 1165 1984 reliqua
1186 1902 1248 1965 dis-

108 2012 235 2094 putatio
263 2014 366 2076 omnis
394 2013 582 2077 versabitur.
628 2012 723 2077 Cuius
751 2013 966 2075 diversissima
995 2015 1090 2094 atque
1119 2011 1248 2076 Orionis

108 2122 192 2185 ratio
220 2126 269 2185 est
290 2125 323 2185 et
344 2123 461 2204 virtus,
490 2127 526 2187 ut
553 2144 633 2206 quae
661 2145 727 2188 non
754 2122 876 2186 utiliter
904 2125 1092 2186 conservata
1120 2124 1188 2184 arte
1217 2124 1249 2184 ct

108 2231 149 2293 ad
176 2234 320 2313 posteros
348 2236 528 2317 propagata
557 2233 774 2314 contineatur,
809 2232 865 2295 sed
892 2232 1002 2295 eadem
1029 2254 1095 2296 non
1123 2231 1248 2315 vulgari

108 2344 142 2402 et
162 2340 295 2424 ingenio
317 2345 350 2405 et
371 2342 518 2408 doctrina
541 2346 698 2426 promota.
743 2341 834 2417 Quod
855 2346 891 2405 ut
920 2342 966 2405 ita
989 2363 1057 2406 esse
1079 2341 1248 2425 intellege·
1282 2340 1286 2344 ’

108 2454 171 2531 tur,
195 2454 323 2534 praeter
346 2455 461 2535 cetera,
485 2457 563 2537 quot
584 2453 754 2537 qualesque
777 2451 852 2535 sint,
880 2474 958 2536 quos
980 2452 1100 2535 scripto
1124 2451 1247 2535 consig-

108 2560 197 2622 narit
218 2560 315 2624 libros
342 2563 585 2646 grammaticos,
614 2562 830 2646 quaerendum
858 2565 916 2626 est.
962 2560 1101 2636 Quorum
1128 2562 1249 2646 gravis-

109 2669 206 2733 simos
230 2690 246 2732 e
268 2671 523 2736 testimoniorum
545 2672 749 2736 multitudine
777 2672 873 2736 facile
896 2672 1097 2756 intellegitur
1119 2693 1187 2735 esse
1211 2670 1249 2735 de

109 2778 405 2863 orthographia
434 2785 466 2846 et
492 2782 531 2846 de
558 2781 731 2845 ethnicis
755 2783 1009 2846 commentarios.
1054 2783 1104 2845 Ac
1126 2782 1164 2844 de
1186 2781 1250 2844 illis

109 2888 190 2952 haec
217 2889 343 2971 prodita
371 2895 446 2955 sunt
473 2913 511 2955 ex
539 2891 762 2976 Etymologico
790 2891 936 2956 Parisino
958 2914 991 2954 n.
1015 2891 1100 2955 2630
1127 2890 1247 2953 Adnot.

109 2999 145 3061 in
167 2997 221 3061 at.
246 2998 289 3062 M.
314 3022 345 3083 p.
370 3002 431 3066 793
454 3001 592 3086 itemque
615 3001 793 3066 Hauniensi
815 3024 847 3085 p.
872 3002 950 3083 981,
968 2999 1054 3084 ‘quae
1075 3001 1249 3084 neglegen-

110 3107 234 3171 tissime
261 3108 422 3194 descripta
449 3112 548 3175 habes
575 3113 610 3175 in
637 3112 745 3176 Koesii
779 3134 817 3175 ex
846 3111 956 3175 eodem
984 3111 1040 3174 illo
1066 3109 1170 3194 Regio
1198 3132 1249 3173 ex-

110 3218 229 3300 cerptis
262 3241 294 3301 p.
321 3221 395 3303 192,
430 3223 486 3304 35,
526 3223 669 3306 graviter
708 3203 857 3305 corrupta
895 3224 1002 3285 autem
1034 3221 1069 3283 in
1102 3220 1249 3285 Gudiano

109 3351 142 3411 p.
166 3327 244 3409 415,
267 3328 324 3393 45:
361 3331 517 3411 ὁμέντοι
544 3332 658 3413 Ὠροε
687 3333 727 3398 ἐν
762 3338 805 3417 τῇ
840 3332 966 3414 οἰκείᾳ
997 3331 1249 3415 ὀρθογραφίᾳ

110 3441 162 3503 διὰ
184 3445 240 3519 τῆ(
268 3444 294 3506 ε“ι
322 3442 501 3522 οιφθόγγου
528 3444 661 3523 γράφει,
688 3444 729 3508 ἐν
759 3444 800 3506 δὲ
830 3449 881 3526 τῷ
912 3441 1161 3521 ὑπομνήματι
1184 3446 1249 3520 τῆ(

109 3551 383 3630 ὀρθογραφίαε
405 3556 474 3617 τοῦ
496 3554 739 3631 Ήρωοιανοῦ
756 3553 906 3633 ἐπικρίνει
921 3555 979 3632 τὴν
997 3553 1049 3617 διὰ
1063 3555 1249 3631 τοῦῖγρα-

108 3661 186 3740 φήν.
230 3659 259 3723 Ε
286 3660 399 3744 quibus
427 3683 498 3725 cum
525 3661 559 3725 in
587 3662 763 3726 Herodiani
797 3662 1061 3746 orthographiam
1093 3662 1250 3746 singulari

107 3770 193 3833 libro
216 3773 465 3835 commentatum
487 3794 555 3836 esse
578 3772 743 3856 discimus,
778 3777 847 3837 tum
874 3775 986 3856 suopte
1015 3771 1147 3836 consilio
1175 3793 1249 3836 ean·

105 3880 183 3944 dem
216 3881 281 3943 alia
314 3881 486 3965 scriptione
520 3883 727 3966 complexum.
779 3882 827 3946 Elo
858 3883 959 3968 igitur
992 3886 1133 3967 spectat,
1167 3882 1249 3965 quod

104 3991 195 4074 apud
224 3989 382 4054 Zonaram
408 4015 439 4075 p.
466 3994 548 4057 1010
575 3994 694 4078 legitur
722 3994 821 4074 Ὠρο(
850 3994 868 4058 ὁ
897 3994 1048 4072 Mirtum
1075 3994 1111 4059 ἐν
1138 3999 1175 4077 τῇ
1199 3993 1249 4058 οἰ-

101 4102 195 4183 κείᾳ
227 4101 327 4165 αὐτοῦ
360 4103 571 4187 ὀρθογραφίᾳ.
626 4103 721 4167 Hanc
754 4106 860 4167 autem
894 4103 1071 4188 significari
1103 4106 1248 4187 apparet,

99 4213 300 4295 ubicumque
333 4212 521 4295 simpliciter
553 4214 610 4278 Ori
642 4213 873 4299 orthographia
901 4217 1178 4294 commemoretur,
1215 4213 1250 4276 in

94 4325 218 4408 Etym.
246 4320 291 4395 M.
316 4344 347 4404 p.
372 4323 449 4405 816,
479 4324 537 4387 38;
587 4323 692 4389 οὕτω(
727 4324 824 4404 εὗρον
858 4324 901 4390 εἰ(
934 4327 992 4404 τὴν
1025 4325 1248 4405 ὀρθογραφίαν
