2948 4996
503 306 625 360 namet
647 306 811 359 cononm.
1162 291 1223 358 401

85 463 165 530 dior.
200 461 270 540 Qua
291 460 419 548 quidem
440 463 533 527 laude
555 462 753 547 propositum
776 461 1054 528 aSchneidewino
1076 466 1226 544 νεώρη(

86 576 198 661 (vulgo
220 576 358 658 νεωρήε)
381 595 583 658 nequaquam
603 596 763 657 ornamus,
788 573 936 658 quodid,
960 573 1013 638 vix
1036 574 1185 639 differens
1207 598 1227 639 a

85 687 230 767 νέορτο(,
253 683 474 748 tantummodo
496 684 644 749 derebus
667 684 787 749 dictum
810 706 878 749 esse
900 684 1025 748 videtur
1046 688 1082 748 ut
1104 687 1227 766 νεώρη(

87 798 278 877 βόετρυχοε,
306 796 411 876 φόβο(
438 797 577 874 νεώρηε,
605 801 725 874 νεῶρε(
754 799 857 874 πῆμα,
892 793 930 857 de
957 793 1139 887 hominibus
1161 820 1227 861 non

86 907 175 989 Item,
199 905 341 969 omnium
356 907 461 968 autem
484 904 616 993 minime
639 904 677 968 de
700 905 882 969 hominibus
904 905 1069 968 iuventute
1091 899 1227 964 valenti-

86 1017 155 1080 bus.
201 1015 292 1079 Idem
318 1014 404 1079 haud
431 1014 526 1079 dubie
548 1015 583 1079 in
605 1036 700 1095 νεοχ
708 1017 776 1095 μό(
799 1015 895 1098 cadit,
920 1015 955 1078 in
977 1014 1060 1098 quod
1082 1013 1227 1078 novimus

87 1126 140 1210 qui
168 1125 340 1189 incideret:
376 1147 454 1188 nam
480 1127 575 1206 Ἄρη(
597 1127 735 1205 νεοχμό(
757 1127 902 1205 ἐμπεεὼν
925 1130 1048 1210 (τρατῷ
1076 1124 1164 1188 Ionis
1185 1123 1226 1188 fr.

87 1237 129 1299 63
150 1258 182 1319 p.
205 1236 268 1301 577
290 1234 332 1300 N.
361 1257 428 1299 non
445 1230 504 1299 ⁴est
532 1235 676 1319 profecto
704 1235 786 1299 alius
813 1235 877 1298 nisi
903 1238 979 1301 νέό(
1007 1236 1164 1318 πόλεμοε,
1193 1235 1228 1298 in

87 1345 258 1429 Antigona
280 1349 387 1409 autem
409 1345 578 1436 Sophoclis
598 1345 652 1430 qui
673 1346 838 1409 ferebatur
860 1368 888 1409 v.
916 1346 975 1410 156
999 1347 1142 1426 βαειλεὺ(
1164 1347 1227 1425 χω·

87 1477 146 1536 ρα(
170 1456 281 1536 Κρέων
304 1456 525 1521 ὁΜενοικέω(
547 1457 684 1534 νεοχμὸ(
706 1459 848 1537 νεαραῑτι
870 1460 954 1521 θεῶν
977 1456 1029 1520 ἐπὶ
1051 1455 1228 1535 (υντυχίαω

86 1570 217 1648 χωρῶν,
242 1569 275 1629 et
295 1587 406 1631 recens
429 1566 534 1649 potius
557 1588 652 1649 quarn
674 1565 798 1630 iuvenis
821 1565 1082 1650 interpretandus
1105 1569 1175 1630 erat
1197 1569 1229 1629 et

87 1676 185 1741 cessit
206 1698 293 1741 nuno
314 1675 473 1759 probabili
496 1675 654 1739 Dindorfii
677 1676 895 1741 emendationi
917 1680 1079 1757 νεοχμοῑει
1102 1704 1133 1711 -
1157 1697 1228 1742 (υν-

85 1786 222 1866 texture,
260 1786 293 1849 id
329 1786 412 1869 quod
448 1786 517 1869 ipso
554 1791 694 1866 νεαραῑει
737 1787 929 1871 glossemate
966 1787 1132 1870 expulsum
1168 1790 1226 1850 est.
1248 1799 1295 1848 ιἰιι

86 1896 258 1962 Simillimo
280 1899 447 1979 perspecto
469 1896 662 1980 glossemate
685 1898 830 1983 (νεαρᾶε)
858 1897 900 1960 ab
931 1895 1041 1961 eodem
1062 1895 1229 1961 Dindorfio

86 2007 123 2070 in
146 2005 224 2071 Oed.
249 2006 316 2071 Col.
340 2029 370 2070 v.
390 2006 455 2071 475
476 2006 659 2070 restitutum
683 2007 752 2072 οἰὸ(
774 2010 912 2072 νεαλοῦ(
933 2028 1063 2070 monere
1085 2006 1124 2070 de
1146 2029 1229 2073 νεα-

86 2119 155 2195 λή(
179 2138 254 2179 voce
277 2120 393 2200 potest.
438 2115 523 2180 Nam
546 2116 604 2180 etsi
628 2116 695 2180 illic
717 2138 795 2180 sane
816 2139 883 2181 non
906 2117 970 2181 alia
991 2117 1055 2180 nisi
1077 2117 1227 2181 ‘novella’

85 2226 156 2291 ovis
172 2226 343 2310 cogitatur,
367 2247 427 2290 nec
449 2227 526 2290 alibi
549 2226 634 2289 aliud
657 2227 720 2289 nisi
743 2233 866 2291 ‘recens
882 2231 914 2291 et
930 2228 1117 2313 integrum,
1141 2228 1228 2291 velut

86 2359 161 2402 cum
181 2336 277 2402 ἵπποι
298 2337 348 2400 vel
375 2339 523 2416 πολέμιοι
550 2337 616 2401 sive
645 2342 829 2418 (τρατιῶται
856 2340 979 2403 νεαλεῐ(
1008 2340 1058 2404 καὶ
1086 2339 1228 2418 ἀκέραιοι

85 2447 140 2511 vel
179 2447 327 2526 ἀήττητοι
365 2446 515 2511 dicuntur
549 2447 624 2532 (quo
658 2447 756 2511 etiam
788 2447 1012 2532 Xenophontis
1049 2449 1229 2532 exemplum

86 2557 204 2640 Cyrop.
220 2556 312 2639 VIII,
331 2558 362 2639 6,
381 2560 419 2623 17
442 2558 594 2641 pertinet,
617 2580 684 2622 non
705 2561 792 2622 recte
810 2558 854 2622 ad
877 2564 936 2624 τοῦ
958 2561 1037 2649 νέου
1059 2561 1110 2624 καὶ
1132 2560 1226 2639 ἀκμά·

86 2674 205 2735 Ζοντο(
238 2667 402 2731 notionem
431 2667 614 2732 traductum
641 2691 660 2731 a
683 2667 824 2752 Bergkio
852 2670 887 2733 in
914 2669 1081 2753 Aristoph.
1109 2671 1228 2755 fragm.

87 2800 120 2861 p.
147 2777 260 2862 1101):
294 2780 403 2841 tamen
424 2777 478 2840 vix
501 2778 601 2841 ullum
628 2778 823 2842 dubitationi
850 2780 956 2844 locum
983 2780 1136 2863 relinquit
1158 2781 1229 2844 Ari·

87 2886 257 2971 stophanis
285 2887 320 2950 in
341 2888 493 2951 Lemniis·
510 2910 617 2952 versus
645 2888 729 2972 apud
757 2888 908 2952 Photium
934 2912 966 2972 p.
990 2890 1069 2971 290,
1099 2890 1138 2952 16
1166 2891 1229 2956 ἕω(

87 2998 206 3077 νεαλή(
234 2998 314 3063 ἐετιν
338 2999 438 3077 αὐτὴν
465 3001 522 3078 τὴν
551 2999 667 3079 ἀκμήν,
701 3021 763 3082 quo
796 2999 859 3063 iam
887 2999 1064 3063 Lobeckius
1092 3021 1166 3063 usus
1195 3001 1229 3063 in

88 3107 211 3190 Phryn.
235 3130 267 3190 p.
290 3109 363 3173 375.
408 3107 455 3172 Vt
475 3109 576 3172 multo
599 3109 714 3172 saltem
735 3109 932 3191 probabilius
955 3109 994 3173 de
1016 3109 1077 3173 hoc
1100 3110 1229 3174 nomine

88 3241 186 3302 quam
208 3218 247 3282 de
262 3219 416 3286 νεάζων
440 3218 609 3302 participio
633 3240 704 3282 cum
720 3217 964 3284 Schneidewino
980 3221 1112 3304 cogites.
1144 3218 1228 3284 Nam

88 3332 122 3392 el
146 3349 217 3392 eum
244 3330 282 3393 τι
304 3331 419 3396 aoros
448 3328 601 3393 Deianira
630 3329 709 3392 oica
736 3305 888 3392 bretun.
915 3329 976 3392 114
1003 3329 1036 3393 n.
1065 3351 1092 3393 e.
1122 3332 1141 3408 ἡ
1171 3334 1229 3396 νέα

88 3438 194 3517 ἡλικία
215 3438 389 3503 scholiasta
411 3438 598 3521 interprete,
628 3442 661 3503 et
683 3461 754 3503 cum
776 3438 955 3503 Menander
977 3440 1022 3504 ὡ(
1044 3441 1103 3519 ἡδὺ
1126 3447 1229 3525 πρᾷο(

88 3551 139 3613 καὶ
168 3551 294 3616 νεάζων
321 3556 368 3634 τῷ
398 3550 509 3634 τρόπῳ
538 3551 641 3629 πατήρ
668 3550 709 3612 fr.
736 3549 797 3613 190
825 3549 933 3634 (191),
970 3548 1230 3616 ‘iuvenescendi'

88 3658 179 3721 notio
201 3659 310 3722 subest
331 3659 382 3722 vel
405 3657 641 3723 ‘adulescendi‘
672 3659 781 3743 (atque
807 3658 1054 3721 ‘adulescentem
1076 3653 1229 3718 moribus’

88 3769 124 3832 in
147 3768 243 3831 simili
266 3766 476 3832 Menandriae
498 3770 658 3833 sententia
682 3769 815 3832 Plautus
838 3768 919 3831 dixit
940 3767 1009 3831 Mil.
1034 3766 1114 3850 glor.
1137 3764 1229 3848 661J:

87 3877 174 3941 unde
200 3879 239 3942 fit
259 3882 295 3942 ut
322 3879 565 3960 μειρακιεύε(θαι
592 3880 689 3943 verbo
717 3882 840 3943 veteres
867 3878 1059 3961 interpretes
1086 3878 1228 3955 utantur,

88 4010 263 4072 numquam
296 3989 342 4052 eis
368 3989 482 4073 quibus
511 3993 626 4074 vegeta
653 3993 686 4052 et
713 3990 844 4053 robusta
872 3988 1021 4052 iuventus
1050 3986 1231 4050 declaratur

87 4098 120 4161 h.
146 4120 174 4161 e.
204 4099 254 4162 vel
282 4100 363 4179 ἡβᾶν
392 4099 441 4162 vel
471 4100 628 4180 ἀκμάζειν.
674 4098 757 4162 llam
790 4102 897 4162 autem
929 4098 1033 4181 ipsam
1066 4096 1231 4160 notionem

87 4209 208 4293 requiri
236 4212 271 4272 ut
293 4207 377 4293 quod
398 4209 536 4272 maxime
558 4209 742 4273 Dindorfius
771 4209 872 4271 sensit
900 4206 1073 4294 verissime.
1118 4206 1230 4289 ltaque

86 4341 200 4383 omncs
234 4319 310 4383 huic
339 4341 488 4383 numeros
516 4320 660 4383 verItatis
688 4318 806 4382 habere
839 4318 918 4381 haec
951 4317 1132 4380 emendatio
1163 4316 1231 4379 visa

140 4439 185 4475 ns.
205 4439 374 4475 ιιιτεριιειιι
394 4439 541 4475 οτιιιωιιιιι
562 4440 580 4479 ι,
986 4420 1028 4482 26
