3014 5010
445 348 491 394 nn
515 348 606 393 sinn.
630 347 735 393 annu.
758 347 802 393 nr
824 347 1038 395 nrsrsrnaro.
1251 331 1310 395 155

171 501 265 563 sitam
293 525 313 563 a
345 499 528 563 doctissimo
556 519 685 561 censore
715 520 916 562 numerorum
944 499 1152 562 mutationem
1181 501 1308 581 attinet,

170 630 232 694 age
252 610 306 672 fac
335 607 361 689 β’
384 609 532 688 μυριάδες
554 631 573 670 a
595 607 711 670 Tzetza
733 607 888 689 scriptum
911 629 989 671 esse.
1021 607 1080 671 Vel
1109 610 1188 672 hoec
1210 609 1310 672 nimia

80 792 85 798 .
170 718 383 781 miscellorum
411 720 538 780 tantum
566 716 709 780 codicum
737 716 838 780 videri
866 717 1035 780 multitudo
1063 720 1177 799 potest.
1228 718 1309 792 Quid

169 832 276 891 autem
299 827 414 891 deinde
429 825 703 890 consecuturum?
723 825 882 888 Nimirum
904 825 1024 888 utalia
1046 847 1084 888 ex
1107 830 1198 908 parte
1213 826 1309 890 etiarn

169 941 342 1021 augeatur,
376 936 458 1020 quod
485 936 540 998 ille
569 935 674 998 levare
707 934 828 998 studuit
859 934 1103 998 incommodum.
1154 935 1311 1000 Minuitur

169 1046 366 1109 voluminum
403 1045 494 1128 copia
530 1045 677 1108 universa
712 1044 890 1127 promiscue
927 1046 1181 1127 computatorum
1212 1049 1245 1108 et
1275 1046 1309 1109 in

170 1177 267 1218 unam
296 1176 451 1218 summam
485 1154 703 1217 collectorum:
736 1158 872 1237 augetur
896 1153 1094 1236 singulorum
1121 1153 1311 1236 scriptorum

169 1264 360 1346 frequentia.
398 1263 483 1327 Nam
505 1284 577 1327 eum
598 1263 665 1326 fere
689 1263 851 1345 complura
867 1262 1011 1345 exempla
1032 1263 1126 1326 unius
1147 1263 1311 1346 scriptoris

170 1373 389 1436 Alexandriae
416 1372 576 1436 exstitisse
603 1370 829 1454 Bernhardyus
862 1374 977 1455 neget,
1011 1376 1147 1454 apparet
1176 1372 1215 1435 de
1243 1373 1310 1436 eius

150 1482 452 1565 interpretatione,
483 1503 700 1565 quemcunque
723 1502 889 1544 numerum
911 1481 943 1543 in
967 1478 996 1560 μ’
1019 1483 1181 1562 μυριάδων
1206 1482 1310 1545 locum

169 1591 386 1671 substituens,
409 1591 506 1673 longe
528 1591 619 1674 plura
642 1612 736 1672 quam
758 1590 914 1674 nonagies
932 1588 1019 1652 mille
1041 1590 1161 1673 scripta
1183 1591 1311 1675 singula
1329 1606 1361 1655 38

170 1701 270 1780 effici,
294 1700 407 1783 quibus
429 1699 555 1782 quidem
578 1699 722 1763 contenti
736 1721 795 1762 nos
817 1699 986 1763 fueramus.
1025 1699 1189 1763 Postremo
1205 1703 1311 1764 autem

170 1808 407 1873 confirmandae
434 1809 692 1891 interpretationi
715 1829 790 1871 suae
813 1808 879 1871 eius
903 1809 988 1872 modi
1011 1813 1235 1893 argumentum
1258 1810 1311 1873 ad·

169 1918 289 1999 hibuit,
319 1918 407 1982 euius
434 1920 575 1980 extrema
603 1917 645 1979 sit
672 1916 885 1980 imbecillitas.
935 1918 1025 1980 luter
1058 1919 1191 1983 πίνακας
1225 1919 1310 1982 enim

169 2026 400 2092 Callimacheos
423 2026 519 2089 fuisse
543 2026 639 2089 etiam
661 2027 778 2091 πίνακα
803 2031 1023 2093 παντοδαπῶν
1047 2030 1309 2108 ςυγγραμμάτων;

169 2159 263 2219 quem
290 2136 429 2199 indicem
458 2135 496 2198 ad
525 2136 610 2217 ipsos
639 2135 762 2199 codices
791 2136 948 2199 miscellos
976 2141 1120 2218 spectare
1148 2138 1208 2201 sibi
1240 2160 1309 2220 per-

169 2247 279 2309 suasit.
311 2244 430 2309 Verum
460 2244 545 2308 enim
573 2265 647 2306 vero
674 2245 771 2328 longe
799 2244 863 2307 alia
888 2244 970 2307 ratio
992 2249 1042 2308 est
1062 2245 1147 2309 illius
1169 2248 1310 2313 πίνακος.

170 2354 244 2418 Non
267 2355 355 2418 enim
377 2376 396 2416 a
417 2353 538 2416 formae
562 2352 819 2437 condicionisque
842 2357 992 2417 externae
1020 2355 1204 2419 diversitate
1227 2356 1310 2420 codi-

170 2486 241 2527 cum
274 2463 452 2545 profectam
485 2483 553 2525 esse
587 2461 675 2524 illam
703 2463 847 2528 πινάκων
880 2462 1151 2545 distributionem,
1186 2465 1240 2528 sed
1269 2468 1310 2529 ab

169 2574 310 2655 ipsorum
332 2571 502 2655 generibus
524 2575 800 2653 argmnentorum,
824 2593 895 2635 cum
917 2572 1051 2636 aliorum
1074 2576 1310 2657 comparatione

168 2683 314 2747 πινάκων
331 2679 546 2763 intellegitur:
561 2680 824 2762 quemadmodum
840 2681 962 2744 exstitit
976 2682 1070 2749 πίναξ
1086 2684 1149 2765 (vel
1165 2685 1309 2769 πίνακες)

168 2796 235 2856 τῶν
250 2791 376 2870 νόμων,
398 2790 492 2856 πίναξ
508 2789 588 2873 (sive
603 2790 789 2873 ἀναγραφὴ)
805 2795 871 2856 τῶν
887 2791 1079 2869 ῥητορικῶν,
1100 2793 1228 2858 πίνακες
1243 2799 1309 2861 τῶν

168 2906 313 2978 ποιητῶν
336 2901 585 2981 (διδαςκαλιῶν);
609 2902 678 2961 tum
700 2900 816 2963 certius
839 2899 936 2963 etiam
952 2920 990 2962 ex
1012 2901 1146 2964 servatis
1163 2907 1221 2967 τοῦ
1243 2909 1310 2968 τῶν

168 3012 389 3074 παντοδαπῶν
410 3007 603 3071 testimoniis
625 3012 769 3090 apparet.
814 3009 1000 3071 Athenaeus
1028 3008 1105 3071 XIV
1128 3032 1159 3091 p.
1183 3011 1244 3074 843
1267 3017 1309 3074 E:

169 3118 245 3182 οῖδα
265 3120 301 3182 δὲ
323 3119 374 3181 καί
397 3117 596 3196 Καλλίμαχον
618 3119 654 3184 ἐν
675 3124 722 3202 τῷ
744 3121 809 3184 τῶν
824 3122 1045 3183 παντοδαπῶν
1060 3120 1310 3199 ςυγγραμμάτων

168 3228 275 3292 πίνακι
298 3227 532 3306 ἀναγράψαντα
547 3228 839 3306 πλακουντοποιικὰ
862 3228 1084 3307 ςυγγράμματα
1099 3228 1237 3306 Αἰγιμίου
1260 3232 1310 3293 καί

167 3339 366 3415 Ἡγηςίππου
393 3336 443 3399 καλ
466 3335 664 3415 Μητροβίου,
692 3337 738 3401 ἔτι
765 3339 800 3401 δὲ
823 3336 950 3400 Φαίτου.
997 3336 1142 3420 Apparet
1162 3358 1227 3399 non
1255 3337 1310 3401 ba·

169 3444 275 3507 buiase
297 3441 544 3524 Callimachum,
569 3445 619 3507 cui
642 3448 747 3508 certae
770 3443 864 3509 classi
886 3445 981 3527 talia,
1005 3446 1111 3528 qualia
1133 3449 1208 3509 sunt
1230 3450 1310 3511 πλα-

168 3554 410 3628 κουντοποιικὰ,
440 3552 610 3635 tribueret,
639 3575 711 3617 cum
733 3555 850 3618 necin
877 3554 1037 3617 historicis
1064 3558 1171 3637 posset
1193 3578 1252 3619 nee
1275 3557 1309 3619 in

168 3661 398 3745 philosophicis
420 3683 481 3725 nec
503 3662 537 3725 in
560 3662 726 3727 rhetoricis
749 3663 839 3726 libris
862 3663 939 3726 satis
962 3667 1037 3746 apte
1059 3664 1187 3728 referre.
1228 3665 1308 3730 Con-

169 3771 246 3834 iecit
268 3771 367 3854 igitur
394 3793 459 3834 una
487 3793 558 3834 cum
585 3772 729 3855 reliquia,
760 3773 846 3837 ὅςοις
874 3777 1016 3839 δεῖπνα
1041 3773 1185 3853 septaes
1214 3773 1306 3857 (Ath.

168 3878 216 3941 vl
239 3901 270 3962 p.
293 3879 358 3942 244
380 3881 436 3962 A),
465 3880 499 3942 in
523 3902 687 3945 commune
715 3882 842 3965 aliquod
865 3887 898 3946 et
919 3881 1202 3945 diversissimorum
1226 3905 1308 3946 com-

168 3989 398 4051 mentariorum
427 4010 528 4070 capax
558 3994 719 4069 horreum,
749 3993 832 4074 qnod
854 3992 1047 4058 παντοδαπά
1068 3991 1247 4074 inscripsit:
1277 3993 1306 4055 id

168 4097 252 4181 qnod
280 4097 350 4159 fieri
378 4097 532 4180 hodieque
561 4099 711 4162 videmus.
761 4100 801 4163 In
833 4101 888 4164 illo
921 4102 1020 4185 igitur
1054 4101 1209 4165 collocata
1240 4124 1307 4164 esse

168 4207 267 4269 etiam
289 4205 476 4269 brevissima
498 4208 658 4272 volumina
680 4212 852 4291 potuerunt
867 4232 926 4274 nec
943 4210 1006 4273 nisi
1021 4233 1118 4274 unam
1140 4211 1307 4293 scriptiun-

169 4315 273 4378 culam
297 4315 479 4398 complexa,
502 4321 537 4379 ut
552 4316 803 4402 Chaerephontis
826 4319 880 4381 ille
896 4319 1054 4400 Gyrebion
1077 4320 1160 4400 apud
1183 4318 1260 4381 Ath.
1284 4319 1305 4381 l.
