2904 4996
232 335 293 398 762
514 349 547 395 s.
571 349 756 395 saratinum
780 348 826 394 nn
851 349 882 394 A.
906 348 938 395 r.
961 322 1084 395 uranu

231 504 305 566 dum
328 502 357 566 N
362 502 488 566 celsium
510 524 600 565 suum
618 501 817 565 Godofredus
832 500 1038 565 Hermannus
1061 502 1101 565 de
1123 503 1211 567 illius
1233 503 1361 568 ‘Schedis

232 614 364 677 criticis'
388 613 524 696 scriptas
547 612 650 694 dedit,
680 613 741 675 etsi
763 611 920 695 quaedam
942 633 980 675 ex
1003 611 1053 675 his
1076 613 1142 677 iam
1165 636 1184 677 a
1207 613 1363 679 Welclrero

231 727 382 807 excerpta
415 723 600 787 videbamus
631 723 666 785 in
703 722 872 805 Opusculis
904 720 1082 786 Naekianis
1120 722 1256 788 Bonnae
1290 748 1308 788 a
1335 747 1364 789 se

230 834 324 898 editis
352 856 437 897 anno
463 832 559 915 1842,
589 836 699 896 tamen
721 854 787 896 non
809 833 878 896 fore
906 832 1115 897 iniucundum
1142 835 1248 899 visum
1274 838 1319 900 est
1342 836 1365 899 si

73 928 76 934 ¹
133 984 138 989 —
229 945 311 1008 tales
334 944 444 1027 quales
466 943 647 1027 scripsisset
668 942 874 1007 Hermauuus
898 944 1082 1028 legerentur
1109 945 1271 1030 integrae.
1312 945 1366 1010 Ilo

131 1043 133 1047 ’
230 1076 290 1139 que
313 1054 430 1118 rectius
451 1053 638 1118 Naekianae
661 1053 862 1138 potissimum
884 1053 1012 1117 virtutis
1028 1055 1218 1118 memoriam
1241 1056 1367 1120 redinte

230 1165 318 1249 grari
340 1164 401 1228 hoc
423 1164 492 1246 ipso
514 1163 666 1246 temporis
682 1166 844 1227 momento
860 1163 1128 1247 existimavimus,
1153 1187 1216 1249 quo
1233 1166 1289 1230 illa
1303 1189 1368 1231 con·

229 1274 368 1338 iunctior
392 1277 440 1337 est
463 1295 534 1338 cum
557 1274 625 1337 eius
648 1274 706 1337 viri
729 1277 761 1337 et
783 1274 968 1358 gratissima
996 1278 1028 1338 et
1050 1273 1368 1341 honorificentissima

232 1385 445 1470 cogitatione,
476 1385 530 1467 qui
554 1406 624 1448 oum
646 1406 703 1466 per
730 1387 881 1467 quattuor
908 1384 1009 1449 ferme
1037 1386 1212 1449 lustrorum
1241 1388 1370 1470 spatium

231 1498 263 1559 et
299 1494 439 1558 muneris
471 1495 639 1579 conlegam
671 1495 928 1559 strenuissimum
967 1499 1000 1558 et
1037 1496 1370 1581 intellegentissimum

232 1605 435 1670 consiliorum
458 1605 578 1669 socium
600 1605 704 1688 ipsum
726 1603 884 1669 Naekium
908 1605 1072 1688 habuerit,
1099 1628 1188 1670 nunc
1212 1607 1249 1671 in
1271 1629 1307 1671 eo
1328 1612 1371 1671 est

230 1719 266 1779 ut
287 1738 410 1779 summa
434 1737 506 1779 cum
533 1715 636 1799 gloria
664 1717 847 1780 transactae
875 1715 961 1779 vitae
989 1716 1159 1780 sollemnia
1187 1718 1371 1782 semissem·

231 1827 311 1891 laria
333 1826 483 1909 gaudeat,
507 1825 690 1890 Farnaaror
705 1826 911 1906 Tsaoruuu
934 1826 1131 1890 Wnnonnai
1155 1829 1276 1912 nostri,
1305 1852 1372 1893 con-

230 1938 323 2021 legae
346 1936 501 2000 carissimi
529 1936 713 2019 clarissimi,
748 1937 923 2000 iuventutis
950 1938 1168 2021 praeceptoris
1196 1940 1372 2003 suavissimi

230 2047 479 2131 religiosissimi,
507 2047 567 2111 viri
595 2047 795 2130 integerrimi
825 2047 1088 2111 constantissimi.
1134 2046 1233 2112 Tales
1266 2050 1371 2134 igitur,

231 2159 339 2241 qtiales
362 2158 448 2221 infra
471 2157 670 2240 scripsimus,
694 2156 874 2221 Hermanni
897 2158 1021 2221 litteras
1043 2156 1171 2222 habete.

411 2762 457 2837 G.
487 2764 800 2838 Hermannus
827 2763 1018 2838 Naekio
1044 2790 1131 2837 suo
1162 2763 1200 2837 S.

317 2973 459 3037 Tandem
494 2975 572 3038 mihi
606 2977 706 3039 otium
741 2975 877 3058 contigit
911 2975 950 3037 ad
984 2974 1245 3039 dissertationem
1277 2980 1376 3056 tuam,

232 3107 347 3147 munus
369 3084 448 3147 mihi
471 3084 704 3168 gratissimum,
730 3085 908 3149 accuratius
932 3083 1200 3168 cognoscendam.
1241 3086 1303 3150 Est
1326 3111 1377 3150 ari·

232 3197 297 3256 tom
320 3217 397 3258 sane
420 3195 485 3258 otio
508 3217 597 3277 opuS,
621 3195 674 3278 qui
697 3196 836 3259 iudicare
859 3194 981 3276 dehis,
1004 3217 1085 3278 quae
1101 3195 1274 3278 scripsisti,
1300 3196 1377 3277 malt,

233 3327 298 3367 non
332 3305 449 3387 solum,
485 3305 567 3388 quod
597 3305 635 3367 de
663 3306 808 3388 plurimis
835 3305 1118 3389 diversissimisque
1153 3305 1251 3369 rebus
1283 3307 1377 3371 disse·

233 3413 341 3496 ruisti,
371 3414 425 3478 sed
449 3415 547 3479 etiam
569 3415 651 3499 quod
675 3416 713 3479 de
735 3416 893 3480 industria
920 3415 1059 3479 breviter
1079 3415 1280 3501 obscureque
1305 3418 1379 3483 scri·

232 3608 431 3616 -q

231 3721 342 3772 vacant.
361 3719 513 3775 Godofredi
526 3721 678 3775 Hermanni
688 3720 823 3789 epistolae
836 3718 994 3789 Lipsiouses
1007 3720 1043 3773 ad
1054 3721 1086 3773 A.
1101 3719 1130 3773 F.
1142 3720 1287 3776 Naekium
1298 3724 1381 3779 datae

232 3813 434 3880 mrtographae.
464 3812 576 3882 lucipit:
596 3817 669 3878 Qum
680 3824 706 3868 tn
718 3819 839 3868 doceridts
851 3817 948 3868 artibus
959 3818 1163 3867 instructissimum
1171 3827 1222 3868 est.
1246 3816 1383 3887 Explicit:

234 3910 283 3958 Mil
302 3913 369 3959 alter
388 3910 466 3960 Liebc
483 3918 547 3960 stela
566 3913 613 3960 der
633 3911 720 3974 Iltrige
740 3912 767 3960 G.
791 3912 929 3960 Hermann.
962 3911 1069 3974 Leipzig
1087 3912 1137 3959 den
1157 3914 1179 3959 7.
1202 3913 1285 3977 April
1306 3919 1384 3966 mat.

233 3999 337 4051 Harum
355 4006 388 4053 36
406 3999 587 4068 epistolarum
606 4018 660 4053 una
678 4001 703 4053 d.
723 3999 750 4053 d.
771 3999 892 4069 ‘Lipsiae
911 3999 936 4053 d.
956 3999 1044 4053 XXVI
1062 3999 1131 4053 Nov.
1151 3997 1383 4058 Clolocecxlr

232 4122 264 4130 -
282 4095 395 4160 practer
412 4092 602 4145 testimonium
620 4093 726 4146 Naekio
741 4093 841 4145 Hulam
859 4092 973 4145 missum
992 4091 1065 4159 qnod
1082 4091 1111 4144 in
1129 4090 1212 4147 initio
1233 4096 1385 4151 voluminis

233 4183 408 4237 conlocamus
426 4187 469 4238 ost
488 4216 519 4223 —
537 4186 633 4252 lingua
651 4185 739 4239 latina
757 4185 912 4255 composita
930 4188 981 4252 est,
999 4184 1143 4239 continens
1162 4185 1216 4241 illa
1228 4189 1386 4245 Hormanui

231 4275 363 4330 iudicium
385 4277 419 4332 do
441 4278 541 4333 Nackii
569 4279 696 4333 ‘Schedia
723 4278 845 4332 criticis’.
891 4278 1017 4348 Scriptae
1041 4285 1105 4331 sunt
1128 4279 1275 4348 epistolae
1306 4286 1385 4338 armis

235 4374 408 4436 lero-1838,
426 4371 612 4428 bibliothecae
631 4373 771 4427 Bomrensi
788 4375 861 4428 dono
880 4372 963 4428 ‹laste›
982 4391 999 4427 a
1017 4371 1165 4428 Wolokoro
1185 4392 1267 4431 ranno
1288 4381 1387 4448 lassa]
