2948 4996
510 342 630 389 sanun
654 341 914 391 scarrionuavs.
1216 326 1280 391 453

139 499 229 560 tatur
240 546 250 579 ‚
283 495 366 558 ratio
404 494 630 576 intercesserit,
665 493 854 578 perdifficile
887 493 974 557 dictu
1007 497 1056 557 est
1087 493 1142 577 (fr.
1176 493 1277 558 XXV.

139 605 276 690 XXVI).
334 609 537 686 Mythicorum
571 625 673 687 pauca
705 625 766 668 neo
797 607 908 686 aperta
941 604 1078 687 vestigia
1111 606 1281 686 supersunt

141 716 196 799 (fr.
220 714 341 778 XXIII.
366 713 505 799 XXIV),
540 719 781 793 Archaeoloqioe
807 713 971 777 obscurior
1004 713 1100 776 etiam
1128 713 1280 776 memoria

141 828 191 889 est
214 825 267 908 (fr.
292 824 364 909 XI).

227 934 275 998 De
296 934 457 998 Pellaeo
480 935 635 1017 scriptore
657 939 799 998 veterum
821 933 1006 997 testimonia
1027 933 1107 996 haec
1130 936 1215 1022 sunt,
1242 946 1313 996 δοῦ

140 1044 263 1126 ordine,
287 1047 442 1128 quatenus
465 1045 498 1107 id
520 1045 595 1108 licet
618 1047 650 1108 et
673 1043 870 1107 commodum
892 1046 956 1126 est,
987 1042 1157 1126 disposita,
1186 1064 1280 1125 quem

141 1153 282 1217 tenuisse
304 1155 338 1217 in
361 1155 459 1237 ipsius
481 1154 697 1218 Macedonicis
723 1154 881 1217 videntur.

228 1264 271 1348 (Ι)
309 1263 538 1329 Constantinus
569 1263 895 1347 Porphyrogennetus
916 1263 955 1327 de
977 1262 1129 1326 thematis
1154 1262 1280 1345 imperii

142 1372 198 1436 lib.
227 1372 270 1454 II,
298 1374 319 1435 2
346 1396 378 1456 p.
401 1373 443 1436 22
471 1374 519 1438 ed.
543 1373 617 1437 Par.
650 1372 848 1460 [48130nn.:
878 1372 1082 1456 eStephano
1109 1371 1278 1456 Byzantio,

142 1482 193 1545 cui
221 1481 300 1546 haec
327 1483 524 1566 postliminio
545 1483 687 1547 restituIt
708 1483 887 1547 Meinekius
909 1506 941 1567 p.
964 1484 1026 1546 427
1049 1484 1127 1567 sq.]:
1157 1485 1281 1559 λέγεται

142 1595 179 1657 δὲ
201 1594 251 1656 καὶ
273 1593 474 1658 Μακεδονία(
496 1597 591 1673 μοῖρα
612 1594 801 1676 Μακετία,
826 1595 871 1658 ὡ(
894 1593 1079 1673 Μαρειίαε
1101 1593 1137 1658 ἐν
1160 1594 1280 1676 πρώτῳ
1364 1610 1368 1616 ·

143 1703 389 1767 Μακεδονικῶν·
411 1705 495 1786 [ικαὶ
509 1707 567 1782 τὴν
584 1704 800 1789 Ὀρειτείαν*)
823 1705 858 1768 δὲ
874 1704 1035 1768 Μακετίαν
1052 1703 1197 1779 λέγουειν
1214 1701 1280 1767 ἀπὸ

139 1815 200 1876 τοῦ
224 1812 455 1900 Μακεδόνων]
505 1812 569 1876 Vbi
601 1813 752 1897 vulgatur
785 1814 916 1878 Μάκετα
948 1815 981 1875 et
1015 1814 1278 1877 Μακεδονιακῶν.

143 1918 332 2007 [Vtrumque
358 1922 447 1985 iuxta
469 1945 594 1987 mecum
615 1922 795 1986 Meinekius
819 1922 965 2005 correxit,
989 1922 1028 1985 de
1044 1922 1185 1987 Μακετία
1208 1922 1279 2005 (pro

141 2053 204 2113 quo
233 2033 391 2097 Μακεττία
413 2031 591 2116 Hesychius
618 2032 668 2097 HI
694 2055 726 2116 p.
751 2032 802 2112 65,
827 2031 901 2116 120)
931 2035 1057 2095 secutus
1079 2031 1280 2095 Dindorfium

141 2139 296 2204 Thesauri
316 2151 341 2205 t.
365 2140 396 2205 V
416 2164 448 2225 p.
472 2142 558 2230 517]
604 2142 653 2207 of.
686 2141 821 2207 Clidemi
850 2142 885 2205 in
907 2141 1041 2206 Atthide
1063 2141 1147 2225 quod
1169 2141 1280 2205 statim

141 2250 284 2332 sequitur
305 2252 524 2315 testimouium
547 2250 599 2339 [fr.
624 2254 642 2316 7
663 2251 790 2316 Muell.:
813 2253 896 2317 ἀλλὰ
920 2253 970 2316 καὶ
991 2254 1048 2331 τὴν
1071 2252 1150 2332 ὅλην
1175 2253 1279 2317 Μακε-

141 2361 255 2424 δονίαν
289 2362 449 2428 Μακετίαν
485 2361 575 2428 οίδεν
610 2361 851 2442 ὀνομαζομένην
886 2361 1056 2441 Κλείδημοι
1090 2363 1124 2426 ἐν
1159 2363 1279 2445 πρώτῳ

141 2470 298 2535 Ἀτθίδος·
335 2472 405 2535 «καὶ
433 2471 640 2557 ἐξῳκίεθηεαν
669 2471 750 2552 ὑπὲρ
777 2473 835 2537 τὸν
863 2472 1012 2548 Αἰγιαλὸν
1043 2471 1113 2536 ἄνω
1140 2475 1197 2550 τῆ(
1226 2493 1278 2535 κα-

142 2581 298 2660 λουμένη(
321 2581 526 2670 Μακετίατ»].
573 2582 719 2665 Apparet
741 2582 781 2645 ab
804 2582 903 2665 ipsius
932 2585 1037 2645 terrae
1066 2581 1279 2664 descriptione

142 2688 304 2771 Marsyam
330 2693 366 2753 ut
393 2694 644 2755 consentaneum
671 2694 741 2755 erat
763 2691 958 2774 profectum,
993 2692 1181 2775 praesertim
1209 2713 1280 2755 cum

142 2798 210 2861 eius
227 2798 311 2862 modi
333 2801 501 2884 regionum
522 2802 654 2865 nomina
677 2822 715 2864 ex
737 2801 867 2865 deorum
889 2805 921 2865 et
942 2802 1074 2865 heroum
1095 2801 1279 2865 eorundem-

141 2928 203 2991 que
225 2929 335 2992 regnm
357 2910 649 2994 antiquissimorum
670 2911 824 2975 memoria
846 2912 947 2994 repeti
970 2911 1082 2974 solitae
1105 2913 1221 2973 essent.

228 3017 288 3103 (II)
320 3018 432 3103 Itaque
461 3020 571 3083 eodem
598 3021 757 3103 pertinere
790 3021 946 3084 scholium
978 3020 1013 3083 in
1044 3015 1155 3083 Iliadis
1189 3018 1277 3101 XIV,

141 3125 206 3189 226
233 3127 372 3192 videtur:
410 3131 602 3196 Μακεδὼν
631 3131 649 3195 δ
677 3132 759 3195 Διὸ(
792 3132 842 3194 καὶ
868 3130 992 3210 Αἰθρίαε
1025 3132 1189 3209 καταεχὼν
1220 3132 1278 3209 τὴν

142 3237 252 3315 χώραν
281 3237 379 3304 οὖεαν
406 3243 462 3318 τῆ(
491 3239 617 3322 Θρᾴκη(
644 3239 708 3321 ἀφ’
736 3242 852 3305 ἑαυτοῦ
886 3240 1090 3304 Μακεδονίαν
1124 3240 1279 3318 προεηγό-

142 3365 269 3422 ρευεεν·
301 3348 402 3427 γήμαε
429 3350 465 3412 δὲ
492 3349 564 3426 μίαν
591 3353 659 3415 τῶν
687 3350 855 3429 ἐγχωρίων
883 3354 1048 3414 τεκνοῦται
1075 3350 1135 3413 δύο
1163 3353 1279 3414 παῖδα(

140 3452 262 3533 Πίερον
290 3457 340 3520 καὶ
365 3458 522 3536 Ἄμαθον,
551 3458 614 3539 ἀφ’
641 3457 688 3524 ὧν
716 3461 776 3523 δύο
805 3462 914 3523 πόλει(
940 3458 1053 3537 Πιερία
1079 3461 1129 3522 καὶ
1150 3460 1280 3537 Ἀμαθία
1304 3535 1307 3540 ,

140 3564 179 3629 ἐν
213 3565 404 3649 Μακεδονίᾳ.
442 3568 461 3645 ἡ
493 3568 613 3647 ίετορία
645 3569 732 3647 παρὰ
766 3568 936 3650 Μαρεύᾳ.
962 3562 1058 3654 'lvbi
1091 3568 1189 3633 Θυίαε
1221 3589 1295 3651 pro·¹

139 3672 265 3751 Αἰθρίαε
288 3673 457 3739 Muellerus
481 3668 616 3740 coniecit
638 3677 810 3740 secundum
833 3676 1054 3764 Stephanum]

227 3782 304 3868 (III)
340 3784 391 3847 Ex
422 3786 532 3868 primis
561 3789 667 3849 autem
700 3787 801 3850 tn'bus
829 3788 973 3871 regibus,
1012 3808 1089 3870 quos
1122 3786 1279 3850 conditori

138 3892 236 3975 regni
262 3892 461 3958 Macedonici
488 3895 659 3959 Perdiccae
691 3896 881 3979 praemissos
908 3919 927 3959 a
954 3896 1113 3960 veteribus
1147 3895 1278 3960 chrono-

137 4000 276 4085 graphis
298 4002 452 4086 ignorant
473 4003 653 4069 Herodotus
677 4009 709 4069 et
723 4005 934 4089 Thucydides,
959 4006 1040 4069 alter
1061 4006 1123 4069 fuit
1138 4005 1278 4071 Coenus:

208 4255 233 4322 ²³)
258 4253 313 4322 [Sic
330 4272 381 4323 pro
401 4256 562 4323 Ἠρεετείαν
580 4256 608 4311 C.
629 4258 660 4310 0.
678 4257 827 4311 Muellerus
846 4258 880 4312 do
898 4259 987 4312 DorI
1005 4277 1031 4327 p.
1045 4265 1090 4325 34,
1108 4277 1159 4328 pro
1178 4276 1232 4326 quo
1249 4260 1278 4314 in

132 4347 288 4401 comment.
309 4347 344 4401 dc
361 4347 560 4402 Macedonibus
579 4350 631 4418 (cd.
651 4350 741 4404 Bercl.
762 4367 786 4405 α.
810 4355 883 4419 1825)
904 4353 1063 4421 Ὀρεττιιίδα
1081 4352 1244 4423 substituit]
