2948 4996
237 323 300 387 396
582 340 628 385 nn
651 338 801 388 eunuco
826 340 1033 388 soruocnso

237 516 365 577 nomen,
390 494 417 556 si
432 493 507 577 quid
522 493 674 577 sapimus,
697 515 763 556 non
778 496 905 556 tantum
919 514 985 557 non
1001 492 1200 558 desideratur
1216 495 1381 578 omissum,

238 604 293 668 scd
316 604 459 667 additum
481 606 548 667 tam
570 602 702 667 offendit
719 605 759 666 ut
782 601 931 686 Sophocli
956 603 1054 667 tribui
1077 626 1206 687 prorsus
1228 610 1382 690 nequeat.

238 714 337 789 Quem
360 712 494 778 decebat
516 716 571 776 aut
592 716 651 779 τὰν
673 715 815 792 μεγάλαν
834 713 967 793 Δωρίδα
989 718 1090 779 νᾶεον
1113 714 1218 778 dicere
1241 719 1300 779 aut
1322 718 1383 781 τὰν

237 827 377 903 μεγάλαν
416 826 569 890 Πέλοπα(
607 829 706 890 νᾶεον
743 823 949 906 simpliciter,
987 824 1076 888 nullo
1112 823 1207 888 modo
1242 826 1384 890 iunctim

237 937 420 1018 utrumque,
445 935 477 998 id
499 935 582 1018 quod
604 935 639 998 in
662 933 884 1018 geographum
906 933 1001 1016 cadit,
1025 934 1060 997 in
1082 937 1210 1017 poetam
1232 935 1382 1000 minime.

237 1045 395 1127 Alterum,
419 1046 502 1128 quod
524 1045 679 1109 nollemus
702 1044 779 1107 item
801 1044 984 1129 neglectum
1006 1044 1047 1108 ab
1069 1043 1313 1128 interpretibus
1342 1046 1384 1109 ad

237 1157 369 1220 πώποτε
392 1153 542 1237 pertinet,
567 1174 662 1236 quam
683 1154 874 1237 particulam
897 1153 1009 1217 abhis
1032 1154 1159 1238 quidem
1180 1155 1288 1219 verbis
1311 1156 1384 1239 ipsa

237 1265 284 1328 vis
306 1265 486 1328 sententiae
509 1266 669 1347 segregat.
714 1264 765 1327 lta
788 1265 874 1328 eninr
896 1263 976 1348 quod
1001 1264 1117 1347 prodit,
1142 1265 1249 1348 ‘quale
1272 1266 1323 1331 vel
1348 1267 1384 1330 in

237 1375 316 1438 Asia
338 1375 389 1437 vel
410 1375 446 1438 in
461 1373 681 1457 Peloponneso
703 1374 846 1437 nondum
861 1397 1010 1459 umquam
1032 1377 1146 1457 sponte
1169 1376 1381 1460 progenitum

238 1484 389 1568 accipio’‚
413 1485 459 1548 sio
482 1484 602 1567 dictum
625 1487 673 1547 est
695 1484 855 1567 profecto,
884 1485 990 1568 quasi,
1021 1484 1103 1568 quod
1128 1484 1233 1548 adhuc
1256 1486 1383 1550 factum

236 1595 383 1677 nonsit,
417 1616 509 1677 posse
538 1594 572 1658 in
600 1598 761 1678 posterum
789 1594 858 1658 fieri
886 1595 1060 1678 cogitetur:
1094 1594 1177 1678 quod
1210 1595 1289 1662 hinc
1312 1620 1384 1662 esse

237 1705 468 1768 alienissimum
492 1708 636 1788 apparet.
683 1704 824 1788 Simplex
847 1704 1018 1788 requiritur
1040 1713 1254 1788 ‘numquam'
1278 1707 1381 1789 notio,

236 1816 297 1879 hoc
312 1819 361 1879 est
376 1817 415 1880 οὔ
431 1836 523 1897 ποτε,
547 1837 613 1878 non
632 1815 671 1880 οὐ
686 1816 872 1899 πώποτε*);
896 1836 956 1878 nec
972 1815 1065 1878 aliter
1087 1815 1122 1878 in
1144 1815 1243 1879 simili
1267 1839 1382 1881 caussa

237 1929 348 2008 poetas
382 1925 504 1989 locutos
537 1925 671 2008 reperio.
724 1923 810 1988 Hinc
842 1925 943 2008 igitur
971 1924 1024 1988 ubi
1054 1924 1187 2009 dignam
1220 1925 1383 2009 Sophocle

236 2057 334 2098 unam
356 2036 441 2099 hanc
464 2057 532 2099 esse
551 2035 728 2099 orationem
749 2030 1015 2119 perspexerimus,
1040 2035 1115 2100 οὐδ>
1136 2036 1173 2101 ἐν
1195 2042 1235 2120 τᾷ
1257 2039 1383 2121 μεγάλᾳ

238 2146 360 2225 Δωρίδι
382 2146 468 2230 νάεψ
492 2149 571 2212 ποτὲ
594 2147 746 2226 βλαετόν,
776 2166 972 2229 consequens
1000 2147 1048 2208 est
1074 2167 1151 2209 sane
1179 2147 1215 2208 ut
1238 2146 1274 2210 in
1297 2148 1381 2212 anti-

237 2257 369 2340 stropha
397 2255 516 2340 aliquid
544 2256 621 2319 item
654 2256 762 2320 deberi
796 2255 966 2338 interpreti
994 2253 1156 2318 credetur:
1193 2256 1279 2338 quod
1314 2279 1380 2321 non

237 2368 344 2449 potest
376 2365 463 2429 aliud
490 2388 559 2429 esse
586 2366 649 2430 nisi
679 2365 838 2430 adiectum
866 2388 895 2429 v.
920 2365 982 2429 709
1009 2365 1124 2447 εἰπεῖν,
1160 2365 1315 2431 coalitum
1349 2367 1380 2431 id

238 2475 364 2559 quidem
393 2497 464 2539 cum
491 2477 554 2540 fine
582 2498 690 2540 versus
718 2476 865 2540 similiter
893 2478 988 2559 atque
1016 2489 1092 2538 cum
1115 2474 1276 2558 principio
1299 2481 1379 2540 stro

237 2583 323 2667 phici
346 2586 497 2651 Πέλοπα(
520 2586 609 2651 illud.
655 2585 740 2650 Nam
762 2608 799 2649 eo
821 2585 981 2649 infinitivo
1004 2607 1075 2648 cum
1090 2583 1256 2648 Nauckius
1278 2592 1380 2671 negat

239 2715 346 2757 carere
374 2707 432 2758 nos
459 2718 567 2779 posse,
602 2718 672 2779 non
697 2696 788 2760 video
816 2695 891 2780 quid
919 2695 954 2758 in
976 2695 1025 2758 his
1048 2695 1226 2777 vituperes:
1265 2696 1379 2760 ‘aliam

237 2804 363 2868 laudem
386 2806 629 2891 (laudationem)
652 2806 766 2871 habeo'
786 2808 818 2869 h.
836 2828 863 2869 e.
888 2805 965 2868 ‘alia
984 2805 1054 2868 laus
1070 2805 1105 2868 in
1126 2809 1277 2888 promptu
1300 2807 1378 2870 mihi

237 2917 314 2977 est’,
359 2915 421 2979 Pro
454 2940 516 3000 quo
551 2940 622 2982 cum
651 2916 782 2980 minime
811 2938 965 3001 negemus
999 2918 1050 2978 sat
1082 2915 1246 2979 commode
1280 2917 1379 2981 etiam

238 3024 338 3090 ἄλλον
361 3028 393 3090 δ)
416 3028 510 3092 αἶνον
535 3029 599 3107 ἔχω
623 3027 722 3093 εἰπεῖν
745 3027 808 3091 dici
836 3025 991 3110 potuisse,
1026 3026 1096 3108 ipsa
1124 3047 1237 3090 caussa
1266 3033 1379 3110 aperta

238 3139 381 3214 osteor,
408 3136 490 3219 quod
519 3140 551 3200 et
578 3137 702 3220 plenius
731 3142 764 3201 et
784 3135 912 3220 planius
941 3135 1003 3199 dici
1031 3136 1181 3218 sentiret,
1218 3136 1379 3220 interpres

238 3245 442 3309 adscriberet.
488 3245 541 3310 Sic
569 3247 667 3332 igitur
695 3269 767 3311 oum
796 3246 896 3329 ipsius
918 3246 1099 3310 sententiae
1121 3246 1286 3332 elegantia
1309 3269 1379 3330 per·

237 3354 356 3418 sectam
378 3377 582 3420 numerorum
605 3356 856 3422 concinnitatem
878 3376 1081 3439 recuperasse
1103 3355 1298 3421 videbimur:

365 3560 448 3626 ἔετιν
471 3562 503 3624 δ’
527 3560 597 3626 οἷον
622 3561 686 3637 ἐγὼ
709 3565 767 3637 γᾶ(
790 3561 890 3625 ’deinc
913 3561 971 3626 οὐκ
993 3560 1144 3625 ἐπακούω

364 3671 439 3735 οὐδ’
461 3672 497 3737 ἐν
519 3676 559 3755 τᾷ
580 3672 702 3754 μεγάλᾳ
724 3671 847 3751 Δωρίδι
869 3671 956 3756 νάεῳ
979 3673 1058 3735 ποτὲ
1081 3671 1258 3750 βλαετόν-

364 3872 466 3940 ἄλλον
488 3877 523 3938 δ>
544 3874 639 3940 αίναν
662 3874 727 3954 ἔχω
750 3875 944 3954 ματροπόλει
966 3879 1041 3957 τᾷδε
1063 3874 1243 3954 κράτιετον,

364 3988 473 4064 δῶρον
495 3989 554 4050 τοῦ
577 3984 718 4064 μεγάλου
740 3987 905 4064 δαίμονοε,
928 3986 1054 4065 αὔχημα
1075 3985 1237 4064 μέγιετον·

305 4273 330 4338 *)
355 4273 397 4341 [In
414 4274 467 4327 hoo
484 4272 565 4325 nimis
583 4290 628 4326 mo
647 4290 774 4327 severum
792 4290 936 4327 censorem
958 4289 1015 4326 non
1035 4272 1189 4338 immerito,
1213 4277 1247 4327 ut
1265 4276 1388 4339 videtur.

236 4364 379 4431 Augustus
396 4365 550 4420 Meinckius
569 4367 662 4437 arguit
680 4367 776 4422 adnot.
795 4367 832 4423 ad
850 4366 917 4422 Oed.
939 4365 996 4421 Col.
1017 4369 1051 4433 (a.
1074 4368 1149 4434 1863)
1167 4384 1194 4440 p.
1219 4373 1267 4421 164
1287 4372 1345 4441 κερ]
