2948 4996
465 333 502 386 ru
524 334 697 387 unscnrnr
718 330 970 385 raouarnnvu.
1230 311 1291 384 381

152 490 232 558 satis
256 495 331 576 apte
346 511 439 556 versu
454 492 516 557 372
539 492 641 556 oratio
664 490 838 555 insistitur:
861 489 1060 554 desideratur
1075 488 1160 553 enim
1184 489 1291 553 cohor-

151 604 233 667 tatio
256 603 427 687 quaedam,
464 602 550 666 cuius
578 601 705 686 quidem
728 624 839 665 caussa
862 600 1030 685 protulerit
1052 600 1105 663 ille
1127 600 1238 662 fratris
1261 604 1293 662 et

152 713 318 797 Typhonis
341 712 496 795 exempla.
541 711 660 787 Quodsi
683 733 730 794 ea,
755 734 835 795 quae
856 710 1056 774 intercidisse
1079 713 1155 772 ante
1176 733 1206 772 ν.
1230 710 1293 774 373
1368 761 1375 774 .

152 824 312 906 videntur,
336 824 424 886 velut
445 822 486 885 ab
508 822 558 885 his
580 821 774 905 inciperent:

356 961 398 1024 (ὺ
421 961 454 1023 δ’
476 958 547 1022 οὖν
569 997 608 1005 —-

152 1094 304 1179 proclivis
327 1098 397 1159 erat
419 1094 459 1157 ad
481 1095 579 1157 verba
602 1097 638 1159 cd
660 1095 694 1159 δ’
717 1094 775 1159 οὐκ
798 1115 825 1156 e.
849 1115 880 1176 q.
904 1114 929 1155 s.
954 1092 1125 1156 aberratio,

239 1206 326 1268 Ante
353 1227 383 1267 v.
407 1205 469 1269 383
497 1226 605 1267 rursus
633 1203 833 1267 intercidisse
856 1224 954 1265 unum
976 1224 1123 1284 versum,
1157 1224 1219 1286 quo
1248 1202 1294 1266 sic

152 1316 221 1379 fere
249 1314 378 1379 Oceano
406 1317 533 1397 poterat
560 1313 760 1404 responderi:
797 1315 882 1391 Ὁρῶ
904 1352 962 1395 -,
992 1312 1085 1375 docet
1112 1312 1294 1377 intermissa

153 1427 353 1505 crixopuetcc
376 1424 568 1488 constantia.

240 1534 280 1599 V.
303 1534 366 1598 426
399 1556 467 1618 sqq.
511 1533 725 1598 Fundamenti
758 1534 828 1597 loco
862 1533 1044 1597 habendum
1078 1534 1293 1610 ὑποετενάῑει,

155 1667 228 1709 cum
249 1647 380 1727 propter
402 1645 625 1708 auctoritatem
646 1645 815 1727 librorum,
844 1647 913 1707 tum
941 1644 1024 1726 quod
1047 1643 1085 1708 de
1108 1666 1203 1727 prosa
1225 1666 1294 1707 ora-

125 1769 128 1772 ’
154 1755 244 1818 tione
265 1754 400 1837 petitum
423 1759 472 1817 est
494 1755 712 1835 ὑποβοετάζει.
755 1754 807 1818 Itu
834 1757 941 1817 autem
971 1756 1082 1819 εθένο(
1109 1754 1296 1819 nonhabet

155 1886 218 1948 quo
238 1864 405 1927 referatur.
437 1863 526 1938 Quod
548 1864 634 1927 enim
649 1863 849 1926 Wellauerus
874 1863 996 1947 cogitat
1017 1864 1056 1926 de
1073 1864 1177 1947 figura
1200 1886 1295 1947 quam

154 1977 191 2039 ’ἑν
215 1977 265 2040 διὰ
288 1979 380 2039 δυοῖν
402 1974 524 2057 dicunt,
548 1973 586 2038 de
610 1995 646 2036 eo
668 1973 863 2036 multimodis
885 1973 1025 2036 fallitur:
1058 1974 1105 2036 ita
1127 1973 1213 2037 enim
1234 1996 1295 2037 nec

154 2107 190 2149 τε
211 2105 330 2167 ponere
352 2083 428 2147 licet
449 2106 507 2167 pro
530 2085 590 2162 καί,
614 2105 674 2147 uec
696 2083 900 2166 praemittere
919 2083 1142 2146 attributivum
1161 2104 1294 2148 nomen:

155 2193 272 2256 deinde
294 2195 392 2274 βάρος
415 2193 584 2257 dicendum
607 2197 676 2256 erat
698 2193 737 2256 de
761 2193 858 2275 caelo,
883 2215 949 2257 non
972 2195 1099 2259 cde'voc:
1128 2196 1295 2276 practerea

155 2325 198 2367 ne
220 2304 267 2366 sic
282 2303 420 2387 quidem,
444 2326 539 2387 quam
554 2303 731 2367 instituerit
745 2303 989 2386 grammaticam
1007 2304 1174 2367 verborum
1186 2306 1296 2367 struc-

154 2418 277 2501 turam²
297 2414 506 2497 intellegitur.
545 2406 728 2510 Scripturas
750 2412 966 2496 discrepantia
988 2416 1101 2477 notata
1125 2414 1214 2478 nulla
1236 2417 1294 2496 est,

154 2528 380 2607 praeterquam
412 2524 495 2607 quod
526 2527 622 2589 Ἄπλα
650 2525 683 2587 θ’
710 2523 867 2606 reperitur
889 2524 974 2607 apud
996 2523 1211 2588 scholiastam.
1257 2524 1297 2587 ln

155 2655 195 2697 eo
224 2636 329 2696 autem
351 2634 506 2697 vocabulo
534 2634 604 2717 ipsa
633 2634 812 2717 corruptela
836 2634 994 2717 cernitur,
1019 2635 1297 2718 emendandusque

154 2743 335 2827 Aeschylus
357 2743 403 2807 sic
425 2747 488 2807 est:

343 2882 516 2945 Ἄτλαντος
540 2881 606 2946 αἰὲν
630 2880 804 2961 ὑπείροχον
828 2882 938 2947 εθένο(
960 2881 1111 2962 κραταιὸν

344 2991 497 3069 οὐράνιόν
519 3012 553 3056 τε
575 2991 680 3056 πόλον
703 2992 834 3057 νώτοις·

438 3101 651 3168 ὑποετενὰζει.

155 3235 247 3311 Quae
268 3257 332 3299 una
355 3258 426 3300 cum
448 3236 661 3320 superioribus
684 3240 808 3300 vertere
835 3236 911 3301 licet
934 3237 967 3301 in
990 3237 1076 3302 huuc
1097 3236 1239 3302 modum:

310 3377 430 3437 Vorher
453 3399 511 3436 nur
533 3379 587 3438 sah
611 3379 659 3438 ich
682 3378 951 3457 schwerhcdriingt
975 3380 1068 3439 allein

395 3481 487 3539 einen
511 3481 628 3540 andern
652 3482 789 3541 Titanen
812 3480 982 3559 gebandigt

396 3581 491 3641 durch
513 3583 668 3642 fessclnde
693 3582 841 3642 Schmach
865 3583 920 3641 der
940 3582 1051 3656 Eiseu,

312 3681 365 3742 des
387 3683 475 3742 Atlas
497 3693 571 3743 stets
594 3684 805 3763 liherragende
828 3684 979 3762 machtige
1001 3685 1084 3743 Kraf
1096 3730 1103 3757 ‚

394 3786 459 3844 und
482 3787 537 3845 dea
559 3787 708 3845 Himmcls
730 3786 822 3845 Rund
847 3786 904 3844 auf
922 3786 1030 3845 seinen
1055 3785 1233 3852 Schultern:

440 3887 587 3946 daruntcr
608 3889 708 3947 scuszt
731 3908 772 3947 er.

154 4014 234 4082 Vno
256 4015 409 4081 vocabulo
438 4017 586 4080 conclusa
614 4018 775 4082 sententia
803 4016 913 4080 eadem
936 4021 985 4081 est
1006 4017 1038 4081 vi
1067 4018 1171 4101 posita
1205 4021 1298 4102 atque

153 4128 192 4191 in
216 4125 384 4210 Sophoclis
406 4126 484 4190 Oed.
509 4126 576 4192 001.
600 4150 630 4190 ν.
658 4127 740 4191 1060
766 4128 929 4192 ἁλώεεται.

243 4235 284 4300 V.
308 4238 373 4300 430
393 4238 573 4315 ξυμπίτνων
596 4236 807 4301 scribendum.
1316 4268 1385 4320 χῃγ

244 4344 285 4409 V.
320 4345 384 4409 494
414 4350 464 4411 καὶ
497 4349 619 4429 μακρὰν
655 4347 760 4429 ὀεφύν
792 4348 851 4411 etsi
878 4347 999 4413 nemini
1033 4347 1200 4413 offensioni
1232 4350 1299 4414 fue·
