3014 5010
424 336 471 381 nu
494 335 586 381 omn.
609 335 714 381 nnux.
737 329 782 381 nr
804 335 1020 384 e1s1snnnu0.
1232 320 1290 383 161

153 489 310 566 κογχύλος
326 487 480 570 (itemque
495 488 667 566 κογχύλιον
682 487 866 573 κογχυλίας)
887 486 1149 571 quemadmodum
1172 487 1290 566 ἀγκύλη

153 596 291 672 άγκύλος
324 596 496 672 Ἀγκυλίιιιν
531 596 571 659 ab
608 596 720 673 ἄγκος,
758 598 903 675 καμπύλη
938 598 1101 676 καμπύλας
1135 619 1154 659 a
1187 598 1291 685 κάμπη

153 707 284 784 κάμπτω
303 706 378 768 etsi
398 709 572 789 quaesunt
591 706 731 769 similia?
753 705 835 781 Quid
851 727 967 788 quaeso
991 706 1076 768 inter
1093 706 1292 769 sedifferunt

153 817 291 894 κογχύλη
316 817 479 895 Κογχύλος
502 819 535 878 et
556 817 697 895 γογγύλη
723 817 882 892 Γογγύλος
905 815 989 898 apud
1012 814 1154 898 Thucyd.
1171 815 1197 895 I,
1219 811 1289 896 128,

152 924 299 1008 Xenoph.
323 923 409 988 Hell.
433 925 492 1007 111,
519 928 548 1007 1,
572 924 615 987 6⁴?
659 926 705 988 At
727 925 888 988 enimvero
912 925 1072 1001 Γογγύλος
1099 924 1293 988 factumest

152 1035 194 1097 ab
216 1034 356 1099 eiusdem
378 1035 499 1110 formae
523 1034 679 1098 adiectivo
701 1036 861 1111 γογγύλας
883 1037 919 1096 ut
933 1035 1069 1113 Αἱμύλος
1085 1034 1126 1097 ab
1149 1034 1293 1115 αἱμύλος,

153 1145 312 1208 Μικκύλος
335 1167 354 1207 a
376 1147 538 1223 μικκύλος,
562 1146 725 1224 Δριμύλος
749 1145 946 1223 οδριμύλοςῑ
970 1165 1036 1207 non
1059 1146 1164 1206 exstat
1187 1148 1292 1207 autem

152 1253 202 1315 vel
232 1254 389 1332 κογχύλος
416 1254 467 1317 vel
490 1253 593 1316 simile
623 1253 872 1317 adiectivum.
918 1253 1048 1336 Itaque,
1078 1275 1119 1316 ne
1149 1253 1292 1336 cupidius

152 1383 248 1446 egere
263 1362 443 1445 videamur,
466 1363 605 1445 primum
619 1362 694 1425 hinc
709 1363 817 1425 omnia
833 1384 870 1425 ea
885 1363 1061 1426 liberaliter
1076 1384 1290 1446 segregemus,

151 1494 232 1555 quae
256 1494 327 1535 cum
349 1472 473 1555 possint
495 1493 573 1535 sanc
596 1472 661 1535 sive
685 1494 703 1535 a
725 1472 907 1535 nominibus
937 1472 1004 1535 sive
1027 1495 1046 1535 n
1068 1472 1173 1535 verbis
1196 1473 1292 1535 ductu

151 1603 235 1661 csse,
266 1581 360 1643 simul
382 1585 491 1644 tamen
515 1581 554 1644 ud
583 1582 783 1664 propriorum
805 1582 971 1645 nominum
998 1581 1207 1664 simpliciores
1229 1582 1291 1644 sor-

150 1711 219 1752 mes
241 1691 384 1772 proxime
400 1689 572 1754 accedunt:
601 1694 637 1753 ut
652 1692 799 1768 (ιμύλος,
818 1692 999 1771 Θραςύλος,
1022 1692 1190 1769 Δημύλος,
1215 1692 1291 1771 Κρα-

85 1823 96 1840 ·
148 1801 262 1876 τύλος,
287 1800 470 1878 Χαρμύλος,
495 1801 671 1879 Χρεμύλος,
694 1801 858 1878 (ωςύλος,
882 1801 1056 1878 Μειδύλος,
1080 1802 1235 1865 Φειδύλος
1251 1801 1291 1863 ad

151 1908 243 1986 (ῑμος
259 1909 340 1991 (ιιοιι
355 1909 483 1993 (ίμων),
501 1910 652 1988 Θράςων,
676 1912 815 1989 Δήμων,
840 1911 977 1989 Κράτης,
1001 1911 1136 1989 Χάρμης,
1160 1910 1290 1990 Χρέμης.

151 2017 286 2095 (ωςίας,
311 2018 456 2095 Μειδίας,
479 2020 614 2083 Φειδίας.
649 2018 724 2082 Νοιι
746 2019 845 2082 habet
865 2041 975 2102 parem
996 2019 1119 2082 sontem
1140 2021 1291 2084 Ἡδύλοςε

151 2127 234 2209 quod
262 2148 455 2210 quemquam
483 2129 586 2211 possis
616 2128 658 2191 ab
686 2128 764 2208 ἦδος
793 2133 937 2212 repetere
965 2128 1020 2212 (ad
1050 2128 1291 2192 similitudinem

149 2238 268 2314 θράςος
311 2237 428 2314 κράτος
469 2237 634 2300 nominum
641 2287 650 2320 ,
694 2259 774 2322 quoe
816 2243 944 2321 praeter
982 2237 1140 2301 adiectivo
1178 2239 1292 2316 θραςύς

149 2346 265 2424 κροτύς
293 2344 328 2407 ίιι
357 2349 507 2428 promptu
535 2349 656 2428 esseut,
685 2347 750 2410 nisi
778 2349 914 2428 Θράςων
950 2349 1070 2426 Κράτης
1103 2348 1291 2431 exstarent),

150 2458 261 2519 temen
283 2454 401 2518 rectius
424 2477 495 2519 cum
521 2457 599 2535 ἡδύς
629 2457 827 2521 consociabis
856 2457 925 2541 ipso
955 2458 1010 2520 illo
1038 2459 1188 2538 δριμύλος
1210 2479 1292 2521 οοιιι-

150 2568 281 2646 parato,
312 2564 395 2647 quod
417 2570 466 2628 est
488 2587 506 2627 e
529 2566 647 2647 δριμύς.
692 2566 781 2630 Idem
809 2588 936 2649 prorsus
960 2567 1046 2631 cadit
1074 2567 1109 2631 in
1132 2570 1292 2632 Βαθύλος;

153 2672 283 2756 quondo
305 2672 344 2736 dc
367 2678 513 2758 suspecta
537 2677 651 2740 Βάθων
674 2677 776 2740 forma
799 2676 898 2739 setius
919 2676 1017 2739 fuerit
1039 2699 1110 2740 cum
1132 2676 1293 2741 Meinekio

151 2781 238 2846 Hist.
268 2783 339 2846 crit.
372 2805 451 2847 com.
482 2807 513 2867 p.
541 2784 605 2849 480
632 2786 788 2849 dubitare.
842 2785 940 2849 Porro
969 2808 987 2849 a
1015 2786 1128 2869 verbo,
1157 2809 1223 2850 non
1252 2786 1293 2849 ab

150 2891 328 2974 adiectim,
352 2892 482 2956 ductum
504 2897 552 2957 est
574 2897 757 2975 Δερκύλος;
785 2896 867 2978 quod
892 2918 962 2959 cum
992 2897 1151 2961 Μειδύλος
1181 2897 1293 2960 Φειδύ-

150 3005 209 3066 λος
231 3006 317 3066 recte
341 3007 598 3086 componeretur,
628 3004 690 3068 nisi
714 3005 755 3068 ab
777 3003 838 3068 hac
860 3005 1013 3069 socictate
1035 3005 1193 3088 simplicia
1216 3007 1292 3070 Μει-

150 3112 221 3176 δίας
249 3112 375 3177 Φειδίας
403 3134 462 3176 nos
495 3118 675 3178 evocarent.
721 3112 814 3177 Vnde
842 3119 949 3178 autem
976 3114 1038 3177 nisi
1066 3136 1085 3177 a
1113 3135 1199 3177 mero
1221 3115 1293 3178 sub-

149 3221 294 3283 stantivo
315 3222 494 3304 profectum
508 3224 661 3303 Αίςχύλος
682 3222 792 3287 dices?
815 3224 902 3287 cuius
923 3223 1048 3307 quidem
1064 3224 1161 3307 stirps
1183 3223 1293 3303 αίςχος

150 3351 194 3393 ne
219 3335 342 3394 veteres
368 3331 495 3414 quidem
522 3333 635 3416 fugere
663 3332 782 3416 potuit:
815 3332 877 3395 vid.
908 3333 1015 3417 Etym.
1046 3335 1090 3397 M.
1119 3356 1150 3416 p.
1180 3334 1232 3414 40,
1262 3334 1291 3396 9.

150 3439 199 3501 At
226 3461 300 3503 vero
329 3440 436 3523 (audio
464 3442 564 3526 enim)
588 3464 605 3505 e
632 3464 754 3505 morum
782 3442 966 3506 notionibus
993 3444 1073 3507 talia
1102 3447 1178 3525 apta
1206 3446 1292 3523 sunt,
1311 3459 1344 3505 45

150 3549 245 3631 quale
274 3554 324 3613 est
345 3551 512 3630 Αἰςχύλος;
542 3573 608 3615 non
635 3552 740 3635 potuit
762 3555 868 3641 autem
891 3574 909 3615 a
933 3554 1055 3617 concha
1077 3555 1109 3615 et
1124 3535 1293 3615 'similibus

149 3657 246 3721 rebus
283 3659 449 3743 quisquam
484 3660 579 3724 homo
613 3661 778 3745 appellari.
838 3662 922 3725 Nam
953 3664 1104 3742 Αίςχύλος
1138 3661 1165 3724 si
1197 3662 1294 3725 liccat

150 3769 324 3831 vernaculo
346 3773 519 3835 Scuomlein
540 3771 695 3835 vocabulo
717 3771 851 3853 imitari,
878 3773 1040 3851 Κογχύλος
1062 3771 1204 3835 futurum
1225 3792 1293 3835 esse

152 3881 333 3942 Muschler'n.
379 3878 462 3944 Nolo
483 3881 616 3944 ulterius
638 3880 766 3964 vagari:
795 3880 829 3943 in
851 3882 911 3944 hoc
933 3881 1019 3963 ipso,
1048 3881 1083 3944 in
1105 3903 1167 3964 quo
1190 3901 1293 3944 versa-

150 4008 238 4067 mur,
262 4009 380 4071 genere
403 3991 551 4054 contineo
573 3989 833 4073 disputationem.
878 3989 960 4064 Quid
983 3989 1082 4073 igitur
1104 3989 1161 4052 fiet
1185 3988 1292 4054 Βαιτύ-

150 4100 208 4161 λος
231 4097 377 4181 nomine,
401 4100 483 4183 quod
506 4103 555 4163 est
570 4106 719 4176 Ροῖτῖοίη,
743 4099 907 4163 factumn
930 4098 1042 4180 βαίτηῗ)
1079 4097 1168 4172 Quod
1191 4120 1293 4161 exem·

150 4206 240 4289 plum
263 4207 362 4271 habes
385 4209 468 4292 apud
491 4208 638 4273 Bustium
660 4208 764 4291 Epist.
790 4209 860 4273 crit.
885 4232 916 4291 p.
941 4210 1018 4273 244:
1043 4209 1092 4272 cui
1115 4208 1294 4292 degenere

151 4317 301 4380 universo
327 4323 456 4401 praeter
490 4319 570 4383 alios
597 4318 679 4382 adde
702 4317 952 4383 Valckenarium
979 4319 1013 4382 in
1041 4318 1161 4382 Phoen.
1194 4317 1292 4381 schol.

206 4437 249 4471 nu.
271 4438 435 4473 uiuscunuu
456 4437 602 4473 octrscuuu
622 4440 640 4477 1.
1054 4422 1091 4482 ll
