2880 4994
283 348 330 395 nn
353 348 522 395 AMPHORA
546 346 764 397 occassum
788 324 995 395 irrrnaara
1147 331 1210 396 788

67 505 101 567 in
130 503 176 565 cis
205 504 370 584 versatur,
405 523 485 585 quae
521 523 590 564 cum
622 522 773 584 prospera
801 504 833 563 et
866 500 995 578 insolita
1028 500 1209 564 hominibus

67 612 252 694 evenirent,
287 612 369 675 festo
398 611 503 695 aliquo
533 613 691 699 apparatu
724 611 921 674 sollemniter
956 611 1208 675 celebrarentur:

66 746 130 807 quo
152 722 294 805 pertinet
317 721 582 786 caerimoniarum
604 720 795 805 nuptialium
817 720 1013 804 frequentia3
1035 712 1132 790 tertia
1158 722 1210 784 de-

66 833 165 917 nique
197 832 327 895 omnino
360 832 400 895 ad
434 832 603 895 lautiorem
637 831 913 914 liberalioremque
940 831 1025 894 vttae
1054 853 1144 895 usum
1179 835 1211 895 et

66 942 229 1027 quandam
250 943 407 1016 luxuriam
435 946 574 1025 spectat,
603 943 690 1004 velut
718 963 798 1024 quae
825 941 911 1004 haud
936 941 1051 1025 exiguo
1078 964 1210 1006 numero

67 1076 144 1117 vasa
173 1056 300 1136 reperta
331 1056 407 1116 sunt
434 1052 475 1115 ad
505 1053 625 1116 cultum
652 1055 864 1135 ornatumque
897 1052 1083 1122 muliebrem
1113 1053 1209 1136 perti-

57 1143 189 1228 nentia.
236 1162 297 1228 Sed
319 1163 429 1246 paucis
458 1162 562 1225 adhuc
587 1161 740 1245 exemplis
768 1162 807 1224 de
836 1162 881 1225 eis
910 1163 1108 1246 argumentis
1137 1186 1209 1227 con-

66 1277 149 1356 stat,
179 1295 261 1356 quae
282 1273 385 1356 petita
408 1273 473 1336 sint
496 1295 533 1336 ex
557 1272 692 1356 opificiis
719 1274 751 1335 et
773 1272 883 1356 siquae
905 1273 1037 1356 negotia
1059 1277 1209 1356 quaestus

66 1383 235 1447 exercendi
259 1405 370 1447 caussa
391 1382 484 1445 fiunt.
530 1383 626 1447 (luins
653 1382 737 1446 modi
760 1383 824 1446 tria
845 1383 1046 1465 potissimum
1074 1406 1208 1447 comme-

65 1516 192 1558 morare
215 1493 376 1566 conducit;
399 1515 499 1556 uuum
520 1493 612 1570 illud,
642 1515 713 1556 cum
739 1492 823 1556 sacci
846 1492 922 1555 lana
950 1493 1000 1556 vel
1027 1495 1134 1576 potius
1156 1494 1208 1557 sil-

65 1603 143 1687 phio
165 1603 278 1686 repleti
293 1603 476 1685 penduntur
493 1624 599 1666 coram
621 1602 767 1666 Arcesila
782 1624 858 1686 rege
874 1602 1084 1685 Cyrenaicae:
1107 1604 1208 1687 quode

65 1736 132 1778 non
155 1713 417 1796 improbabiliter,
441 1715 469 1776 si
491 1736 510 1775 a
532 1713 698 1776 nominum
722 1711 920 1796 quorundam
942 1714 1209 1796 interpretatione

65 1824 254 1908 'graecorum
282 1823 465 1904 recesseris,
504 1823 624 1885 Illustr.
654 1822 716 1885 clun
744 1822 783 1886 de
816 1822 942 1905 Luynes
970 1824 1146 1906 disputarit
1174 1825 1275 1889 111181

64 1935 187 1997 Annal.
211 1932 355 1997 Instituti
378 1955 407 1996 a.
434 1933 515 1997 1833
538 1955 569 2015 p.
592 1933 634 1996 56
656 1955 725 2017 sqq.
751 1932 821 1996 coll.
839 1926 981 1995 Menum.
1006 1933 1091 1996 ined.
1116 1933 1207 2004 vol]

64 2044 131 2107 tab.
155 2042 286 2106 XLVII.
296 2043 326 2122 *l
371 2042 520 2106 Alterum
542 2043 721 2126 exemplum
744 2066 800 2106 vas
824 2042 1087 2128 Berolinense**)
1117 2066 1206 2126 prae·
1298 2118 1306 2130 ‚

63 2153 151 2236 buit,
174 2154 210 2217 in
232 2175 294 2237 quo
316 2152 480 2216 officinam
503 2153 659 2216 aerariam
681 2153 817 2236 proponi
841 2152 1074 2224 versatissimus
1096 2154 1131 2217 in
1146 2154 1207 2218 hoc

63 2284 183 2347 genere
220 2265 498 2326 monumentorum
534 2263 692 2346 interpres
725 2263 881 2327 Aemilius
913 2261 1073 2327 Braunius
1105 2286 1208 2347 nuper

63 2372 173 2436 docuit
195 2372 342 2456 (Bullett.
372 2394 402 2436 a.
430 2372 509 2437 1835
536 2396 567 2456 p.
595 2374 654 2437 166
681 2373 776 2457 sqq).
822 2374 875 2438 Ab
903 2374 1074 2458 eodemque
1103 2396 1206 2458 reper-

62 2487 133 2546 tum
161 2483 292 2548 tertium
322 2483 479 2567 quoddam
506 2484 651 2548 novimus
683 2484 819 2548 necdum
848 2485 966 2549 editum
994 2507 1054 2549 nec
1088 2485 1207 2568 scripto

63 2593 280 2677 explicatum,
311 2594 464 2658 exhibens
493 2595 596 2678 ipsam
619 2617 766 2659 vasorum
794 2595 941 2659 fictilium
962 2580 1131 2659 fabricam.
1139 2596 1206 2682 *11)

62 2704 221 2779 Quartum
242 2703 379 2789 denique
393 2728 480 2770 nunc
495 2705 632 2769 addituri
656 2728 777 2789 sumus,
802 2711 1009 2791 posteaquam
1031 2708 1070 2771 de
1093 2708 1205 2790 altera,
1233 2789 1242 2799 l

62 2836 160 2898 quam
183 2815 223 2877 ab
245 2816 339 2880 initio
361 2816 638 2901 significabamus,
662 2838 696 2880 re
718 2819 828 2900 paucis
851 2818 1076 2882 monuerimus.

149 2924 221 2989 Etsi
249 2927 334 2990 enim
362 2949 428 2990 non
456 2927 535 2990 adeo
563 2948 636 2990 rara
664 2928 808 2992 litterata
836 2951 912 2993 vasa
945 2932 1036 3013 sunt,
1072 2950 1206 3012 quorum

62 3109 268 3119 ——-

132 3215 156 3280 *J
181 3213 285 3269 Confer
307 3215 445 3269 eruditam
468 3215 608 3269 Welclreri
631 3216 894 3269 commentationem
911 3216 940 3268 iu
958 3215 1107 3270 novissimo
1126 3216 1205 3270 fasci-

60 3306 125 3360 culo
147 3306 236 3362 Musei
252 3307 380 3361 Rhenani
399 3310 461 3377 [vol.
481 3309 506 3362 V
525 3326 549 3363 a.
570 3308 644 3377 1837]
671 3325 698 3375 p.
723 3315 771 3362 110
790 3326 849 3375 sqq.
871 3310 952 3376 [nunc
970 3300 999 3361 iir
1017 3309 1092 3363 ‘Alte
1114 3309 1205 3363 Deuk-

60 3401 162 3454 m'aler’
180 3402 199 3455 t.
219 3401 259 3454 III
276 3419 303 3469 p.
322 3406 372 3455 188
391 3402 461 3470 sqq]

130 3510 170 3577 ⁸⁴³)
198 3511 229 3563 ln
252 3511 390 3565 Gerhardi
417 3511 507 3565 indice
535 3514 776 3565 monumentorum
798 3511 894 3566 Museo
916 3513 1005 3580 Regio
1031 3513 1204 3568 Beroliuensi

59 3619 159 3657 recens
178 3607 402 3672 comparatorum
420 3622 446 3658 n.
468 3611 540 3658 1808.
578 3604 657 3673 [Vide
675 3622 749 3658 nunc
767 3605 904 3659 Gerbardi
923 3606 1137 3661 ‘Trinkschalen
1155 3607 1204 3661 des

58 3694 186 3750 Berliner
203 3697 355 3751 Museums’
373 3698 431 3752 tab.
445 3698 504 3751 XII.
516 3697 589 3764 ΧΠΙ,
608 3698 808 3766 Panol'kaeque
826 3699 928 3769 librum
941 3717 960 3753 a.
977 3717 996 3752 s.
1011 3700 1068 3753 tab.
1083 3699 1155 3765 VIII,
1169 3700 1203 3768 1.]

130 3814 186 3882 ***)
207 3815 300 3884 [Edita
318 3817 362 3870 est
379 3820 463 3884 atque
482 3820 613 3871 enarrata
630 3817 699 3871 haec
715 3818 815 3887 hydria
827 3836 899 3873 nunc
910 3818 1084 3872 Monacensis
1104 3822 1139 3886 (n.
1155 3825 1202 3873 731

56 3908 87 3961 in
107 3907 196 3961 Iahnii
216 3908 352 3978 Catalogo
370 3929 397 3978 p.
416 3916 465 3964 117
485 3913 537 3977 sq.)
556 3910 592 3963 ab
611 3912 709 3965 eodem
727 3912 824 3966 Iahnio
841 3913 870 3964 in
888 3912 965 3965 Actis
984 3894 1130 3966 Societatis
1149 3911 1202 3965 litt.

57 4001 214 4056 Saxonicae
236 3990 290 4057 ¹vol.
315 4002 353 4055 Vl
378 4006 412 4070 (a.
439 4007 513 4069 1851)
536 4023 563 4072 p.
582 4010 613 4057 87
632 4021 692 4071 sqq.
718 4036 750 4043 —
780 4004 907 4058 Ceterum
931 4005 965 4060 de
989 4004 1050 4057 unis
1075 4022 1202 4059 vasorum

55 4093 176 4164 pict-uris
195 4095 312 4148 (linimus
333 4113 424 4164 supra,
447 4113 498 4149 nec
516 4097 572 4150 ulia
589 4101 831 4152 monumentorum
855 4115 962 4166 genera
979 4097 1148 4163 ornavimus,
1173 4098 1202 4150 in

56 4185 160 4255 quibus
185 4189 361 4258 (anaglyphis
383 4188 560 4259 potissimum
582 4191 781 4258 Romanonmr)
810 4207 881 4257 quae
903 4192 1115 4260 repraesentata
1135 4193 1203 4249 „suut

55 4278 171 4351 opificia
194 4281 222 4334 et
244 4282 370 4350 negotia,
394 4283 517 4337 eiusdem
540 4282 629 4337 Iahnii
651 4284 740 4337 doctis
763 4283 834 4338 curis
858 4283 1013 4353 composita
1035 4286 1119 4351 atque
1142 4283 1201 4336 illu·

54 4375 151 4430 strata
168 4378 233 4427 sunt
250 4374 354 4429 ibidem
371 4376 425 4430 vol.
444 4375 508 4429 XIII
529 4378 563 4441 (a.
586 4378 660 4443 1861)
679 4395 705 4445 p.
725 4383 773 4432 291
793 4378 863 4445 sqq]
