2896 4996
474 356 521 402 nu
545 355 614 403 ono
638 355 681 402 11
705 354 846 402 οιιιοιιιι.
1172 336 1234 399 603

27 570 29 573 ,
89 515 175 578 tiens
196 511 431 597 quinquagiens
450 510 688 573 commemorari
707 510 823 591 01111,
851 508 903 572 vix
922 507 1053 571 triciens
1070 505 1232 569 Orionem.

92 627 198 708 Atque
220 624 256 686 in
278 623 362 687 hanc
385 625 510 705 partem
525 621 723 685 nondubito
744 627 851 685 seriem
874 620 962 682 illum
979 625 1169 698 popinarum
1187 617 1234 679 in-

92 734 273 818 terpretari.
319 734 454 818 Singula
476 755 538 816 quo
560 732 653 795 modo
675 732 880 812 definiantur,
908 728 1050 793 nondum
1072 728 1164 791 huius
1187 732 1236 791 est

91 838 154 910 loci
177 844 336 929 persequi.
371 845 569 927 Quamquam
591 866 690 907 unum
712 843 772 906 hoc
796 840 958 905 commode
980 840 1058 904 lieet
1080 839 1233 921 subicere,

91 956 256 1020 verissime
282 955 315 1019 in
338 955 446 1039 Etym.
470 955 514 1018 M.
538 977 569 1038 p.
595 955 652 1036 91,
676 954 717 1018 28
741 953 853 1018 011911
877 952 976 1016 Orum
1004 950 1114 1014 cedere
1142 971 1235 1033 prop-

90 1071 142 1130 ter
168 1066 312 1130 Zonarae
341 1065 564 1129 auctoritatem
591 1088 622 1149 p.
650 1064 724 1147 151,
760 1064 902 1129 omnium
929 1060 1168 1148 diligentissimi
1201 1060 1235 1126 ir.

91 1178 153 1242 hoc
175 1198 294 1264 genere
316 1176 500 1263 etymologi.

618 1403 712 1482 51.

180 1554 349 1620 Contraria
381 1555 470 1637 huic,
506 1577 599 1639 quern
637 1555 730 1618 modo
764 1553 989 1635 tractavimus>
1027 1552 1097 1615 loco
1134 1552 1235 1615 altera

91 1665 238 1749 quaestio
260 1665 316 1728 illa
339 1669 401 1748 951,
431 1688 507 1729 num
530 1666 629 1748 forte,
660 1665 761 1729 sicubi
784 1665 861 1729 Orio
889 1686 996 1728 earum
1019 1685 1125 1727 rerum
1146 1664 1237 1726 testis

91 1776 261 1853 excitetur,
285 1776 422 1860 quaein
446 1777 512 1841 eius
535 1776 637 1840 lexico
659 1776 791 1840 minime
814 1774 970 1858 reperias,
995 1774 1033 1837 de
1057 1775 1237 1857 permutato

92 1908 166 1948 cum
197 1885 314 1951 Orione
343 1888 408 1951 Oro
438 1887 645 1971 cogitandum
672 1887 715 1950 sit
743 1886 904 1970 similiter,
937 1889 1031 1968 atque
1059 1885 1098 1948 de
1125 1884 1237 1967 depra-

91 2000 169 2059 vato
192 1996 226 2060 in
248 1997 346 2076 Ὠροε
369 1997 486 2077 Ὠρίων
509 1997 638 2061 nomine
661 1997 697 2061 in
718 1997 876 2081 prioribus
898 1995 971 2059 illis.
1006 1995 1130 2079 Tetigit
1152 1994 1237 2058 hunc

91 2107 199 2170 locum
227 2106 369 2171 Sturzius
397 2108 498 2191 praef.
529 2132 560 2192 p.
585 2107 647 2191 VI,
681 2130 774 2192 quern
804 2079 931 2191 quidem
959 2106 1068 2170 mirari
1102 2106 1178 2170 licet
1205 2108 1238 2168 91
1255 2112 1286 2159 ‘20
1345 2146 1347 2149 .

91 2239 193 2280 unum
215 2220 341 2281 tantum
357 2219 502 2282 nancisci
523 2218 615 2282 istius
630 2217 716 2282 modi
732 2219 911 2302 exemplum
927 2217 1083 2301 potuisse,
1109 2219 1141 2279 et
1164 2237 1237 2279 vero

91 2327 172 2390 illud
200 2350 328 2410 prorsus
356 2329 398 2391 ob
425 2328 486 2392 hac
515 2351 626 2394 caussa
654 2330 804 2393 alienum.
850 2328 945 2413 Apud
974 2328 1125 2394 Orionem
1152 2326 1238 2390 enim

93 2460 169 2501 eum
190 2461 223 2520 p.
247 2438 289 2501 22
296 2489 305 2522 ,
325 2440 362 2502 17
391 2440 471 2504 haec
499 2441 665 2525 legantur:
694 2440 816 2519 Ἀγυιοί,
838 2441 857 2519 ἡ
881 2440 975 2518 δδόε,
997 2439 1086 2519 παρὰ
1108 2439 1145 2502 τὸ
1168 2438 1237 2514 ἄγω

91 2549 132 2613 τὸ
156 2542 349 2633 πορεύομαί,
379 2551 589 2633 supplendam
615 2551 669 2638 ille
692 2551 776 2615 hanc
798 2550 997 2614 notationem
1020 2538 1168 2613 odoratus
1191 2550 1239 2611 est

93 2681 135 2722 ex
162 2657 299 2722 Bekkeri
322 2658 491 2747 (υναγωγῇ
514 2664 633 2728 λέξεων
665 2663 824 2743 χρηείμων
847 2661 971 2726 Anecd.
999 2683 1047 2746 gr.
1069 2652 1138 2743 lp.
1164 2658 1237 2740 332,

95 2767 152 2832 13:
186 2770 318 2850 Ἀγυιαί,
347 2771 496 2853 ἄμφοδα,
529 2773 630 2853 ρὓαι.
679 2775 728 2837 καὶ
761 2770 903 2852 Ὅμηρο(
927 2773 1125 2853 ἐὐρυάγυιαν
1155 2772 1239 2847 λέγει

92 2875 154 2959 τὴν
177 2883 450 2963 πλατυάμφοδον,
473 2883 544 2948 οἷον

328 3048 388 3111 νῦν
410 3046 472 3124 γάρ
495 3066 549 3110 κεν
573 3046 658 3110 έλοιε
680 3047 775 3111 πόλιν
799 3045 999 3124 εὐρυάγυιαν.

93 3197 115 3274 ἢ
146 3195 303 3274 ἐπιμήκεις
334 3198 420 3276 ὁδοί,
452 3200 541 3277 παρὰ
568 3200 606 3264 τὸ
634 3200 674 3279 μὴ
703 3199 788 3278 ἔχειν
815 3219 885 3263 πω(
911 3202 985 3287 γυῖα
1013 3198 1075 3262 καὶ.
1089 3198 1166 3277 μέλη
1190 3198 1239 3261 καί

94 3305 247 3385 κάμψειε·
281 3308 321 3372 τὰ
352 3311 387 3372 δὲ
421 3308 554 3389 ἄμφοδα
584 3309 711 3388 έχουιιν
748 3310 944 3388 ἑκατέρωθεν
978 3309 1156 3387 διεξόδους,
1190 3310 1239 3373 καὶ

93 3415 195 3500 ταύτῃ
218 3419 369 3498 διαφέρει.
413 3421 433 3498 ἢ
455 3420 543 3499 παρὰ
565 3421 602 3484 τὸ
626 3419 694 3495 ἄγω
717 3421 754 3484 τὸ
777 3420 971 3499 πορεύομαι,
995 3419 1066 3484 οἷον
1180 3422 1182 3425 ’

271 3571 428 3651 Λαοδίκην
451 3571 607 3649 ἐεάγουια
629 3576 797 3651 θυγατρῶν
820 3572 906 3637 εἶδοε
929 3572 1065 3652 ἀρίιτην.

92 3722 226 3787 οὕτω(
257 3724 402 3803 Ὠρίων.
456 3725 578 3789 111115
612 3725 753 3809 Sturzio,
792 3725 875 3808 quod
912 3725 989 3788 alibi
1022 3745 1117 3808 saepe
1154 3725 1237 3808 aliis,

90 3832 302 3917 1111111111,
332 3835 413 3918 quod
438 3836 625 3919 coniuncta,
657 3858 738 3920 quae
766 3835 832 3919 ipse
862 3836 1090 3921 grammaticus
1119 3837 1138 3917 ἤ
1167 3858 1238 3918 par·

88 3943 204 4008 ticulis
227 3944 447 4030 disiunxisset,
478 3947 517 4010 ad
545 3970 644 4011 unum
666 3947 791 4011 rettulit
813 3947 981 4030 Orionem,
1012 3948 1099 4011 ouius
1121 3968 1239 4010 nomen

89 4053 137 4118 ad
160 4053 308 4118 ultimam
330 4059 456 4121 tantum
479 4061 605 4141 purtem
633 4081 651 4123 a
682 4060 769 4139 παρὰ
796 4060 833 4124 τὸ
856 4058 926 4137 ἄγω
950 4058 1059 4121 1911115
1081 4058 1237 4142 pertinet:

86 4170 147 4247 11,
178 4166 242 4229 1151
269 4166 352 4230 forte
374 4188 482 4232 versus
505 4168 710 4253 Homericus,
739 4169 822 4233 nihil
850 4169 885 4234 in
908 4168 1037 4233 Orionis
1062 4170 1164 4233 lexico
1187 4190 1238 4232 ex-

84 4276 221 4347 ciderit.
261 4276 350 4351 Quod
372 4278 498 4362 quidem
520 4281 566 4343 ita
589 4302 673 4364 esse,
696 4280 877 4345 firmissimo
897 4284 1087 4366 orgmnento
1110 4282 1238 4345 demon-

79 4389 193 4460 strari
223 4387 350 4452 aliunde
377 4392 492 4473 potest.
538 4391 588 4454 Ex
617 4390 661 4455 eis
689 4392 789 4477 enim,
824 4414 904 4477 quae
934 4391 1174 4479 Prolegomenis
1203 4393 1237 4457 in
