2948 4996
238 315 300 381 428
677 332 723 378 11
747 331 947 379 1811111118

241 487 320 550 clem
336 486 482 549 vidimus.
514 485 612 569 quue
627 481 861 548 Valckenarius
876 483 990 547 statuit
1001 483 1210 549 adnotatione
1229 486 1270 549 ad
1281 485 1379 550 schol.

240 596 361 660 Phoen.
391 619 421 659 1.
446 596 508 659 688
536 618 567 678 p.
591 595 669 659 689:
708 596 795 658 cuius
822 595 937 658 mirere
965 595 1235 677 inconstantiam,
1264 596 1381 679 quippe

240 706 349 790 quiin
377 705 577 789 praefatione
606 705 646 767 ad
675 704 800 768 easdem
827 703 1019 769 Phoenissas
1046 728 1078 787 p.
1103 704 1166 769 VII
1196 727 1318 770 anuum
1340 707 1380 770 ol.

239 815 346 881 XCIII
368 815 497 879 tertium
520 814 683 897 Euripidis
711 815 805 877 morti
829 815 1024 899 adsignant,
1053 815 1193 898 primum
1218 819 1326 880 autem
1348 818 1382 881 111

239 926 386 990 Diatribe
415 949 446 1008 p.
474 926 530 988 191
561 931 588 988 I).
634 924 751 999 Quodsi
779 925 819 988 ol.
850 923 973 1007 XCIII,
1002 925 1022 988 2
1050 929 1212 989 mortuum
1238 927 1383 991 volumus

241 1059 309 1102 esse
332 1036 534 1119 Euripidem,
564 1057 686 1098 rursum
716 1034 1031 1119 chronographorum
1054 1036 1147 1099 nobis
1169 1036 1289 1101 iudicia
1311 1059 1383 1121 gra-

239 1146 451 1228 vissimorum,
476 1144 661 1228 Apollodori
685 1148 717 1208 ct
739 1144 973 1229 Eratosthenis
997 1144 1160 1210 reicienda
1182 1152 1268 1211 sunt.

324 1258 395 1321 Iam
421 1278 507 1320 nunc
535 1277 610 1319 vero
643 1259 778 1339 apparet
810 1255 909 1340 (infra
943 1260 1049 1320 autem
1082 1257 1253 1341 apparebIt
1287 1258 1384 1322 etiam

240 1366 463 1452 luculentius),
498 1389 593 1449 quam
625 1365 807 1429 necessaria
838 1366 936 1430 fuerit
970 1367 1041 1449 illa,
1080 1390 1176 1451 quam
1210 1367 1249 1431 de
1279 1372 1384 1432 aetate

240 1477 393 1543 Archelai
420 1476 658 1560 praemisimus,
688 1475 877 1559 disputatio:
915 1477 968 1560 qui
996 1477 1022 1539 si
1050 1477 1218 1560 imperium
1248 1479 1384 1562 capessi·

241 1589 327 1652 verit
350 1588 391 1650 oI.
422 1586 602 1667 1111113,
626 1586 659 1648 id
686 1586 770 1671 quod
799 1586 923 1650 censuit
950 1588 1172 1670 Oasaubonus,
1202 1610 1265 1672 quo
1291 1588 1383 1652 modo

241 1697 372 1763 tandem
394 1697 478 1780 apud
501 1718 572 1760 eum
594 1696 673 1759 mori
696 1700 823 1780 poterat
845 1696 1037 1780 Euripides?
1166 1769 1170 1776 ,

329 1807 505 1891 Vtcumque
533 1806 632 1890 igitur
659 1807 736 1870 illud
764 1812 827 1888 cst,
861 1806 1030 1891 Euripides
1059 1808 1233 1890 perbreve
1258 1813 1384 1872 tantum

241 1919 393 2001 temporis
416 1917 555 2000 spatirun
578 1921 721 1980 versatus
745 1938 813 1981 esse
836 1917 920 1999 apud
944 1917 1136 1981 Archelaum
1158 1922 1277 2001 potest.
1314 1919 1382 1982 Pel·

241 2030 307 2091 Iam
329 2029 413 2091 enim
436 2027 588 2111 migravit
614 2049 681 2090 non
709 2032 784 2090 ante
813 2027 1002 2111 olympiadis
1025 2027 1114 2093 XOH
1143 2050 1266 2092 annum
1294 2051 1383 2112 quar·

241 2142 310 2202 tum
317 2189 325 2221 ,
359 2141 502 2202 mortuus
532 2141 637 2201 autem
668 2141 752 2202 certe
779 2141 852 2221 post
880 2137 997 2222 olymp.
1026 2137 1150 2220 XCIII,
1181 2140 1201 2202 3
1229 2160 1297 2202 non
1325 2144 1382 2202 est.

193 2266 223 2314 11
242 2249 310 2324 Quo
332 2252 474 2332 tempore
497 2248 523 2311 si
547 2247 703 2332 Agatho
733 2247 859 2311 circiter
881 2247 937 2311 XL
966 2249 1082 2312 aetatis
1109 2270 1231 2311 annum
1254 2249 1382 2333 agebat,

246 2364 364 2422 natus
392 2359 434 2422 sit
465 2379 594 2421 necesse
621 2361 670 2420 est
694 2358 800 2421 intra
826 2359 874 2421 oI.
902 2357 1082 2421 LXXXII
1107 2380 1252 2421 annum
1279 2380 1384 2443 quar-

243 2472 323 2531 tum
351 2472 389 2532 81
413 2470 460 2531 oI.
488 2468 689 2532 LXXXIII
721 2469 894 2531 tertium.
937 2468 1026 2543 Quod
1050 2468 1177 2551 quidem
1204 2468 1384 2533 accuratius

244 2579 368 2641 definiri
397 2582 503 2660 potest
530 2601 568 2642 ex
592 2579 732 2642 Socratis
761 2579 865 2641 verbis
888 2578 972 2662 apud
994 2578 1163 2641 Platonem
1186 2578 1384 2663 Protagorae

244 2712 275 2772 p.
303 2688 366 2751 315
392 2694 429 2751 J).
456 2694 487 2752 Ε
510 2689 583 2772 (161
608 2687 741 2772 Berky:
786 2690 1006 2767 παρεκάθηντο
1034 2692 1068 2753 δὲ
1091 2688 1180 2773 αὐτῷ
1213 2689 1383 2773 (Προδίκῳ)

244 2800 295 2863 ἐπὶ
316 2803 384 2863 ταῖς
406 2800 538 2878 πλητίον
562 2799 679 2862 κλίναι(
702 2800 883 2864 Παυςανία(
902 2799 970 2863 τεὸ
993 2799 1027 2861 ἐκ
1044 2799 1213 2877 Κεραμέων
1238 2802 1289 2862 καὶ
1309 2800 1385 2878 μετὰ

243 2911 427 2975 Παυεανίου
451 2911 543 2974 νέον
568 2931 602 2972 τι
625 2910 680 2973 ἔτι
707 2911 929 2986 μειράκιον,
960 2908 1004 2971 ὡ(
1034 2910 1090 2986 μὲν
1114 2909 1252 2993 ἐγῷμαι,
1289 2910 1385 2973 καλόν

243 3043 277 3085 τε
300 3022 440 3098 κάγαθὸν
463 3023 520 3098 τὴν
543 3020 655 3099 φύειν,
684 3021 742 3097 τὴν
770 3020 804 3082 δ’
828 3018 887 3082 οὖν
916 3018 1003 3084 ἰδέαν
1031 3019 1115 3082 πάνυ
1138 3019 1246 3082 καλός.
1293 3020 1386 3084 ἔδοξα

244 3134 376 3195 ἀκοῦτοι
398 3130 503 3208 ὄνομα
525 3129 613 3212 αὐτῷ
642 3128 723 3220 εἶναι
746 3129 925 3205 Ἀγάθωνα,
954 3130 1004 3192 καὶ
1031 3129 1089 3192 οὐκ
1117 3129 1157 3192 ἂν
1188 3132 1386 3207 θαυμάζοιμι,

215 3228 217 3235 ’
244 3241 270 3304 εἰ
293 3242 421 3304 παιδικὰ
442 3240 628 3303 Παυεανίου
656 3240 806 3317 τυγχάνει
832 3239 889 3302 ὤν.
933 3240 1030 3302 τοῦτό
1056 3240 1088 3301 τ’
1111 3237 1171 3302 οὖν
1198 3240 1236 3302 τὸ
1261 3242 1385 3318 μειρά-

244 3371 328 3413 κιον
357 3352 407 3413 καὶ
430 3398 437 3411 .
464 3398 471 3411 .
498 3398 504 3410 .
531 3350 674 3411 ,1111111
703 3348 787 3410 enim
815 3368 888 3410 vere
917 3348 963 3409 sic
996 3347 1135 3410 arbitror
1161 3346 1388 3412 Heindorfium

246 3459 419 3522 correxisse
426 3508 435 3539 ,
465 3459 652 3541 praesertim
682 3479 752 3520 cum
780 3458 815 3520 in
842 3456 989 3521 Parisino
1015 3456 1042 3519 E
1070 3456 1226 3539 scripturn
1256 3459 1300 3521 sit
1329 3452 1388 3566 (ἦυζ.

245 3569 400 3654 Dialogus
422 3568 476 3632 1118
498 3568 626 3631 habitus
649 3590 716 3630 esse
739 3568 873 3652 fingitur
895 3566 1084 3652 olympiadis
1099 3565 1288 3632 LXXXVII
1304 3592 1390 3634 anno

246 3680 399 3743 secundo:
422 3680 582 3759 μειρακίου
606 3682 711 3741 autem
735 3681 812 3742 νέου
835 3678 880 3742 ἔτι
901 3677 997 3742 ὄντος
1015 3679 1153 3741 aetatem
1169 3699 1235 3741 nou
1253 3679 1390 3743 multum

244 3789 395 3852 fallamur
423 3789 477 3852 ubi
505 3787 583 3852 XVI
611 3788 738 3852 circiter
764 3810 921 3851 annorum
949 3810 1016 3852 esse
1044 3787 1229 3851 statuimus:
1262 3813 1302 3853 ex
1331 3813 1392 3875 quo

246 3900 465 3982 consequitur,
503 3902 636 3961 natum
672 3920 755 3961 esse
789 3899 1042 3982 Agathonem
1079 3919 1183 3961 anno
1221 3900 1394 3964 81181181

246 4009 368 4092 primo
391 4009 628 4092 olympiadis
651 4007 898 4090 LXXXIII.*)
942 4007 1002 4071 Sed
1026 4007 1224 4091 quodmodo
1250 4012 1395 4093 poneba·

314 4265 338 4328 *y
358 4263 475 4332 [Mecum
497 4263 586 4317 sensit
603 4264 797 4331 Kruegerus
819 4263 964 4316 Fastorum
989 4261 1227 4316 Clintonianorum
1251 4263 1396 4334 interpres

246 4372 272 4423 p.
293 4355 421 4409 1118111.
442 4374 466 4424 p.
488 4356 602 4409 XXXIII
620 4356 684 4410 adn.
720 4356 778 4410 Nee
801 4358 857 4411 fere
879 4355 931 4409 nisi
954 4355 1052 4409 levitor
1069 4355 1271 4410 Welckerus
1290 4357 1397 4413 discre-
