2948 4996
430 317 467 369 m
489 315 663 371 insonum
685 314 950 369 eaouarnuvu..
1195 299 1259 367 385

114 480 213 560 poeta
227 480 322 540 vocat
336 498 366 540 v.
384 476 456 539 733.
474 476 536 540 735
558 475 688 539 αὐλῶνα
705 474 899 554 Μαιωτικόν,
917 472 1004 536 cuius
1026 471 1081 536 ille
1103 475 1256 556 pareest:

115 586 278 670 quoniam,
308 586 493 670 priusquam
516 584 740 668 permeabatur
766 585 807 647 ab
828 584 922 665 lone,
948 582 1102 666 peculiari
1128 582 1257 646 nomine

116 697 250 760 carebat
287 696 508 779 communique
541 694 709 758 Maeotidis
745 694 875 758 nomine
913 692 1257 777 comprehendebatur:

115 807 164 869 ita
191 828 320 890 prorsus
343 805 508 869 Thracius·
527 825 649 888 quoque
672 802 848 887 Bosporus,
885 804 925 867 ab
959 802 1085 887 virgine
1116 802 1258 866 nondum

116 920 341 998 transcensus,
365 919 480 999 poetae
501 937 559 998 pro
575 918 666 997 parte
682 914 778 978 Ponti
795 913 914 977 Euxini
937 916 996 995 est,
1021 912 1109 976 cuius
1131 912 1258 996 quidem

115 1028 247 1110 propria
275 1026 448 1110 appellatio
478 1047 549 1089 cum
581 1024 679 1087 fuerit
704 1025 849 1106 Πόντοτ,
885 1023 967 1122 nihil
994 1023 1100 1086 Vossii
1133 1022 1257 1086 ratione

117 1158 186 1199 esse
208 1139 314 1219 potest
335 1134 520 1218 simplicius.
559 1133 620 1198 Sed
642 1134 676 1197 in
699 1156 736 1198 eo
759 1134 842 1197 idem
864 1126 998 1216 fallitur,
1023 1132 1105 1217 quod
1128 1134 1257 1212 ῥεῖθρον

116 1246 195 1309 illud
223 1269 253 1309 v.
278 1246 339 1310 792
373 1245 543 1309 Phasidem
576 1245 822 1327 interpretatur,
856 1247 967 1329 utpote
1001 1244 1036 1307 in
1068 1242 1258 1307 Prometheo

116 1356 221 1420 soluto
242 1356 277 1419 in
300 1355 397 1419 Asiae
424 1358 456 1419 et
478 1354 626 1438 Europae
654 1354 801 1418 confiniis
830 1355 1040 1435 collocatum,
1069 1353 1108 1416 de
1141 1353 1257 1438 palude

117 1465 278 1529 Maeotide
314 1488 380 1530 non
416 1466 493 1529 lieet
531 1465 677 1531 dubitare
715 1468 845 1547 propter
881 1463 1075 1529 evidentiam
1110 1485 1258 1527 versuum

117 1575 296 1640 733-737.
315 1615 356 1624 -
380 1577 415 1640 δέ
438 1575 630 1659 particulam
645 1598 674 1639 v.
693 1575 754 1639 719
777 1580 951 1659 expimgat,
976 1574 1029 1658 qui
1052 1595 1118 1637 uon
1133 1573 1256 1657 patien-

115 1687 191 1749 dam
214 1685 340 1749 duxerit
365 1686 401 1749 in
424 1684 608 1770 apodosi.*)

201 1795 242 1859 V.
268 1796 328 1859 728
354 1800 485 1875 τραχεῖα
512 1796 670 1861 Πόντου
699 1796 893 1875 (αλμυδητία
921 1796 1054 1872 recidor:
1093 1794 1131 1858 de
1153 1793 1257 1858 Ponto

115 1905 203 1969 enim
225 1905 352 1969 Euxino
374 1905 490 1990 agitur.

201 2014 242 2078 V.
267 2015 329 2080 759
352 2017 455 2081 ἔττιν
479 2015 682 2079 scribendum
704 2017 894 2098 necessario,
923 2038 980 2099 pro
1003 2017 1129 2083 ἔξεετιν.

201 2124 242 2189 V.
273 2126 331 2188 761
367 2126 525 2189 immerito
553 2124 752 2189 Blomfieldio
780 2127 1001 2209 reprobatum,
1036 2127 1118 2211 quod
1147 2130 1196 2189 cst
1222 2127 1257 2189 in

115 2235 240 2318 aliquot
256 2235 432 2299 codicibus:
455 2237 553 2317 πρὸ(
576 2236 692 2300 αὐτὸ(
716 2237 848 2301 αὑτοῦ.
885 2236 937 2319 Οό.Ι
951 2259 981 2300 v.
999 2237 1060 2300 923
1083 2238 1137 2302 ἐπ’
1160 2237 1256 2301 αὐτὸ(

114 2346 222 2430 αὐτῷ,
247 2367 276 2408 v.
299 2345 361 2409 276
382 2348 464 2425 πρὸ(
487 2345 600 2411 ἄλλοτ’
623 2346 735 2411 ἄλλον.
774 2345 855 2410 Vide
879 2347 999 2412 Comm.
1026 2347 1095 2410 crit.
1120 2347 1155 2410 in
1177 2346 1255 2412 Oed.

115 2455 186 2520 001.
209 2455 282 2519 849.

202 2564 243 2627 V.
269 2565 330 2629 795
352 2565 434 2648 quod
458 2563 639 2630 Brunckius
661 2567 768 2650 posuit
791 2568 919 2631 auribus
941 2568 1146 2652 gratificans:
1170 2569 1256 2633 ὅπου

113 2714 159 2726 --
180 2675 216 2739 Αἱ
244 2676 412 2755 Φορκίδες,
445 2676 587 2760 eleganti
621 2676 737 2740 iudicio
771 2677 895 2740 nititur.
940 2677 1121 2742 Articulum
1148 2679 1176 2742 si
1204 2679 1257 2762 qui

114 2785 192 2848 libri
215 2785 410 2868 omitterent,
433 2785 560 2868 placere
582 2790 689 2869 posset
708 2786 763 2852 ἵνα
777 2826 820 2835 --
840 2788 1045 2868 Φορκυνίδεε.
1092 2787 1154 2853 Sed
1175 2787 1257 2850 nihil

113 2895 315 2958 mutandum.

201 3004 243 3068 V.
260 3005 320 3069 901
344 3006 426 3089 quod
448 3006 619 3070 multorum
641 3006 715 3069 tulit
731 3009 958 3089 assensionem,
982 3006 1142 3073 Schuetzii
1164 3010 1253 3091 μέγα,
1268 3025 1346 3075 xxvii

114 3114 350 3198 explodendum
373 3119 509 3180 estnon
531 3139 595 3180 una
618 3117 656 3180 de
680 3139 801 3181 caussa.
838 3118 912 3182 Sola
935 3122 1186 3202 superstructum
1209 3122 1258 3181 est

114 3224 257 3288 Aldinae
279 3225 437 3309 scriptura
459 3228 599 3310 μεγάμῳ,
623 3248 815 3310 quaequam
836 3229 878 3290 sit
892 3229 1053 3293 infirmum
1068 3228 1257 3292 fundamen-

113 3338 199 3416 tum,
224 3356 295 3398 cum
317 3357 354 3398 ex
377 3337 465 3401 tenui
488 3337 572 3399 illius
594 3336 669 3399 libri
692 3337 882 3401 auctoritate
904 3337 1105 3423 intellegitur
1127 3342 1195 3402 tuni
1218 3360 1256 3402 ex

112 3443 306 3508 relicuorum
343 3445 486 3509 codicum
522 3446 616 3509 simul
653 3450 685 3509 et
720 3447 912 3510 scholiastae
946 3451 1164 3531 consensione,
1203 3449 1256 3532 qui

112 3557 249 3617 tuentur
267 3557 369 3640 γάμῳ.
400 3555 571 3620 Praeterea
593 3556 709 3620 mirum
730 3560 885 3640 quantum
906 3557 1096 3643 infringitur
1116 3558 1164 3622 vis
1187 3580 1268 3645 sen-¹

112 3664 256 3727 tentiae:
279 3666 378 3729 multo
394 3665 479 3729 euim
495 3666 610 3729 fortius
634 3670 682 3730 est
704 3670 908 3747 δαπτομέναν
925 3691 1018 3753 quam
1035 3671 1115 3748 μέγα
1137 3674 1256 3734 δαπτο-

112 3776 225 3854 μέναν.
269 3774 414 3859 Denique
443 3798 509 3839 non
535 3780 642 3860 potest
669 3776 710 3840 ab
738 3778 852 3842 horum
873 3779 1040 3843 verborum
1062 3778 1257 3844 iudicatione

185 3970 211 4035 *)
242 3969 331 4037 [Hane
360 3968 394 4023 de
416 3969 491 4023 Iouis
514 3970 654 4025 erroribus
682 3970 899 4041 disputationem
921 3973 1113 4043 Reisigiauam
1136 3992 1197 4028 cum
1220 3973 1256 4027 ab

111 4060 179 4115 aliis
198 4062 356 4129 neglectam
373 4061 454 4116 video
472 4064 533 4117 tum
551 4081 568 4117 a
586 4063 813 4118 dissertationum
835 4066 951 4119 duarum
968 4065 1156 4121 Bonnensium
1174 4068 1257 4135 serip-

110 4154 239 4221 toribus,
270 4171 386 4221 quarum
410 4156 500 4210 altera
522 4155 552 4210 P.
577 4157 597 4213 I.
620 4157 749 4225 Meyeri
777 4157 922 4225 ‘Aeschyli
944 4159 1126 4217 Prometheus
1149 4161 1256 4213 vinctus

111 4265 171 4316 quo
188 4246 219 4300 in
235 4247 298 4301 loco
316 4248 363 4317 agi
380 4248 519 4304 videatur’
537 4250 642 4319 prodiit
660 4268 684 4304 a.
701 4257 774 4316 1861,
793 4251 882 4304 altera
894 4250 974 4304 Bcrn.
994 4251 1106 4305 Fossii
1126 4252 1177 4306 ‘De
1195 4254 1256 4307 loco

109 4342 143 4396 in
162 4357 218 4407 quo
235 4340 422 4396 Prometheus
438 4342 512 4411 apud
528 4343 697 4411 Aeschylum
715 4343 822 4398 vinctus
841 4343 886 4396 sit'
906 4362 930 4397 a.
952 4347 1036 4412 laea]

167 4445 212 4478 FB.
232 4445 398 4479 atrocum!
419 4445 563 4479 censente
583 4449 601 4481 1.
1013 4432 1055 4496 25
