2904 4996
493 346 653 395 0011111110
676 346 848 393 carneas.
1180 331 1241 393 113

186 501 226 563 111
253 449 427 563 eiuddem
455 499 617 563 fabulae
640 499 726 562 exitu
748 520 829 582 quae
851 498 912 562 duo
935 502 1011 561 sunt
1032 498 1239 581 hemichoria‚

100 632 210 674 eornm
233 610 374 673 nondum
396 609 545 673 restituta
573 612 622 673 est
642 609 825 693 integritas
870 608 1006 673 Versum
1029 611 1135 672 autem
1160 609 1241 674 1058

100 719 210 807 [1052]
246 720 306 783 etsi
334 720 496 801 praeclare
524 719 638 784 Petrus
665 718 836 782 Elmsleius
870 718 1030 803 supplevit
1063 718 1171 781 adnot.
1201 719 1241 782 ad

100 828 264 912 Euripidis
287 829 419 892 Medeae
442 852 471 893 v.
492 829 589 906 1224:
612 830 719 908 δράτω
742 850 776 893 τι
798 829 912 893 πόλι(
934 866 986 911 -—‚
1010 831 1120 891 tamen
1144 828 1241 891 etiam

100 939 281 1023 graviorem
303 941 463 1023 quandam
486 940 520 1003 in
542 939 606 1002 illis
629 959 697 1002 esse
720 938 869 1002 lacunam
895 938 1025 1002 alterins
1054 938 1240 1002 hemiehorii

99 1049 318 1132 discrepantia
346 1049 506 1132 arguitur,
536 1049 619 1132 quod
646 1071 711 1112 una
739 1048 946 1132 anapaestica
974 1047 1103 1131 dipodia
1126 1048 1241 1131 prioris

99 1159 283 1242 systematis
311 1159 467 1222 ambitum
502 1158 637 1222 excedit.
687 1157 865 1241 Reputanti
898 1162 1004 1222 autem
1036 1157 1131 1240 mihi,
1166 1157 1241 1241 quid

99 1268 209 1332 deesse
231 1268 392 1332 videretur
414 1268 455 1331 ad
477 1269 711 1332 sententiarum
733 1268 948 1350 intellectum,
978 1267 1056 1331 adeo
1079 1266 1242 1350 displicuit

99 1401 130 1442 v.
156 1377 235 1442 1061
261 1376 367 1465 [1055]
397 1377 585 1461 simpliciter
605 1379 744 1462 positum
765 1383 876 1460 γενεᾷ,
901 1380 937 1440 ut
959 1377 1111 1443 continuo
1134 1399 1241 1441 cenae·
1307 1383 1310 1391 '

99 1509 168 1551 rem
190 1487 307 1552 hocin
329 1488 399 1552 1000
422 1488 621 1553 intercidisse
643 1487 774 1572 aliquid,
799 1487 881 1570 quod
903 1488 1094 1551 monometri
1116 1509 1241 1550 mensu-

98 1618 170 1660 ram
197 1601 359 1681 aequaret.
404 1597 489 1661 Nam
518 1597 599 1682 quod
629 1597 820 1662 scholiastae
849 1597 883 1660 in
911 1601 1051 1661 mentem
1079 1596 1169 1660 venit
1196 1596 1242 1660 sic

14 1788 22 1801 ·
98 1707 283 1772 adnotanti:
316 1710 424 1793 γενεᾷ]
448 1715 486 1794 τῇ
510 1708 714 1793 ἀνθρωπίνῃ,
742 1707 774 1771 id
798 1706 1027 1770 alienissimum
1049 1710 1098 1770 est
1120 1729 1140 1770 a
1161 1699 1257 1769 veri-'

97 1821 179 1882 tate.
223 1818 456 1882 Inveniendum
480 1821 528 1882 est
555 1819 654 1902 igitur
677 1817 814 1902 aliquid,
843 1840 904 1900 quo
932 1821 965 1881 et
991 1818 1171 1881 sententiae
1194 1816 1240 1880 in·

95 1927 236 2012 tegritas
258 1910 446 1992 restituatur
469 1931 501 1992 et
524 1930 723 2012 corruptelae
753 1929 826 1992 fons
848 1930 1014 2011 appareat.
1055 1927 1133 1991 Eius
1155 1925 1240 1990 modi

96 2041 206 2101 autem
229 2038 322 2102 credo
344 2038 429 2103 hane
452 2061 520 2103 0000
542 2039 750 2122 scripturam:

249 2175 337 2254 ἡμεῖε
358 2177 415 2255 μὲν
437 2175 508 2255 ἴμεν
530 2177 580 2240 καὶ
603 2176 817 2254 (υνθάψομενγ

252 2284 320 2349 αἵδε
343 2286 546 2366 προπομποί·
573 2285 706 2363 καὶγὰρ
728 2289 844 2367 γενεᾷ
908 2332 919 2344 .

342 2401 384 2480 τῇ
410 2395 690 2480 Καδμογενεῑ*)

249 2505 361 2571 κοινὸν
382 2506 455 2570 τόδ>
476 2506 566 2588 ἄχος,
589 2507 640 2570 καὶ
662 2506 754 2569 πόλι(
776 2504 884 2571 ἄλλως

300 2614 415 2680 ἄλλοτ’
437 2616 563 2681 ἐπαινεῖ
584 2617 623 2680 τὰ
646 2615 757 2680 δίκαια.

93 2749 253 2833 Apprime
276 2750 362 2814 enim
384 2750 557 2835 respondet
579 2750 715 2814 alterum
739 2753 894 2835 systema:

248 2888 326 2966 μετὰ
347 2889 409 2966 γὰρ
431 2887 572 2967 μάκαρα(
594 2889 645 2952 καὶ
667 2889 749 2952 Διόε
772 2886 860 2966 ἰεχὺν

250 2996 306 3062 ὅδε
331 2998 495 3078 Καδμείων
518 2998 613 3077 ἤρυξε
637 2998 732 3062 πόλιν

341 3110 382 3188 μὴ
405 3095 620 3187 >νατραπῆναί

250 3219 325 3296 μηδ’
348 3217 546 3284 ἀλλοδαπῶν
568 3219 678 3297 κύματι
700 3221 824 3298 φωτῶν

297 3331 545 3407 κατακλυεθῆναι
566 3329 744 3408 ταμὰλιετα.

96 3478 230 3542 Etenim
252 3479 329 3543 illud
353 3480 417 3543 dici
439 3501 568 3543 necesse
592 3484 656 3562 est,
681 3501 881 3543 communem
904 3500 971 3542 0000
994 3477 1136 3542 omnium
1159 3477 1239 3541 The-

98 3589 256 3652 banorum
279 3588 375 3652 istum
397 3590 528 3672 luctum,
552 3591 703 3673 quoniam
720 3590 780 3654 1100
796 3593 985 3674 argumento
1006 3589 1123 3652 nititur
1144 3592 1239 3672 atque

97 3701 268 3762 excusatur
295 3698 383 3764 chori
411 3701 579 3764 consilium
608 3702 790 3784 sepulturae
820 3701 940 3764 honere
963 3699 1145 3783 Polynieem
1170 3700 1239 3762 affi-

98 3808 214 3872 ciendi.
252 3810 453 3891 Καδμογενή(
476 3811 668 3875 adiectivnm
691 3811 802 3875 eadem
824 3812 855 3874 vi
878 3810 1016 3894 positum
1040 3813 1088 3873 est
1110 3809 1239 3892 Septem

92 3918 135 3982 ad
158 3917 284 3982 Thebas
307 3942 337 3984 v.
361 3921 440 3986 285:
463 3924 558 3988 πόλιν
580 3924 630 3987 καὶ
653 3925 788 4002 (τρατόν
813 3924 998 4002 Καδμογενῆ
1023 3921 1141 4000 ῥύεεθε.
1179 3920 1239 3983 1110

91 4030 202 4094 autem
225 4028 296 4092 lusu
317 4030 523 4116 syllabarum,
547 4032 600 4116 qui
624 4033 765 4097 cernitur
787 4033 822 4097 in
844 4032 949 4097 verbis
972 4037 1093 4114 γενεᾷ
1116 4033 1239 4110 Καδμο-

161 4277 186 4344 *1
213 4277 285 4345 [Non
307 4278 434 4346 profecto
457 4294 503 4332 me
530 4277 659 4346 fugiebat
682 4277 767 4332 etiam
796 4285 831 4347 τῇ
857 4281 1002 4346 Καδμείων
1034 4278 1123 4334 conici
1150 4297 1235 4349 posse

89 4369 170 4441 qnod
187 4385 244 4423 non
262 4369 407 4442 displicere
426 4370 479 4425 sibi
496 4371 673 4427 Hermannus
693 4370 850 4441 signifieat]
