3008 5002
556 345 590 390 ιιι
614 342 896 392 Αιιωυοιυικκυιτ.
1067 302 1074 314 ’
1228 326 1291 388 2Οό

148 499 213 578 ἅμα
229 499 356 581 ἀντφδὴ
372 500 421 561 καὶ
437 499 664 578 άντίςτροφος,
680 498 717 561 τὸ
734 499 769 561 δὲ
784 497 922 576 ἕβδομον
938 496 1160 575 ἀντεπίρρημα.
1194 496 1290 559 Ταυτὶ

104 636 135 673 25
149 611 208 686 μὲν
231 612 299 674 τῶν
321 607 452 687 ἀνδρῶν
475 607 549 672 εἰςὶν
575 606 686 686 ὧνπερ
709 607 846 687 ἔφημεν·
874 605 995 684 κᾶνπερ
1017 605 1104 682 ἡμεῖς
1127 605 1290 683 ςυντάμως

148 722 201 782 καὶ
222 723 322 783 ταῦτα
344 719 394 781 καὶ
410 718 612 797 ςαφεςτέρως
628 716 814 795 εἰρήκειμεν,
838 716 876 780 τὸ
899 715 1012 794 ἀρνίον
1035 716 1136 779 δὲκαὶ
1157 715 1289 793 τραγίον

147 832 302 894 εκοπεῑτε.
360 828 493 892 Τούτοις
521 829 540 906 ἡ
567 829 705 907 ςτροφὴ’
722 828 771 890 καὶ
800 824 1011 905 ἀντίςτροφος
1045 824 1199 903 ἀνωτέρω
1233 826 1289 902 μὲν
1331 843 1341 853 ·

146 939 305 1018 ἐπίρρημα
327 937 491 1015 ἀκαλείτο,
520 941 579 1002 νῦν
608 939 643 1001 δὲ
665 921 685 1014 ἧ
708 938 775 1020 ᾠδὴ
798 938 937 1000 καλεῖται
959 936 1010 999 καί
1032 935 1171 1014 ςτροφὴ·
1193 935 1231 998 τὸ
1254 936 1289 997 δὲ

146 1049 215 1126 μετ’
242 1047 343 1125 αὐτὴν
370 1049 516 1125 πέμπτον
544 1048 640 1126 μέρος
669 1045 839 1124 ἐπίρρημα,
872 1045 1041 1128 ἡάντῳδὴ
1069 1045 1176 1108 δὲκαὶ
1203 1044 1288 1108 ἀντί-

101 1172 133 1211 ³⁰
149 1177 308 1236 ςτροφος,
331 1156 545 1237 ἀντεπίρρημα
567 1159 602 1221 δὲ
624 1158 661 1220 τὸ
677 1151 703 1221 ζ’
718 1156 828 1234 μέρος·
853 1155 932 1219 ὥςτε
948 1154 1126 1234 ςυμβαίνειν
1148 1155 1185 1218 τὸ
1201 1154 1287 1232 ἐπίρ-

148 1286 232 1345 ρημα
255 1268 465 1345 πεντώνυμον
480 1266 635 1344 γίνεεθαι,
659 1267 743 1345 ἔχειν
760 1266 817 1343 μὲν
833 1267 892 1343 τὴν
905 1265 1022 1328 ἑαυτοῦ
1042 1267 1164 1342 κλῆςιν,
1187 1267 1288 1327 καλεί-

119 1382 219 1439 ιςβαι
246 1378 282 1440 δὲ
308 1378 358 1440 καὶ
381 1378 524 1457 ςτροφὴν
547 1376 597 1440 καί
627 1375 857 1456 ἀντίςτροφον·
883 1375 903 1452 ἡ
930 1377 966 1439 δὲ
987 1376 1053 1458 ᾡδὴ
1081 1375 1149 1438 κατ’
1170 1374 1286 1437 αὐτοὺς
1306 1392 1353 1439 116

127 1488 287 1549 ,καλεῖται
317 1486 367 1548 καὶ
395 1487 517 1566 ςτροφὴ
547 1485 592 1549 ὡς
620 1485 640 1562 ἡ
671 1484 799 1572 ἀντῳδὴ
831 1487 882 1548 καὶ
913 1484 1134 1563 ἀντίςτροφος.
1185 1481 1289 1548 Ἀλλὰ

146 1599 249 1659 ταῦτα
270 1597 326 1673 μὲν
343 1595 373 1658 οἱ
394 1598 634 1674 κομψοπρεπεῑς
656 1596 800 1674 ἐξηγηταὶ
823 1596 872 1659 καὶ
899 1595 1093 1659 διδάςκαλοι·
1123 1592 1172 1657 οἷς
1195 1593 1288 1657 είπου

146 1706 208 1769 κᾶν
224 1708 294 1783 μιᾶς
305 1706 420 1770 λέξεως
432 1705 647 1785 ἀβαςανίςτως
662 1705 818 1782 ἔπείεθην,
835 1704 927 1769 εὐθὺς
942 1706 1009 1768 κατ’
1025 1705 1142 1769 αὐτοὺς
1155 1704 1289 1782 ἀνηρτη-

99 1838 115 1876 ⁵
146 1816 246 1892 μένος
261 1816 422 1893 μετέωρος
444 1814 551 1894 ἰκρίων
568 1820 626 1879 τοῦ
642 1816 784 1894 ψεύδους
799 1814 950 1894 ἀρίδηλος
968 1816 1106 1893 γέγονα,
1128 1814 1288 1894 τόργοιςιν

145 1925 291 2003 αἰώρημα
306 1924 444 2003 φοινίοις
459 1926 569 2004 δέμας·
591 1926 636 1989 ὡς
651 1924 722 2006 ἄρτι
736 1927 816 1989 ποτὲ
836 1926 894 2003 τὴν
910 1925 1034 2005 ἔφηβον
1050 1925 1160 2002 ἡλικόν
1175 1928 1287 1989 παςών

145 2035 199 2097 καὶ
220 2034 439 2115 τὸνάἰθέριον
462 2035 674 2114 ἐξηγούμενος
691 2035 852 2114 (Όμηρον,
875 2035 1009 2099 πειςθεὶς
1030 2035 1217 2118 Ἡλιοδώριρ
1240 2039 1286 2118 τῷ

146 2145 308 2226 βδελυρῷ,
331 2143 425 2210 εἰπον
448 2148 606 2210 ευνθεῑναι
628 2147 686 2211 τὸν
709 2145 853 2223 Ὅμηρον
876 2144 927 2208 ἐπὶ
948 2144 1173 2224 Πειςιςτράτου
1196 2144 1286 2224 ἑβδο·

144 2253 287 2331 μήκοντα
308 2254 367 2318 δύο
391 2257 529 2335 ςοφούς,
553 2254 601 2320 ὧν
617 2255 835 2335 ἑβδομήκοντα
856 2255 915 2318 δύο
939 2253 1022 2319 εἶναι
1041 2255 1092 2318 καὶ
1110 2256 1168 2319 τὸν
1184 2254 1286 2331 Ζηνό-

100 2367 246 2427 1οδοῖον
268 2364 318 2426 καὶ
341 2364 557 2444 Ἀρίςταρχον·
580 2365 680 2429 καίτοι
702 2365 861 2443 τεττάρων
884 2363 1014 2441 ἀνδρῶν
1038 2365 1089 2428 ἐπὶ
1106 2364 1286 2443 Πειειςτρά-

145 2492 206 2535 του
229 2474 408 2539 ςυνθέντων
436 2474 676 2554 τὸνὍμηρον,
705 2475 821 2539 οἵτινές
843 2474 917 2539 εἰςιν
940 2473 1045 2537 οὗτοι·
1067 2475 1286 2550 ἐπικόγκυλος,

145 2582 373 2660 Ὀνομάκριτος
407 2586 587 2661 Ἀθηναῖος,
621 2585 781 2664 Ζώπυρος
813 2585 1031 2663 Ἡρακλεώτης
1063 2584 1115 2648 καί
1148 2585 1286 2664 Ὀρφεὺς

146 2691 382 2770 Κροτωνιάτης·
405 2693 594 2772 Ζηνοδότου
617 2696 652 2758 δὲ
674 2695 803 2773 χρόνοις
827 2693 968 2773 ὑςτέροις
992 2694 1042 2758 ἐπὶ
1059 2698 1118 2758 τοῦ
1133 2694 1285 2758 Φιλαδέλ-

146 2821 215 2880 φου
243 2800 341 2866 αὐτὸν
369 2802 630 2883 ἀνορθώςαντος,
664 2803 781 2876 ἔπειταΙ
799 2806 835 2869 δὲ
862 2804 959 2868 πάλιν
987 2808 1046 2867 τοῦ
1073 2803 1284 2882 Ἀριςτάρχου.

101 2936 131 2974 15
146 2910 255 2974 Ταῦτα
285 2911 343 2988 μέν
378 2933 430 2991 μοι
462 2914 649 2996 Ἡλιοδώρῳ
683 2914 926 2991 ςυμπέπτωκεν,
963 2917 1030 2977 τοῖς
1066 2915 1102 2977 δὲ
1138 2897 1286 2991 τραγικά(

145 3019 274 3098 βίβλους
305 3020 548 3100 ἐξηγηςαμένοις
575 3024 725 3101 πειςθείε,
755 3023 803 3087 οἰς
831 3025 881 3088 καὶ
909 3022 999 3087 οὗτοί
1028 3041 1103 3102 φαςι
1130 3022 1283 3103 τὰαύτὰ,

144 3126 241 3192 εἷπον
269 3130 419 3209 Ὀρέςτην
449 3133 499 3195 καὶ
526 3133 689 3210 Ἀλκηςτιν
717 3132 886 3211 Εὐριπίδου
916 3134 966 3197 καί
992 3134 1051 3211 τὴν
1079 3132 1285 3211 (οφοκλέους

143 3238 319 3318 Ἠλέκτραν
342 3240 424 3305 εἰναι
446 3243 595 3320 ςατυρικὰ
616 3243 773 3321 δράματα,
798 3243 842 3305 ώς
865 3243 930 3306 ἀπὸ
953 3243 1093 3307 πένθους
1115 3241 1158 3306 εἰς
1181 3242 1284 3320 χαρὰν

144 3349 381 3427 καταλήγοντα,
411 3352 460 3414 καὶ
484 3351 570 3415 οὕτω
594 3353 720 3432 μέτροις
742 3353 792 3415 καὶ
814 3353 939 3415 λοιποῖς
967 3372 1030 3430 μου
1052 3350 1284 3429 ςυγγράμμαςιν

99 3458 284 3536 νογράφων
311 3459 492 3536 ἔδίδαςκον,
522 3461 584 3525 ἔως
612 3462 775 3538 ἀναγνοὺς
804 3460 975 3540 Εὐριπίδου
1007 3462 1115 3525 πολλὰ
1142 3461 1284 3539 δράματα

144 3565 244 3645 εὗρον
264 3569 314 3632 καὶ
329 3569 434 3645 ἔγνων
450 3571 489 3634 τὰ
504 3573 651 3651 τατυρικὰ
672 3572 814 3650 δράματα
828 3572 956 3650 τέρψεις
977 3571 1143 3649 θυμελικὰς
1166 3570 1284 3649 ἀμιγεῖς

142 3676 195 3738 καὶ
217 3678 343 3752 γέλωτα
365 3680 517 3760 φέροντα.
561 3682 620 3745 Ἐώ
642 3683 718 3747 τοὺς
739 3683 883 3746 πολλοὺς
902 3683 953 3746 καὶ
974 3682 1051 3745 τοὺς
1073 3681 1284 3761 λεξιγράφους

142 3786 348 3869 Ὁμηρικοὺς,
376 3789 396 3852 ἃ
425 3791 587 3869 ἠγνόηςαν
618 3791 663 3856 εἰς
692 3811 728 3857 τε
754 3792 854 3857 λέξεις
880 3793 968 3856 τινάς
996 3793 1046 3855 καὶ
1075 3791 1212 3871 ἱςτορίας
1234 3793 1284 3855 καὶ
1330 3796 1331 3799 ’

143 3896 238 3972 ἕτερα
259 3898 310 3960 καὶ
331 3902 390 3962 τοῦ
411 3904 547 3978 ποιητοῦ
563 3901 816 3981 κατεψεύςαντο,
842 3903 948 3981 ὥςπερ
969 3903 1018 3965 καὶ
1034 3902 1064 3966 οἱ
1079 3901 1284 3980 προκείμενοι

100 4023 128 4063 ιο
142 4004 261 4083 ἄνδρες
289 4010 356 4070 τοῖς
383 4010 455 4088 περὶ
482 4013 548 4075 τών
578 4015 731 4090 ςκηνικών
764 4015 868 4076 τῶνδε
890 4012 1061 4091 δραμάτων
1089 4011 1283 4091 διδάγμαςιν,

143 4119 348 4130 *—

211 4172 253 4219 26.
272 4168 311 4235 δέ]
330 4173 379 4221 re?
441 4175 465 4224 δ.
485 4172 636 4240 τόργοιςιν]
655 4170 790 4241 Lycophr.
811 4177 884 4226 1080·
941 4177 966 4225 6.
985 4171 1095 4239 ἡλίκον]
1114 4172 1158 4224 Ita
1174 4170 1283 4224 videtur

141 4274 204 4312 esse
232 4257 260 4311 in
284 4259 391 4325 codice,
419 4278 434 4315 e
462 4278 517 4329 quo
539 4263 657 4333 excripsi
685 4265 724 4318 sic
750 4262 827 4330 ἡλιέ.
920 4267 970 4333 [13.
995 4265 1187 4332 κρωτονιάτης
1210 4263 1282 4333 ταώ]

140 4357 182 4405 22.
204 4353 328 4406 Καίἔώί
397 4356 598 4424 23,“Ομ)οοιί,
