<?xml version="1.0" encoding="UTF-8"?>
<!DOCTYPE html PUBLIC "-//W3C//DTD XHTML 1.0 Transitional//EN"
    "http://www.w3.org/TR/xhtml1/DTD/xhtml1-transitional.dtd">
<html xmlns="http://www.w3.org/1999/xhtml" xml:lang="en" lang="en">
 <head>
  <title>
</title>
<meta http-equiv="Content-Type" content="text/html;charset=utf-8" />
  <meta name='ocr-system' content='tesseract 3.04.00' />
  <meta name='ocr-capabilities' content='ocr_page ocr_carea ocr_par ocr_line ocrx_word'/>
</head>
<body>
  <div class='ocr_page' id='page_1' title='image "./fridericiritsch04wachgoog_0243.png"; bbox 0 0 3008 5002; ppageno 0'>
   <div class='ocr_carea' id='block_1_1' title="bbox 243 316 1036 380">
    <p class='ocr_par' dir='ltr' id='par_1_1' title="bbox 243 316 1036 380">
     <span class='ocr_line' id='line_1_1' title="bbox 243 316 1036 380; baseline -0.006 -1"><span class='ocrx_word' id='word_1_1' title='bbox 243 316 307 380; x_wconf 77' lang='lat'>226</span> <span class='ocrx_word' id='word_1_2' title='bbox 595 329 752 376; x_wconf 77' lang='grc'><strong>1111111</strong></span> <span class='ocrx_word' id='word_1_3' title='bbox 774 328 1036 376; x_wconf 76' lang='grc'><strong>11111111111</strong></span> 
     </span>
    </p>
   </div>
   <div class='ocr_carea' id='block_1_2' title="bbox 243 481 1455 1007">
    <p class='ocr_par' dir='ltr' id='par_1_2' title="bbox 243 481 1455 1007">
     <span class='ocr_line' id='line_1_2' title="bbox 245 481 1420 567; baseline 0 -20"><span class='ocrx_word' id='word_1_4' title='bbox 245 484 354 548; x_wconf 90' lang='lat' dir='ltr'>matici</span> <span class='ocrx_word' id='word_1_5' title='bbox 375 483 474 547; x_wconf 79' lang='lat' dir='ltr'>verba</span> <span class='ocrx_word' id='word_1_6' title='bbox 501 482 605 567; x_wconf 83' lang='lat' dir='ltr'>magis</span> <span class='ocrx_word' id='word_1_7' title='bbox 634 481 674 544; x_wconf 91' lang='lat' dir='ltr'>ad</span> <span class='ocrx_word' id='word_1_8' title='bbox 702 481 871 544; x_wconf 86' lang='lat' dir='ltr'>veritatem</span> <span class='ocrx_word' id='word_1_9' title='bbox 878 531 886 562; x_wconf 91' lang='lat'>,</span> <span class='ocrx_word' id='word_1_10' title='bbox 915 481 954 544; x_wconf 87' lang='lat' dir='ltr'>de</span> <span class='ocrx_word' id='word_1_11' title='bbox 982 503 1044 563; x_wconf 89' lang='lat' dir='ltr'>qua</span> <span class='ocrx_word' id='word_1_12' title='bbox 1072 481 1106 544; x_wconf 93' lang='lat' dir='ltr'>in</span> <span class='ocrx_word' id='word_1_13' title='bbox 1133 503 1256 545; x_wconf 88' lang='lat' dir='ltr'>summa</span> <span class='ocrx_word' id='word_1_14' title='bbox 1278 504 1386 547; x_wconf 90' lang='lat' dir='ltr'>rerum</span> <span class='ocrx_word' id='word_1_15' title='bbox 1414 498 1420 510; x_wconf 88' lang='lat'><strong>·</strong></span> 
     </span>
     <span class='ocr_line' id='line_1_3' title="bbox 243 590 1387 673; baseline -0.001 -16"><span class='ocrx_word' id='word_1_16' title='bbox 243 594 331 658; x_wconf 79' lang='lat' dir='ltr'>vides</span> <span class='ocrx_word' id='word_1_17' title='bbox 353 592 445 657; x_wconf 91' lang='lat' dir='ltr'>nobis</span> <span class='ocrx_word' id='word_1_18' title='bbox 469 592 638 656; x_wconf 79' lang='lat' dir='ltr'>convenire</span> <span class='ocrx_word' id='word_1_19' title='bbox 662 613 733 655; x_wconf 90' lang='lat' dir='ltr'>cnm</span> <span class='ocrx_word' id='word_1_20' title='bbox 753 590 931 655; x_wconf 87' lang='lat' dir='ltr'>Ritschelio</span> <span class='ocrx_word' id='word_1_21' title='bbox 953 591 974 653; x_wconf 91' lang='grc'>1.</span> <span class='ocrx_word' id='word_1_22' title='bbox 998 612 1037 673; x_wconf 79' lang='lat' dir='ltr'>a,</span> <span class='ocrx_word' id='word_1_23' title='bbox 1062 591 1213 654; x_wconf 81' lang='lat' dir='ltr'>accedere</span> <span class='ocrx_word' id='word_1_24' title='bbox 1235 593 1387 656; x_wconf 82' lang='lat' dir='ltr'>videntur</span> 
     </span>
     <span class='ocr_line' id='line_1_4' title="bbox 244 699 1384 788; baseline -0.001 -21"><span class='ocrx_word' id='word_1_25' title='bbox 244 725 340 788; x_wconf 89' lang='lat' dir='ltr'>quam</span> <span class='ocrx_word' id='word_1_26' title='bbox 361 723 495 786; x_wconf 81' lang='lat' dir='ltr'>graeca,</span> <span class='ocrx_word' id='word_1_27' title='bbox 520 701 665 785; x_wconf 86' lang='lat' dir='ltr'>equibus</span> <span class='ocrx_word' id='word_1_28' title='bbox 687 701 832 764; x_wconf 87' lang='lat' dir='ltr'>derivata</span> <span class='ocrx_word' id='word_1_29' title='bbox 854 703 938 764; x_wconf 90' lang='lat' dir='ltr'>sunt.</span> <span class='ocrx_word' id='word_1_30' title='bbox 976 699 1088 782; x_wconf 90' lang='lat' dir='ltr'>Neque</span> <span class='ocrx_word' id='word_1_31' title='bbox 1104 700 1189 764; x_wconf 89' lang='lat' dir='ltr'>enim</span> <span class='ocrx_word' id='word_1_32' title='bbox 1211 702 1281 764; x_wconf 86' lang='lat' dir='ltr'>fieri</span> <span class='ocrx_word' id='word_1_33' title='bbox 1297 707 1384 785; x_wconf 87' lang='lat' dir='ltr'>pote-</span> 
     </span>
     <span class='ocr_line' id='line_1_5' title="bbox 243 810 1385 897; baseline 0 -21"><span class='ocrx_word' id='word_1_34' title='bbox 243 819 310 896; x_wconf 89' lang='lat' dir='ltr'>rat,</span> <span class='ocrx_word' id='word_1_35' title='bbox 339 813 416 897; x_wconf 89' lang='lat' dir='ltr'>quin</span> <span class='ocrx_word' id='word_1_36' title='bbox 439 833 476 875; x_wconf 90' lang='lat' dir='ltr'>ec</span> <span class='ocrx_word' id='word_1_37' title='bbox 498 812 595 875; x_wconf 89' lang='lat' dir='ltr'>verbo</span> <span class='ocrx_word' id='word_1_38' title='bbox 601 861 610 894; x_wconf 96' lang='lat'>,</span> <span class='ocrx_word' id='word_1_39' title='bbox 640 811 722 895; x_wconf 92' lang='lat' dir='ltr'>quod</span> <span class='ocrx_word' id='word_1_40' title='bbox 747 811 911 894; x_wconf 90' lang='lat' dir='ltr'>proprium</span> <span class='ocrx_word' id='word_1_41' title='bbox 933 814 966 873; x_wconf 95' lang='lat' dir='ltr'>et</span> <span class='ocrx_word' id='word_1_42' title='bbox 988 810 1083 874; x_wconf 89' lang='lat' dir='ltr'>certis</span> <span class='ocrx_word' id='word_1_43' title='bbox 1111 811 1228 874; x_wconf 88' lang='lat' dir='ltr'>finibus</span> <span class='ocrx_word' id='word_1_44' title='bbox 1252 811 1385 876; x_wconf 89' lang='lat' dir='ltr'>circum-</span> 
     </span>
     <span class='ocr_line' id='line_1_6' title="bbox 243 918 1455 1007; baseline -0.001 -20"><span class='ocrx_word' id='word_1_45' title='bbox 243 924 398 1006; x_wconf 89' lang='lat' dir='ltr'>scriptum</span> <span class='ocrx_word' id='word_1_46' title='bbox 420 921 638 1007; x_wconf 81' lang='lat' dir='ltr'>significatum</span> <span class='ocrx_word' id='word_1_47' title='bbox 659 922 694 984; x_wconf 92' lang='lat' dir='ltr'>in</span> <span class='ocrx_word' id='word_1_48' title='bbox 716 942 833 1005; x_wconf 78' lang='lat' dir='ltr'>graeco</span> <span class='ocrx_word' id='word_1_49' title='bbox 854 942 998 984; x_wconf 85' lang='lat' dir='ltr'>sermone</span> <span class='ocrx_word' id='word_1_50' title='bbox 1021 920 1135 1004; x_wconf 87' lang='lat' dir='ltr'>habet,</span> <span class='ocrx_word' id='word_1_51' title='bbox 1159 921 1264 985; x_wconf 89' lang='lat' dir='ltr'>deleto</span> <span class='ocrx_word' id='word_1_52' title='bbox 1285 924 1385 987; x_wconf 87' lang='lat' dir='ltr'>maio·</span> <span class='ocrx_word' id='word_1_53' title='bbox 1453 918 1455 921; x_wconf 61' lang='grc'>’</span> 
     </span>
    </p>
   </div>
   <div class='ocr_carea' id='block_1_3' title="bbox 114 1030 1386 3758">
    <p class='ocr_par' dir='ltr' id='par_1_3' title="bbox 114 1030 1386 1228">
     <span class='ocr_line' id='line_1_7' title="bbox 175 1030 1386 1114; baseline 0.002 -21"><span class='ocrx_word' id='word_1_54' title='bbox 175 1043 225 1093; x_wconf 79' lang='lat'>246</span> <span class='ocrx_word' id='word_1_55' title='bbox 242 1054 310 1096; x_wconf 90' lang='lat' dir='ltr'>rem</span> <span class='ocrx_word' id='word_1_56' title='bbox 327 1032 530 1096; x_wconf 87' lang='lat' dir='ltr'>coniectandi</span> <span class='ocrx_word' id='word_1_57' title='bbox 544 1032 649 1095; x_wconf 92' lang='lat' dir='ltr'>locum</span> <span class='ocrx_word' id='word_1_58' title='bbox 664 1030 766 1094; x_wconf 87' lang='lat' dir='ltr'>latina</span> <span class='ocrx_word' id='word_1_59' title='bbox 781 1031 894 1113; x_wconf 85' lang='lat' dir='ltr'>verba,</span> <span class='ocrx_word' id='word_1_60' title='bbox 919 1052 1052 1114; x_wconf 90' lang='lat' dir='ltr'>quorum</span> <span class='ocrx_word' id='word_1_61' title='bbox 1067 1030 1202 1094; x_wconf 90' lang='lat' dir='ltr'>alterum</span> <span class='ocrx_word' id='word_1_62' title='bbox 1218 1053 1259 1095; x_wconf 91' lang='lat' dir='ltr'>ne</span> <span class='ocrx_word' id='word_1_63' title='bbox 1274 1054 1386 1096; x_wconf 87' lang='lat' dir='ltr'>verum</span> 
     </span>
     <span class='ocr_line' id='line_1_8' title="bbox 114 1140 1099 1228; baseline -0.003 -21"><span class='ocrx_word' id='word_1_64' title='bbox 114 1192 132 1201; x_wconf 12' lang='grc'>1-</span> <span class='ocrx_word' id='word_1_65' title='bbox 243 1144 371 1228; x_wconf 91' lang='lat' dir='ltr'>quidem</span> <span class='ocrx_word' id='word_1_66' title='bbox 393 1147 431 1206; x_wconf 90' lang='lat' dir='ltr'>de</span> <span class='ocrx_word' id='word_1_67' title='bbox 454 1142 518 1205; x_wconf 88' lang='lat' dir='ltr'>illis</span> <span class='ocrx_word' id='word_1_68' title='bbox 540 1141 759 1225; x_wconf 81' lang='lat' dir='ltr'>grammaticis</span> <span class='ocrx_word' id='word_1_69' title='bbox 782 1143 849 1223; x_wconf 88' lang='lat' dir='ltr'>est,</span> <span class='ocrx_word' id='word_1_70' title='bbox 873 1140 1099 1225; x_wconf 78' lang='lat' dir='ltr'>relinquerent.</span> 
     </span>
    </p>

    <p class='ocr_par' dir='ltr' id='par_1_4' title="bbox 241 1251 1385 3758">
     <span class='ocr_line' id='line_1_9' title="bbox 329 1251 1385 1335; baseline 0 -19"><span class='ocrx_word' id='word_1_71' title='bbox 329 1254 422 1317; x_wconf 87' lang='lat' dir='ltr'>Alter</span> <span class='ocrx_word' id='word_1_72' title='bbox 444 1256 551 1315; x_wconf 90' lang='lat' dir='ltr'>autem</span> <span class='ocrx_word' id='word_1_73' title='bbox 578 1252 665 1315; x_wconf 91' lang='lat' dir='ltr'>locus</span> <span class='ocrx_word' id='word_1_74' title='bbox 693 1251 747 1335; x_wconf 90' lang='lat' dir='ltr'>qui</span> <span class='ocrx_word' id='word_1_75' title='bbox 770 1273 788 1313; x_wconf 88' lang='lat' dir='ltr'>a</span> <span class='ocrx_word' id='word_1_76' title='bbox 810 1251 912 1314; x_wconf 88' lang='lat' dir='ltr'>latino</span> <span class='ocrx_word' id='word_1_77' title='bbox 934 1252 1146 1335; x_wconf 83' lang='lat' dir='ltr'>grammatico</span> <span class='ocrx_word' id='word_1_78' title='bbox 1173 1253 1220 1315; x_wconf 87' lang='lat' dir='ltr'>ita</span> <span class='ocrx_word' id='word_1_79' title='bbox 1241 1256 1385 1318; x_wconf 89' lang='lat' dir='ltr'>mutatus</span> 
     </span>
     <span class='ocr_line' id='line_1_10' title="bbox 244 1360 1385 1446; baseline -0.001 -19"><span class='ocrx_word' id='word_1_80' title='bbox 244 1367 308 1446; x_wconf 91' lang='lat' dir='ltr'>est,</span> <span class='ocrx_word' id='word_1_81' title='bbox 340 1366 377 1425; x_wconf 96' lang='lat' dir='ltr'>ut</span> <span class='ocrx_word' id='word_1_82' title='bbox 407 1362 533 1444; x_wconf 80' lang='lat' dir='ltr'>possint</span> <span class='ocrx_word' id='word_1_83' title='bbox 566 1362 703 1444; x_wconf 88' lang='lat' dir='ltr'>cuipiam</span> <span class='ocrx_word' id='word_1_84' title='bbox 736 1361 867 1424; x_wconf 90' lang='lat' dir='ltr'>meliora</span> <span class='ocrx_word' id='word_1_85' title='bbox 896 1364 928 1424; x_wconf 92' lang='lat' dir='ltr'>et</span> <span class='ocrx_word' id='word_1_86' title='bbox 956 1382 994 1423; x_wconf 84' lang='lat' dir='ltr'>ex</span> <span class='ocrx_word' id='word_1_87' title='bbox 1022 1360 1085 1424; x_wconf 90' lang='lat' dir='ltr'>alio</span> <span class='ocrx_word' id='word_1_88' title='bbox 1115 1362 1204 1425; x_wconf 89' lang='lat' dir='ltr'>fonte</span> <span class='ocrx_word' id='word_1_89' title='bbox 1238 1361 1385 1426; x_wconf 86' lang='lat' dir='ltr'>derivata</span> 
     </span>
     <span class='ocr_line' id='line_1_11' title="bbox 243 1470 1385 1554; baseline -0.002 -16"><span class='ocrx_word' id='word_1_90' title='bbox 243 1473 417 1538; x_wconf 89' lang='lat' dir='ltr'>substituta</span> <span class='ocrx_word' id='word_1_91' title='bbox 446 1494 513 1536; x_wconf 87' lang='lat' dir='ltr'>esse</span> <span class='ocrx_word' id='word_1_92' title='bbox 540 1471 658 1554; x_wconf 79' lang='lat' dir='ltr'>videri,</span> <span class='ocrx_word' id='word_1_93' title='bbox 688 1471 729 1534; x_wconf 87' lang='lat' dir='ltr'>ad</span> <span class='ocrx_word' id='word_1_94' title='bbox 755 1471 985 1536; x_wconf 79' lang='lat' dir='ltr'>Callimachum</span> <span class='ocrx_word' id='word_1_95' title='bbox 1013 1474 1108 1554; x_wconf 89' lang='lat' dir='ltr'>atque</span> <span class='ocrx_word' id='word_1_96' title='bbox 1136 1470 1385 1536; x_wconf 74' lang='lat' dir='ltr'>Eratosthenem</span> 
     </span>
     <span class='ocr_line' id='line_1_12' title="bbox 242 1580 1383 1668; baseline -0.003 -20"><span class='ocrx_word' id='word_1_97' title='bbox 242 1585 399 1668; x_wconf 82' lang='lat' dir='ltr'>pertinet,</span> <span class='ocrx_word' id='word_1_98' title='bbox 423 1604 557 1666; x_wconf 91' lang='lat' dir='ltr'>quocum</span> <span class='ocrx_word' id='word_1_99' title='bbox 573 1582 761 1645; x_wconf 89' lang='lat' dir='ltr'>coniunctus</span> <span class='ocrx_word' id='word_1_100' title='bbox 781 1587 829 1644; x_wconf 90' lang='lat' dir='ltr'>est</span> <span class='ocrx_word' id='word_1_101' title='bbox 851 1582 895 1663; x_wconf 91' lang='lat' dir='ltr'>is,</span> <span class='ocrx_word' id='word_1_102' title='bbox 919 1581 973 1664; x_wconf 93' lang='lat' dir='ltr'>qui</span> <span class='ocrx_word' id='word_1_103' title='bbox 995 1586 1043 1644; x_wconf 88' lang='lat' dir='ltr'>est</span> <span class='ocrx_word' id='word_1_104' title='bbox 1065 1580 1109 1643; x_wconf 90' lang='lat' dir='ltr'>de</span> <span class='ocrx_word' id='word_1_105' title='bbox 1131 1581 1323 1644; x_wconf 89' lang='lat' dir='ltr'>librorum</span> <span class='ocrx_word' id='word_1_106' title='bbox 1345 1583 1383 1646; x_wconf 91' lang='lat' dir='ltr'>in</span> 
     </span>
     <span class='ocr_line' id='line_1_13' title="bbox 243 1690 1385 1775; baseline -0.001 -18"><span class='ocrx_word' id='word_1_107' title='bbox 243 1692 531 1757; x_wconf 82' lang='lat' dir='ltr'>Alexandrinis</span> <span class='ocrx_word' id='word_1_108' title='bbox 553 1692 818 1756; x_wconf 88' lang='lat' dir='ltr'>bibliothecis</span> <span class='ocrx_word' id='word_1_109' title='bbox 841 1690 1108 1754; x_wconf 90' lang='lat' dir='ltr'>multitudine.</span> <span class='ocrx_word' id='word_1_110' title='bbox 1154 1692 1261 1775; x_wconf 82' lang='lat' dir='ltr'>Atque</span> <span class='ocrx_word' id='word_1_111' title='bbox 1283 1696 1321 1756; x_wconf 91' lang='lat' dir='ltr'>ut</span> <span class='ocrx_word' id='word_1_112' title='bbox 1343 1694 1385 1756; x_wconf 89' lang='lat' dir='ltr'>ab</span> 
     </span>
     <span class='ocr_line' id='line_1_14' title="bbox 242 1801 1384 1886; baseline 0 -20"><span class='ocrx_word' id='word_1_113' title='bbox 242 1805 298 1886; x_wconf 91' lang='lat' dir='ltr'>iis,</span> <span class='ocrx_word' id='word_1_114' title='bbox 331 1824 411 1886; x_wconf 89' lang='lat' dir='ltr'>quae</span> <span class='ocrx_word' id='word_1_115' title='bbox 436 1802 475 1865; x_wconf 91' lang='lat' dir='ltr'>de</span> <span class='ocrx_word' id='word_1_116' title='bbox 496 1802 649 1866; x_wconf 90' lang='lat' dir='ltr'>librorum</span> <span class='ocrx_word' id='word_1_117' title='bbox 671 1823 803 1864; x_wconf 90' lang='lat' dir='ltr'>numero</span> <span class='ocrx_word' id='word_1_118' title='bbox 825 1801 946 1883; x_wconf 88' lang='lat' dir='ltr'>scripta</span> <span class='ocrx_word' id='word_1_119' title='bbox 974 1804 1063 1883; x_wconf 89' lang='lat' dir='ltr'>sunt,</span> <span class='ocrx_word' id='word_1_120' title='bbox 1094 1801 1222 1864; x_wconf 89' lang='lat' dir='ltr'>initium</span> <span class='ocrx_word' id='word_1_121' title='bbox 1244 1802 1384 1886; x_wconf 85' lang='lat' dir='ltr'>capiam,</span> 
     </span>
     <span class='ocr_line' id='line_1_15' title="bbox 243 1910 1385 1995; baseline 0 -19"><span class='ocrx_word' id='word_1_122' title='bbox 243 1913 385 1977; x_wconf 77' lang='lat' dir='ltr'>duae—de</span> <span class='ocrx_word' id='word_1_123' title='bbox 407 1913 468 1976; x_wconf 89' lang='lat' dir='ltr'>hac</span> <span class='ocrx_word' id='word_1_124' title='bbox 495 1934 529 1975; x_wconf 92' lang='lat' dir='ltr'>re</span> <span class='ocrx_word' id='word_1_125' title='bbox 551 1912 695 1995; x_wconf 89' lang='lat' dir='ltr'>prolatae</span> <span class='ocrx_word' id='word_1_126' title='bbox 718 1917 793 1975; x_wconf 91' lang='lat' dir='ltr'>sunt</span> <span class='ocrx_word' id='word_1_127' title='bbox 815 1912 1010 1993; x_wconf 89' lang='lat' dir='ltr'>sententiae,</span> <span class='ocrx_word' id='word_1_128' title='bbox 1034 1911 1136 1974; x_wconf 88' lang='lat' dir='ltr'>altera</span> <span class='ocrx_word' id='word_1_129' title='bbox 1150 1910 1322 1976; x_wconf 84' lang='lat' dir='ltr'>Ritsohelii</span> <span class='ocrx_word' id='word_1_130' title='bbox 1345 1914 1385 1976; x_wconf 90' lang='lat' dir='ltr'>de</span> 
     </span>
     <span class='ocr_line' id='line_1_16' title="bbox 242 2020 1385 2105; baseline 0 -19"><span class='ocrx_word' id='word_1_131' title='bbox 242 2023 341 2087; x_wconf 87' lang='lat' dir='ltr'>schol.</span> <span class='ocrx_word' id='word_1_132' title='bbox 358 2023 463 2086; x_wconf 91' lang='lat' dir='ltr'>Plant.</span> <span class='ocrx_word' id='word_1_133' title='bbox 479 2045 511 2105; x_wconf 89' lang='lat' dir='ltr'>p.</span> <span class='ocrx_word' id='word_1_134' title='bbox 527 2022 580 2104; x_wconf 81' lang='lat'>28,</span> <span class='ocrx_word' id='word_1_135' title='bbox 604 2022 705 2085; x_wconf 88' lang='lat' dir='ltr'>altera</span> <span class='ocrx_word' id='word_1_136' title='bbox 722 2020 923 2105; x_wconf 85' lang='lat' dir='ltr'>Bernhardyi</span> <span class='ocrx_word' id='word_1_137' title='bbox 937 2043 969 2105; x_wconf 92' lang='lat' dir='ltr'>p.</span> <span class='ocrx_word' id='word_1_138' title='bbox 987 2021 1059 2085; x_wconf 85' lang='lat'>831.</span> <span class='ocrx_word' id='word_1_139' title='bbox 1097 2020 1236 2096; x_wconf 78' lang='lat' dir='ltr'>Quonim</span> <span class='ocrx_word' id='word_1_140' title='bbox 1259 2023 1314 2086; x_wconf 87' lang='lat' dir='ltr'>ille</span> <span class='ocrx_word' id='word_1_141' title='bbox 1337 2023 1385 2086; x_wconf 90' lang='lat' dir='ltr'>ita</span> 
     </span>
     <span class='ocr_line' id='line_1_17' title="bbox 242 2131 1385 2216; baseline -0.001 -18"><span class='ocrx_word' id='word_1_142' title='bbox 242 2134 339 2198; x_wconf 88' lang='lat' dir='ltr'>verba</span> <span class='ocrx_word' id='word_1_143' title='bbox 367 2134 615 2216; x_wconf 90' lang='lat' dir='ltr'>interpretatur,</span> <span class='ocrx_word' id='word_1_144' title='bbox 647 2136 683 2195; x_wconf 92' lang='lat' dir='ltr'>ut</span> <span class='ocrx_word' id='word_1_145' title='bbox 715 2132 754 2195; x_wconf 88' lang='lat' dir='ltr'>de</span> <span class='ocrx_word' id='word_1_146' title='bbox 781 2132 932 2195; x_wconf 89' lang='lat' dir='ltr'>interiore</span> <span class='ocrx_word' id='word_1_147' title='bbox 960 2132 1007 2194; x_wconf 89' lang='lat' dir='ltr'>vel</span> <span class='ocrx_word' id='word_1_148' title='bbox 1037 2131 1159 2216; x_wconf 84' lang='lat' dir='ltr'>Regiae</span> <span class='ocrx_word' id='word_1_149' title='bbox 1188 2132 1385 2197; x_wconf 90' lang='lat' dir='ltr'>bibliotheca</span> 
     </span>
     <span class='ocr_line' id='line_1_18' title="bbox 241 2243 1384 2324; baseline 0.001 -16"><span class='ocrx_word' id='word_1_150' title='bbox 241 2251 422 2309; x_wconf 77' lang='lat' dir='ltr'>voluminum</span> <span class='ocrx_word' id='word_1_151' title='bbox 444 2249 564 2322; x_wconf 80' lang='lat' dir='ltr'>quidem</span> <span class='ocrx_word' id='word_1_152' title='bbox 585 2249 814 2308; x_wconf 79' lang='lat' dir='ltr'>commixtorum</span> <span class='ocrx_word' id='word_1_153' title='bbox 836 2248 1060 2322; x_wconf 69' lang='lat' dir='ltr'>quadrinpento</span> <span class='ocrx_word' id='word_1_154' title='bbox 1082 2248 1166 2306; x_wconf 76' lang='lat' dir='ltr'>milio</span> <span class='ocrx_word' id='word_1_155' title='bbox 1189 2243 1239 2306; x_wconf 89' lang='lat' dir='ltr'>vel</span> <span class='ocrx_word' id='word_1_156' title='bbox 1263 2244 1384 2324; x_wconf 84' lang='grc' dir='ltr'>βίβλων</span> 
     </span>
     <span class='ocr_line' id='line_1_19' title="bbox 242 2352 1385 2432; baseline -0.001 -14"><span class='ocrx_word' id='word_1_157' title='bbox 242 2357 299 2432; x_wconf 85' lang='grc' dir='ltr'>μὲν</span> <span class='ocrx_word' id='word_1_158' title='bbox 326 2353 502 2432; x_wconf 77' lang='grc' dir='ltr'>(υμμίκτων</span> <span class='ocrx_word' id='word_1_159' title='bbox 531 2354 661 2431; x_wconf 67' lang='grc' dir='ltr'>ἀριθμὸς</span> <span class='ocrx_word' id='word_1_160' title='bbox 687 2353 921 2432; x_wconf 75' lang='grc' dir='ltr'>τεεεαράκοντα</span> <span class='ocrx_word' id='word_1_161' title='bbox 953 2353 1101 2432; x_wconf 67' lang='grc' dir='ltr'>μυριάδες</span> <span class='ocrx_word' id='word_1_162' title='bbox 1134 2352 1318 2416; x_wconf 87' lang='lat' dir='ltr'>universam</span> <span class='ocrx_word' id='word_1_163' title='bbox 1352 2358 1385 2417; x_wconf 89' lang='grc'>11</span> 
     </span>
     <span class='ocr_line' id='line_1_20' title="bbox 243 2462 1384 2546; baseline 0.002 -21"><span class='ocrx_word' id='word_1_164' title='bbox 243 2463 449 2526; x_wconf 85' lang='lat' dir='ltr'>indiscretam</span> <span class='ocrx_word' id='word_1_165' title='bbox 471 2462 611 2526; x_wconf 90' lang='lat' dir='ltr'>omnium</span> <span class='ocrx_word' id='word_1_166' title='bbox 634 2463 786 2526; x_wconf 89' lang='lat' dir='ltr'>librorum</span> <span class='ocrx_word' id='word_1_167' title='bbox 809 2464 934 2546; x_wconf 85' lang='lat' dir='ltr'>copiam</span> <span class='ocrx_word' id='word_1_168' title='bbox 950 2463 1246 2545; x_wconf 86' lang='lat' dir='ltr'>complecterentur,</span> <span class='ocrx_word' id='word_1_169' title='bbox 1269 2466 1384 2542; x_wconf 76' lang='lat' dir='ltr'>simpli·</span> 
     </span>
     <span class='ocr_line' id='line_1_21' title="bbox 242 2573 1385 2651; baseline 0.001 -14"><span class='ocrx_word' id='word_1_170' title='bbox 242 2580 321 2637; x_wconf 81' lang='lat' dir='ltr'>cium</span> <span class='ocrx_word' id='word_1_171' title='bbox 343 2583 442 2637; x_wconf 82' lang='lat' dir='ltr'>autem</span> <span class='ocrx_word' id='word_1_172' title='bbox 465 2583 494 2636; x_wconf 86' lang='lat' dir='ltr'>et</span> <span class='ocrx_word' id='word_1_173' title='bbox 515 2578 731 2651; x_wconf 70' lang='lat' dir='ltr'>indipestorum</span> <span class='ocrx_word' id='word_1_174' title='bbox 752 2579 837 2637; x_wconf 79' lang='lat' dir='ltr'>milio</span> <span class='ocrx_word' id='word_1_175' title='bbox 859 2581 1027 2651; x_wconf 71' lang='grc'><strong>1111111111</strong></span> <span class='ocrx_word' id='word_1_176' title='bbox 1053 2573 1104 2636; x_wconf 82' lang='grc'>111</span> <span class='ocrx_word' id='word_1_177' title='bbox 1133 2573 1247 2638; x_wconf 84' lang='grc' dir='ltr'>ἁπλῶν</span> <span class='ocrx_word' id='word_1_178' title='bbox 1275 2576 1385 2638; x_wconf 81' lang='grc' dir='ltr'>δὲκαὶ</span> 
     </span>
     <span class='ocr_line' id='line_1_22' title="bbox 242 2683 1385 2766; baseline -0.001 -19"><span class='ocrx_word' id='word_1_179' title='bbox 242 2685 380 2761; x_wconf 75' lang='grc' dir='ltr'>ἀμιεγῶν</span> <span class='ocrx_word' id='word_1_180' title='bbox 410 2683 527 2763; x_wconf 86' lang='grc' dir='ltr'>βίβλων</span> <span class='ocrx_word' id='word_1_181' title='bbox 556 2685 703 2763; x_wconf 66' lang='grc' dir='ltr'>μυριάδες</span> <span class='ocrx_word' id='word_1_182' title='bbox 730 2684 826 2748; x_wconf 85' lang='grc' dir='ltr'>ἐννέα</span> <span class='ocrx_word' id='word_1_183' title='bbox 853 2704 924 2746; x_wconf 89' lang='lat' dir='ltr'>eam</span> <span class='ocrx_word' id='word_1_184' title='bbox 951 2683 1103 2746; x_wconf 89' lang='lat' dir='ltr'>librorum</span> <span class='ocrx_word' id='word_1_185' title='bbox 1130 2687 1256 2766; x_wconf 87' lang='lat' dir='ltr'>partem</span> <span class='ocrx_word' id='word_1_186' title='bbox 1282 2683 1385 2766; x_wconf 83' lang='lat' dir='ltr'>signi-</span> 
     </span>
     <span class='ocr_line' id='line_1_23' title="bbox 242 2793 1384 2877; baseline 0 -21"><span class='ocrx_word' id='word_1_187' title='bbox 242 2794 393 2875; x_wconf 88' lang='lat' dir='ltr'>ficarent,</span> <span class='ocrx_word' id='word_1_188' title='bbox 422 2815 503 2877; x_wconf 87' lang='lat' dir='ltr'>quae</span> <span class='ocrx_word' id='word_1_189' title='bbox 525 2793 660 2857; x_wconf 85' lang='lat' dir='ltr'>exclusis</span> <span class='ocrx_word' id='word_1_190' title='bbox 682 2794 767 2857; x_wconf 92' lang='lat' dir='ltr'>binis</span> <span class='ocrx_word' id='word_1_191' title='bbox 789 2793 952 2877; x_wconf 89' lang='lat' dir='ltr'>ternisque</span> <span class='ocrx_word' id='word_1_192' title='bbox 974 2793 1068 2856; x_wconf 89' lang='lat' dir='ltr'>unius</span> <span class='ocrx_word' id='word_1_193' title='bbox 1090 2793 1255 2876; x_wconf 87' lang='lat' dir='ltr'>scriptoris</span> <span class='ocrx_word' id='word_1_194' title='bbox 1278 2815 1384 2857; x_wconf 84' lang='lat' dir='ltr'>exem-</span> 
     </span>
     <span class='ocr_line' id='line_1_24' title="bbox 242 2903 1383 2988; baseline 0.001 -21"><span class='ocrx_word' id='word_1_195' title='bbox 242 2904 303 2988; x_wconf 88' lang='lat' dir='ltr'>plis</span> <span class='ocrx_word' id='word_1_196' title='bbox 325 2904 571 2987; x_wconf 86' lang='lat' dir='ltr'>relinqueretur3</span> <span class='ocrx_word' id='word_1_197' title='bbox 595 2926 689 2988; x_wconf 89' lang='lat' dir='ltr'>quam</span> <span class='ocrx_word' id='word_1_198' title='bbox 711 2903 951 2967; x_wconf 90' lang='lat' dir='ltr'>distinctionem</span> <span class='ocrx_word' id='word_1_199' title='bbox 974 2903 1015 2966; x_wconf 88' lang='lat' dir='ltr'>ad</span> <span class='ocrx_word' id='word_1_200' title='bbox 1037 2904 1219 2986; x_wconf 79' lang='lat' dir='ltr'>exterioris,</span> <span class='ocrx_word' id='word_1_201' title='bbox 1244 2926 1325 2987; x_wconf 87' lang='lat' dir='ltr'>quae</span> <span class='ocrx_word' id='word_1_202' title='bbox 1347 2904 1383 2968; x_wconf 87' lang='lat' dir='ltr'>in</span> 
     </span>
     <span class='ocr_line' id='line_1_25' title="bbox 242 3013 1383 3098; baseline 0 -20"><span class='ocrx_word' id='word_1_203' title='bbox 242 3014 404 3097; x_wconf 82' lang='lat' dir='ltr'>Serapidis</span> <span class='ocrx_word' id='word_1_204' title='bbox 436 3015 556 3098; x_wconf 91' lang='lat' dir='ltr'>templo</span> <span class='ocrx_word' id='word_1_205' title='bbox 584 3018 669 3097; x_wconf 89' lang='lat' dir='ltr'>erat,</span> <span class='ocrx_word' id='word_1_206' title='bbox 705 3013 916 3078; x_wconf 89' lang='lat' dir='ltr'>bibliothecae</span> <span class='ocrx_word' id='word_1_207' title='bbox 945 3014 1053 3097; x_wconf 90' lang='lat' dir='ltr'>copias</span> <span class='ocrx_word' id='word_1_208' title='bbox 1086 3013 1284 3077; x_wconf 88' lang='lat' dir='ltr'>definiendas</span> <span class='ocrx_word' id='word_1_209' title='bbox 1316 3036 1383 3078; x_wconf 92' lang='lat' dir='ltr'>non</span> 
     </span>
     <span class='ocr_line' id='line_1_26' title="bbox 242 3123 1383 3208; baseline -0.001 -20"><span class='ocrx_word' id='word_1_210' title='bbox 242 3124 418 3188; x_wconf 83' lang='lat' dir='ltr'>adhibitam</span> <span class='ocrx_word' id='word_1_211' title='bbox 451 3146 519 3188; x_wconf 90' lang='lat' dir='ltr'>esse</span> <span class='ocrx_word' id='word_1_212' title='bbox 549 3125 610 3205; x_wconf 90' lang='lat' dir='ltr'>ait,</span> <span class='ocrx_word' id='word_1_213' title='bbox 645 3128 814 3208; x_wconf 89' lang='lat' dir='ltr'>propterea</span> <span class='ocrx_word' id='word_1_214' title='bbox 846 3123 929 3208; x_wconf 92' lang='lat' dir='ltr'>quod</span> <span class='ocrx_word' id='word_1_215' title='bbox 960 3125 995 3186; x_wconf 92' lang='lat' dir='ltr'>in</span> <span class='ocrx_word' id='word_1_216' title='bbox 1029 3145 1066 3187; x_wconf 91' lang='lat' dir='ltr'>ea</span> <span class='ocrx_word' id='word_1_217' title='bbox 1094 3124 1222 3208; x_wconf 82' lang='lat' dir='ltr'>singula</span> <span class='ocrx_word' id='word_1_218' title='bbox 1254 3128 1383 3189; x_wconf 85' lang='lat' dir='ltr'>tantum</span> 
     </span>
     <span class='ocr_line' id='line_1_27' title="bbox 241 3234 1382 3317; baseline 0 -19"><span class='ocrx_word' id='word_1_219' title='bbox 241 3234 393 3298; x_wconf 90' lang='lat' dir='ltr'>librorum</span> <span class='ocrx_word' id='word_1_220' title='bbox 430 3235 575 3317; x_wconf 84' lang='lat' dir='ltr'>exempla</span> <span class='ocrx_word' id='word_1_221' title='bbox 612 3256 649 3298; x_wconf 83' lang='lat' dir='ltr'>ex</span> <span class='ocrx_word' id='word_1_222' title='bbox 687 3235 789 3298; x_wconf 88' lang='lat' dir='ltr'>altera</span> <span class='ocrx_word' id='word_1_223' title='bbox 826 3234 1021 3298; x_wconf 89' lang='lat' dir='ltr'>bibliotheca</span> <span class='ocrx_word' id='word_1_224' title='bbox 1060 3234 1166 3297; x_wconf 88' lang='lat' dir='ltr'>delata</span> <span class='ocrx_word' id='word_1_225' title='bbox 1203 3234 1382 3298; x_wconf 82' lang='lat' dir='ltr'>extiterint.</span> 
     </span>
     <span class='ocr_line' id='line_1_28' title="bbox 243 3343 1384 3429; baseline 0.001 -22"><span class='ocrx_word' id='word_1_226' title='bbox 243 3343 467 3427; x_wconf 86' lang='lat' dir='ltr'>Bernhardyus</span> <span class='ocrx_word' id='word_1_227' title='bbox 496 3348 602 3408; x_wconf 88' lang='lat' dir='ltr'>autem</span> <span class='ocrx_word' id='word_1_228' title='bbox 630 3345 827 3429; x_wconf 83' lang='lat' dir='ltr'>singulorum</span> <span class='ocrx_word' id='word_1_229' title='bbox 855 3345 1046 3427; x_wconf 89' lang='lat' dir='ltr'>scriptorum</span> <span class='ocrx_word' id='word_1_230' title='bbox 1073 3343 1170 3407; x_wconf 89' lang='lat' dir='ltr'>libros</span> <span class='ocrx_word' id='word_1_231' title='bbox 1197 3344 1237 3407; x_wconf 91' lang='lat' dir='ltr'>iis</span> <span class='ocrx_word' id='word_1_232' title='bbox 1262 3347 1384 3428; x_wconf 93' lang='lat' dir='ltr'>opponi</span> 
     </span>
     <span class='ocr_line' id='line_1_29' title="bbox 241 3454 1384 3538; baseline 0.001 -20"><span class='ocrx_word' id='word_1_233' title='bbox 241 3455 453 3518; x_wconf 91' lang='lat' dir='ltr'>voluminibus</span> <span class='ocrx_word' id='word_1_234' title='bbox 488 3455 602 3537; x_wconf 87' lang='lat' dir='ltr'>voluit,</span> <span class='ocrx_word' id='word_1_235' title='bbox 637 3455 749 3537; x_wconf 87' lang='lat' dir='ltr'>quibus</span> <span class='ocrx_word' id='word_1_236' title='bbox 784 3455 960 3538; x_wconf 89' lang='lat' dir='ltr'>complures</span> <span class='ocrx_word' id='word_1_237' title='bbox 993 3454 1067 3518; x_wconf 91' lang='lat' dir='ltr'>libri</span> <span class='ocrx_word' id='word_1_238' title='bbox 1100 3455 1165 3517; x_wconf 89' lang='lat' dir='ltr'>sive</span> <span class='ocrx_word' id='word_1_239' title='bbox 1198 3457 1384 3538; x_wconf 80' lang='lat' dir='ltr'>argumenti</span> 
     </span>
     <span class='ocr_line' id='line_1_30' title="bbox 242 3564 1385 3649; baseline 0.003 -23"><span class='ocrx_word' id='word_1_240' title='bbox 242 3565 448 3628; x_wconf 91' lang='lat' dir='ltr'>similitudine</span> <span class='ocrx_word' id='word_1_241' title='bbox 463 3564 529 3627; x_wconf 86' lang='lat' dir='ltr'>sive</span> <span class='ocrx_word' id='word_1_242' title='bbox 550 3568 731 3646; x_wconf 90' lang='lat' dir='ltr'>auctorum,</span> <span class='ocrx_word' id='word_1_243' title='bbox 755 3564 929 3649; x_wconf 92' lang='lat' dir='ltr'>dequibus</span> <span class='ocrx_word' id='word_1_244' title='bbox 952 3564 1173 3646; x_wconf 87' lang='lat' dir='ltr'>dubitabatur,</span> <span class='ocrx_word' id='word_1_245' title='bbox 1198 3565 1385 3639; x_wconf 87' lang='lat' dir='ltr'>nominibus</span> 
     </span>
     <span class='ocr_line' id='line_1_31' title="bbox 242 3673 1384 3758; baseline 0.003 -22"><span class='ocrx_word' id='word_1_246' title='bbox 242 3673 326 3746; x_wconf 83' lang='lat' dir='ltr'>inter</span> <span class='ocrx_word' id='word_1_247' title='bbox 348 3696 382 3738; x_wconf 91' lang='lat' dir='ltr'>se</span> <span class='ocrx_word' id='word_1_248' title='bbox 405 3675 567 3738; x_wconf 88' lang='lat' dir='ltr'>coniuncti</span> <span class='ocrx_word' id='word_1_249' title='bbox 591 3674 810 3756; x_wconf 89' lang='lat' dir='ltr'>comprehensi</span> <span class='ocrx_word' id='word_1_250' title='bbox 834 3679 949 3739; x_wconf 85' lang='lat' dir='ltr'>essent.</span> <span class='ocrx_word' id='word_1_251' title='bbox 995 3675 1025 3737; x_wconf 87' lang='lat' dir='ltr'>A</span> <span class='ocrx_word' id='word_1_252' title='bbox 1041 3675 1154 3758; x_wconf 92' lang='lat' dir='ltr'>quibus</span> <span class='ocrx_word' id='word_1_253' title='bbox 1171 3695 1238 3738; x_wconf 93' lang='lat' dir='ltr'>non</span> <span class='ocrx_word' id='word_1_254' title='bbox 1259 3674 1384 3739; x_wconf 87' lang='lat' dir='ltr'>dissen-</span> 
     </span>
    </p>
   </div>
   <div class='ocr_carea' id='block_1_4' title="bbox 241 3865 442 3873">
    <p class='ocr_par' dir='ltr' id='par_1_5' title="bbox 241 3865 442 3873">
     <span class='ocr_line' id='line_1_32' title="bbox 241 3865 442 3873; baseline 0.005 -1"><span class='ocrx_word' id='word_1_255' title='bbox 241 3865 442 3873; x_wconf 78' lang='lat'>—-——</span> 
     </span>
    </p>
   </div>
   <div class='ocr_carea' id='block_1_5' title="bbox 241 3978 1387 4235">
    <p class='ocr_par' dir='ltr' id='par_1_6' title="bbox 241 3978 1387 4235">
     <span class='ocr_line' id='line_1_33' title="bbox 241 3978 1386 4050; baseline 0.004 -19"><span class='ocrx_word' id='word_1_256' title='bbox 241 3978 391 4047; x_wconf 82' lang='lat' dir='ltr'>significari</span> <span class='ocrx_word' id='word_1_257' title='bbox 413 3982 532 4047; x_wconf 86' lang='lat' dir='ltr'>poterat.</span> <span class='ocrx_word' id='word_1_258' title='bbox 581 3979 625 4033; x_wconf 86' lang='lat' dir='ltr'>Sic</span> <span class='ocrx_word' id='word_1_259' title='bbox 648 3980 720 4033; x_wconf 83' lang='lat' dir='ltr'>eninr</span> <span class='ocrx_word' id='word_1_260' title='bbox 744 3980 875 4034; x_wconf 87' lang='lat' dir='ltr'>dicebant</span> <span class='ocrx_word' id='word_1_261' title='bbox 898 3981 932 4034; x_wconf 89' lang='lat' dir='ltr'>de</span> <span class='ocrx_word' id='word_1_262' title='bbox 955 3998 1001 4047; x_wconf 86' lang='lat' dir='ltr'>eo,</span> <span class='ocrx_word' id='word_1_263' title='bbox 1029 3980 1076 4048; x_wconf 91' lang='lat' dir='ltr'>qui</span> <span class='ocrx_word' id='word_1_264' title='bbox 1098 3998 1170 4047; x_wconf 87' lang='lat' dir='ltr'>reru,</span> <span class='ocrx_word' id='word_1_265' title='bbox 1192 3980 1236 4034; x_wconf 90' lang='lat' dir='ltr'>cui</span> <span class='ocrx_word' id='word_1_266' title='bbox 1259 3988 1386 4050; x_wconf 85' lang='lat' dir='ltr'>praeest,</span> 
     </span>
     <span class='ocr_line' id='line_1_34' title="bbox 241 4071 1386 4142; baseline 0.005 -18"><span class='ocrx_word' id='word_1_267' title='bbox 241 4072 326 4124; x_wconf 89' lang='lat' dir='ltr'>oculis</span> <span class='ocrx_word' id='word_1_268' title='bbox 343 4071 496 4140; x_wconf 86' lang='lat' dir='ltr'>perlustrat</span> <span class='ocrx_word' id='word_1_269' title='bbox 513 4076 542 4126; x_wconf 86' lang='lat' dir='ltr'>et</span> <span class='ocrx_word' id='word_1_270' title='bbox 560 4073 702 4127; x_wconf 85' lang='lat' dir='ltr'>examinat</span> <span class='ocrx_word' id='word_1_271' title='bbox 715 4073 792 4140; x_wconf 89' lang='lat' dir='ltr'>(Xen.</span> <span class='ocrx_word' id='word_1_272' title='bbox 807 4092 901 4128; x_wconf 88' lang='lat' dir='ltr'>oecon.</span> <span class='ocrx_word' id='word_1_273' title='bbox 915 4081 939 4140; x_wconf 88' lang='lat'>8,</span> <span class='ocrx_word' id='word_1_274' title='bbox 954 4078 1003 4141; x_wconf 77' lang='lat' dir='ltr'>lb),</span> <span class='ocrx_word' id='word_1_275' title='bbox 1024 4073 1095 4127; x_wconf 89' lang='lat' dir='ltr'>unde</span> <span class='ocrx_word' id='word_1_276' title='bbox 1113 4074 1268 4142; x_wconf 85' lang='lat' dir='ltr'>posteriore</span> <span class='ocrx_word' id='word_1_277' title='bbox 1288 4077 1386 4130; x_wconf 80' lang='grc'><strong>111111</strong></span> 
     </span>
     <span class='ocr_line' id='line_1_35' title="bbox 241 4164 1387 4235; baseline 0.004 -19"><span class='ocrx_word' id='word_1_278' title='bbox 241 4164 276 4216; x_wconf 90' lang='lat' dir='ltr'>ad</span> <span class='ocrx_word' id='word_1_279' title='bbox 299 4165 395 4233; x_wconf 88' lang='lat' dir='ltr'>populi</span> <span class='ocrx_word' id='word_1_280' title='bbox 418 4183 529 4218; x_wconf 87' lang='lat' dir='ltr'>consum</span> <span class='ocrx_word' id='word_1_281' title='bbox 552 4167 696 4221; x_wconf 83' lang='grc'><strong>1111111111</strong></span> <span class='ocrx_word' id='word_1_282' title='bbox 721 4168 845 4234; x_wconf 88' lang='lat' dir='ltr'>solitum,</span> <span class='ocrx_word' id='word_1_283' title='bbox 869 4170 900 4220; x_wconf 89' lang='lat' dir='ltr'>ut</span> <span class='ocrx_word' id='word_1_284' title='bbox 917 4168 1028 4221; x_wconf 88' lang='lat' dir='ltr'>Numer.</span> <span class='ocrx_word' id='word_1_285' title='bbox 1049 4184 1108 4235; x_wconf 88' lang='lat' dir='ltr'>cap.</span> <span class='ocrx_word' id='word_1_286' title='bbox 1133 4175 1141 4219; x_wconf 92' lang='lat'><em>1</em></span> <span class='ocrx_word' id='word_1_287' title='bbox 1162 4167 1196 4220; x_wconf 92' lang='lat' dir='ltr'>de</span> <span class='ocrx_word' id='word_1_288' title='bbox 1216 4167 1387 4222; x_wconf 84' lang='lat' dir='ltr'>Iudaeorum</span> 
     </span>
    </p>
   </div>
   <div class='ocr_carea' id='block_1_6' title="bbox 241 4258 1387 4406">
    <p class='ocr_par' dir='ltr' id='par_1_7' title="bbox 241 4258 1387 4406">
     <span class='ocr_line' id='line_1_36' title="bbox 241 4258 1387 4328; baseline 0.005 -20"><span class='ocrx_word' id='word_1_289' title='bbox 241 4274 324 4310; x_wconf 89' lang='lat' dir='ltr'>censu</span> <span class='ocrx_word' id='word_1_290' title='bbox 342 4258 452 4326; x_wconf 87' lang='lat' dir='ltr'>saepius</span> <span class='ocrx_word' id='word_1_291' title='bbox 470 4259 589 4327; x_wconf 90' lang='lat' dir='ltr'>ponitur.</span> <span class='ocrx_word' id='word_1_292' title='bbox 626 4260 802 4328; x_wconf 76' lang='lat' dir='ltr'>Qtrunquam,</span> <span class='ocrx_word' id='word_1_293' title='bbox 826 4261 955 4327; x_wconf 88' lang='lat' dir='ltr'>quoniam</span> <span class='ocrx_word' id='word_1_294' title='bbox 978 4260 1085 4314; x_wconf 88' lang='lat' dir='ltr'>incerta</span> <span class='ocrx_word' id='word_1_295' title='bbox 1102 4278 1145 4313; x_wconf 90' lang='lat' dir='ltr'>res</span> <span class='ocrx_word' id='word_1_296' title='bbox 1165 4264 1220 4323; x_wconf 83' lang='lat' dir='ltr'>est,</span> <span class='ocrx_word' id='word_1_297' title='bbox 1243 4261 1387 4314; x_wconf 87' lang='lat' dir='ltr'>noluimus</span> 
     </span>
     <span class='ocr_line' id='line_1_37' title="bbox 241 4349 546 4406; baseline 0.01 -4"><span class='ocrx_word' id='word_1_298' title='bbox 241 4350 267 4402; x_wconf 87' lang='lat' dir='ltr'>oi</span> <span class='ocrx_word' id='word_1_299' title='bbox 284 4349 398 4402; x_wconf 89' lang='lat' dir='ltr'>nimium</span> <span class='ocrx_word' id='word_1_300' title='bbox 416 4352 546 4406; x_wconf 81' lang='lat' dir='ltr'>tribuere.</span> 
     </span>
    </p>
   </div>
   <div class='ocr_carea' id='block_1_7' title="bbox 0 0 1508 5002">
    <p class='ocr_par' dir='ltr' id='par_1_8' title="bbox 0 0 1508 5002">
     <span class='ocr_line' id='line_1_38' title="bbox 0 0 1508 5002; baseline 0 0"><span class='ocrx_word' id='word_1_301' title='bbox 0 0 1508 5002; x_wconf 95' lang='lat' dir='ltr'> </span> 
     </span>
    </p>
   </div>
  </div>
 </body>
</html>
