2948 4996
244 323 306 392 398
591 337 810 393 0001111100
835 338 1041 394 0001100110

245 496 400 580 Neptunii
424 494 564 561 numinis
587 497 767 582 potentiam
789 497 1043 583 significantius,
1080 518 1176 583 quarn
1204 498 1262 564 τὸν
1284 498 1370 578 μέγαν

244 608 379 686 δαίμονα
406 608 469 671 dici
497 609 551 691 qui
578 612 610 672 et
637 609 789 673 fluctuum
816 610 968 674 saevitiae
996 610 1198 694 imperitaret
1224 614 1257 674 et
1278 630 1374 691 super-

243 717 445 781 bissimarum
474 718 818 803 audacissimammque
848 720 965 784 artium
993 719 1144 783 inventor
1166 719 1274 782 esset?
1309 718 1375 802 quid

243 828 378 912 denique
412 829 654 893 convenientius
688 829 721 893 in
755 831 952 915 tragicorum
989 829 1252 893 consuetudinem
1290 851 1379 912 quam

243 939 419 1001 concinnus
441 939 528 1002 lusus
551 939 746 1022 syllabarum
769 940 833 1022 ille,
857 962 919 1024 quo
937 939 1054 1024 pariles
1077 939 1112 1002 in
1127 939 1284 1022 parilibus
1306 939 1379 1002 locis

242 1069 336 1111 sonos
359 1048 412 1132 (τᾷ
433 1051 555 1133 μεγάλᾳ
571 1079 604 1085 -
618 1056 678 1115 τοῦ
700 1052 855 1136 μεγάλου)
879 1051 1011 1134 stropha
1033 1054 1065 1113 et
1088 1048 1293 1132 antistropha
1307 1049 1382 1112 reci·

242 1158 359 1242 piunt‘?
395 1159 543 1223 similiter
572 1163 667 1244 atque
695 1183 724 1224 1.
751 1162 822 1224 703.
848 1161 909 1224 716
936 1161 1074 1223 invicem
1097 1160 1159 1223 sibi
1182 1159 1287 1222 relata
1311 1163 1384 1222 sunt

241 1270 367 1334 άλιώεει
395 1271 463 1349 χερί
491 1273 523 1333 01
550 1272 623 1335 άλία
651 1273 745 1351 χερεὶ.
790 1270 877 1346 Quae
899 1271 1008 1334 omnia
1037 1292 1108 1334 cum
1135 1273 1204 1332 tam
1233 1291 1384 1354 sagacem

240 1380 344 1442 virum
364 1378 477 1463 fugere
498 1380 630 1443 minime
653 1381 831 1463 potuerint,
856 1380 982 1444 videtur
1007 1383 1035 1443 is
1063 1379 1188 1444 inventi
1215 1379 1304 1442 illius
1326 1380 1384 1461 sui,

242 1489 324 1573 quod
348 1492 658 1571 011μεγαλαύχημα,
682 1490 850 1554 lenociniis
873 1490 952 1553 adeo
976 1492 1088 1573 captus
1106 1512 1185 1572 csse,
1208 1496 1244 1552 ut
1259 1490 1385 1575 magni-

241 1601 302 1664 fico
335 1600 505 1683 vocabulo,
540 1600 622 1683 quod
653 1601 858 1685 intellegeret
891 1623 962 1666 curn
994 1602 1134 1680 μεγάλου
1168 1602 1326 1680 δαίμονος
1354 1604 1388 1663 01

241 1711 385 1788 μέγιετον
413 1711 543 1773 omnino
571 1732 638 1775 11011
665 1733 757 1794 posse
785 1711 894 1775 eodem
923 1732 1015 1775 versu
1045 1710 1238 1792 consociari,
1275 1710 1387 1794 quovis

241 1823 336 1903 praeto
364 1820 469 1884 locum
497 1821 572 1884 dare
603 1820 839 1904 adgrederetur.
885 1821 929 1884 Et
957 1825 1067 1884 tamen
1095 1843 1135 1884 ne
1163 1821 1234 1904 ipsa
1257 1821 1387 1903 quidem

241 1932 493 2010 μεγαλαάχημα
514 1933 676 2010 μέγιετον
697 1931 829 1995 nomina
853 1932 1053 1995 concedimus
1073 1930 1142 1994 sinc
1158 1931 1298 2014 quaesiti
1314 1953 1386 1995 acu·

198 2041 338 2104 uminis
364 2042 423 2105 tali
452 2042 587 2105 artificio
614 2041 704 2125 iungi
733 2042 826 2125 quale
853 2041 907 2105 hic
934 2045 1030 2124 pocta
1056 2063 1186 2124 prorsus
1215 2041 1385 2123 detrectet,

241 2151 427 2236 ingeniosus
450 2152 504 2215 ille
526 2151 653 2235 quidem
676 2152 793 2215 artifex
816 2152 981 2235 orationis,
1005 2173 1070 2215 non
1093 2152 1272 2236 argutulus.

325 2263 400 2325 Non
422 2262 528 2326 minus
550 2262 723 2325 manifesta
753 2284 957 2326 numerorum
987 2261 1166 2345 corruptela
1189 2283 1301 2324 versus
1324 2261 1386 2326 7112

240 2373 366 2436 laborat
395 2395 465 2437 cum
494 2375 555 2438 715
583 2372 743 2437 conlatus:
781 2375 818 2438 τὸ
854 2375 911 2453 μέν
940 2394 985 2437 τι(
1014 2373 1105 2437 οὔτε
1134 2373 1280 2451 νεαρὸς
1311 2373 1385 2436 οὔτε

242 2484 325 2565 γήρᾳ
338 2513 381 2540 =
396 2486 548 2563 πρώταιει
570 2487 674 2548 ταῑεδε
696 2483 799 2547 arico(
822 2483 956 2559 ἀγυιαῖς
980 2503 1112 2565 quorum
1134 2502 1320 2544 mensuram
1336 2503 1385 2544 sa-

241 2593 285 2655 tis
307 2592 401 2656 hodie
425 2597 572 2657 constare
594 2596 743 2676 putamus
765 2615 832 2657 non
859 2592 945 2656 hanc
966 2613 1034 2655 esse
1056 2618 1197 2653 arom
1232 2623 1383 2672 orm,

241 2702 295 2765 sed
319 2703 403 2766 hanc
425 2703 529 2787 potius
694 2733 711 2763 1
723 2747 874 2768 ......
920 2702 994 2766 Vna
1017 2702 1116 2786 igitur
1138 2723 1172 2767 τε
1195 2703 1310 2765 vocula
1332 2702 1384 2765 de

240 2813 306 2876 leta
327 2816 365 2877 τὸ
388 2816 445 2892 μέν
473 2836 519 2879 τι(
543 2816 588 2880 οὐ
610 2815 727 2894 νεαρὸς
756 2815 831 2880 οὔτε
852 2816 935 2898 γήρᾳ
963 2828 1034 2876 Cum
1061 2811 1205 2875 P0f⁸0¹¹⁰
1232 2812 1384 2895 Placebat

240 2922 490 3008 tumReisigio.
536 2922 676 2998 Quorum
703 2924 758 2987 1110
786 2924 862 3008 quid
884 2924 923 2988 dc
945 2926 1046 2987 metro
1068 2922 1221 3004 senserit,
1254 2923 1383 3007 ignora·

240 3036 307 3115 tur,
337 3056 432 3118 quem
458 3037 569 3098 tamen
596 3033 635 3098 de
663 3034 767 3098 soluta
795 3035 829 3097 in
858 3034 936 3098 duas
964 3035 1075 3097 breves
1098 3033 1197 3116 longa
1222 3033 1383 3116 cogitasse

241 3165 336 3228 aegre
360 3144 484 3208 credas:
508 3144 644 3227 synizesi
660 3145 853 3229 bisyllabum
875 3145 943 3207 ficri
965 3145 1082 3224 νεῖαρόε
1097 3141 1243 3227 Reisigio
1266 3143 1381 3225 visum,

240 3254 349 3318 ‘utin
372 3255 430 3334 ῥέα
453 3255 628 3318 docuerunt
650 3254 690 3318 ad
712 3253 920 3318 Hesiodum':
958 3276 1019 3337 quo
1047 3252 1192 3335 exemplo
1213 3252 1313 3317 facile
1335 3254 1382 3316 in·

239 3364 366 3448 tellegis
388 3365 519 3428 minime
547 3364 726 3429 satisfieri.
772 3363 891 3438 Quodsi
918 3364 1067 3447 propiora
1095 3362 1381 3445 circumspicimus,

239 3474 273 3536 in
302 3478 452 3557 promptu
480 3478 556 3538 sunt
583 3496 660 3539 sane
687 3475 815 3540 νεανία(
844 3475 991 3540 νεανικόε
1014 3473 1229 3559 (0110101101
1252 3476 1383 3540 νανικό(

241 3606 312 3647 cum
334 3584 500 3649 Dindorfio
521 3585 700 3669 scripseris)
722 3585 891 3669 trisyllaba
914 3584 997 3668 apud
1014 3580 1268 3665 Aristophanem
1284 3582 1382 3667 Vesp.

239 3715 269 3758 ν.
296 3696 386 3759 1067.
413 3696 504 3778 1069,
528 3717 590 3778 quo
611 3694 747 3759 fortasse
770 3696 892 3761 νεανίαι
915 3693 1039 3758 accedit
1061 3691 1224 3774 Euripidis
1248 3692 1383 3776 Cyclopi

239 3826 269 3866 ν.
293 3804 335 3867 28
359 3805 541 3868 coniectura
563 3802 737 3868 redditum:
765 3806 1162 3887 1101111ῆνιερ1ονεῆνι(
1185 3802 1271 3884 apud
1295 3805 1384 3867 Ana·

241 3918 402 3978 creontem
428 3913 469 3978 fr.
500 3916 554 3997 14,
584 3916 605 3980 3
636 3915 672 3978 in
699 3915 832 4000 Bergkii
860 3915 962 3999 poetis
989 3912 1098 3997 lyricis
1125 3934 1157 3994 p.
1188 3911 1267 3976 778:
1306 3913 1385 3977 item

238 4026 369 4091 νεοεεάε
396 4026 510 4091 νοεεόε
538 4028 571 4088 01
599 4025 736 4088 finitima
765 4047 835 4089 cum
858 4025 935 4088 alibi
957 4028 1025 4088 tum
1047 4021 1131 4106 apud
1154 4021 1384 4106 Menandrum,

239 4157 320 4218 quae
353 4135 540 4199 Lobeoldus'
563 4136 717 4199 tractavit
749 4136 783 4199 in
816 4134 1035 4218 Phrynichum
1067 4156 1098 4216 p.
1127 4131 1191 4195 206
1225 4154 1274 4216 sq.
1322 4133 1386 4197 Sed

239 4248 348 4308 tamen
368 4267 409 4308 ne
432 4245 512 4309 haec
534 4246 662 4329 quidem
683 4246 828 4309 sufficere
851 4245 891 4308 ad
913 4243 1105 4308 firmandum
1128 4245 1244 4322 νεῖκρό(
1260 4242 1386 4325 Sopho·

240 4354 336 4418 elium
358 4358 507 4437 apparet:
530 4356 657 4438 quando
679 4357 714 4419 in
737 4355 882 4419 omnibus
904 4356 1003 4441 longa
1025 4352 1150 4437 syllaba
1173 4355 1222 4415 cst
1243 4374 1385 4435 quacum
