3008 5002
508 381 625 446 nuova
648 382 865 434 asmonono.
1194 367 1255 433 179

124 556 165 600 και
191 539 287 600 notae
314 536 407 599 nihili
435 540 520 600 sunt.
570 537 598 601 Ε
627 561 692 602 non
725 539 889 602 intellecto
916 541 1022 601 autem
1050 538 1141 602 ἐπῶν
1170 538 1256 601 vocis

123 646 297 730 significatu
326 647 517 737 repetendus
545 646 660 711 Suidae
689 670 776 711 error
804 652 837 711 et
863 647 1037 710 Eudociae:
1070 648 1192 727 ἔγραψε
1221 650 1257 711 δὲ

121 759 165 820 καὶ
186 759 302 836 τέχνην
326 758 494 836 ῥητορικὴν
516 757 552 823 ἐν
567 760 691 838 μέτροι(
714 758 780 821 sive
803 759 839 823 ἐν
860 759 978 842 adspui:
1003 757 1181 820 contrarius
1202 756 1256 819 ille

120 867 160 949 ei,
184 888 277 949 quem
300 866 334 929 in
356 869 567 945 Ἐμπεδοκλῆς
591 867 792 931 commissum
814 889 910 950 supra
939 867 1160 951 cognovimuS,
1189 866 1257 930 Sui-

118 976 235 1059 daeque
258 998 329 1040 curn
345 975 467 1039 Thomu
489 976 528 1039 de
543 976 664 1040 Pinedo
687 981 719 1040 et
732 975 901 1040 Holstenio
923 976 1109 1040 communis.
1146 975 1258 1039 Fusius

116 1086 154 1148 de
175 1087 225 1149 his
248 1085 413 1168 disseruit,
437 1107 497 1150 nec
512 1089 622 1150 tamen
637 1086 715 1150 satis
731 1108 798 1150 rem
816 1085 978 1169 expedivit
992 1085 1195 1149 Maerckerus
1218 1085 1258 1149 de

115 1195 305 1259 Theodectis
321 1195 387 1259 vita
402 1219 433 1280 p.
450 1197 502 1261 55.
518 1197 570 1261 58.
609 1195 680 1260 Hoc
701 1197 801 1280 igitur
816 1195 1032 1259 indubitatum
1048 1200 1153 1259 exstat
1167 1197 1257 1262 ἐπῶν

114 1328 172 1389 pro
195 1308 311 1386 (τίχοιε
333 1306 489 1369 dictorum
512 1307 704 1389 exemplum:
733 1329 826 1390 quem
848 1306 975 1390 quidem
996 1275 1146 1389 loquendi
1169 1327 1259 1368 usum

114 1415 222 1499 paullo
252 1419 328 1478 ante
355 1415 491 1478 vidimus
525 1439 544 1479 a
571 1415 768 1499 Theopompi
802 1416 877 1479 inde
911 1419 1016 1479 aetate
1052 1415 1259 1500 repetendum

114 1547 194 1589 esse.
229 1563 272 1574 —
299 1525 354 1609 97)
386 1525 582 1589 Isocratis
616 1524 754 1588 Busiridi
787 1525 822 1589 in
854 1526 1013 1589 Vrbinate
1046 1524 1153 1589 codice
1188 1525 1259 1588 suh·

114 1636 287 1718 scriptum:
311 1637 464 1715 βούεειρι(
488 1631 748 1702 ΗΗΗΗΔΔΔΔ.
796 1634 881 1699 Satis
904 1635 1065 1699 commode
1095 1635 1129 1698 hi
1151 1657 1259 1698 versus

112 1746 179 1809 390
208 1749 390 1830 congruunt
418 1746 453 1808 in
475 1745 537 1809 366
567 1766 675 1808 versus
704 1767 843 1829 nuperae
872 1745 1020 1808 editionis
1044 1744 1257 1827 Sauppianae.

113 1854 161 1917 vt
193 1855 282 1918 nulla
315 1877 443 1939 prorsus
477 1876 589 1918 caussa
622 1855 679 1937 sit,
715 1878 770 1919 cur
803 1855 841 1918 de
869 1855 1044 1919 enuntiatis
1076 1855 1182 1938 potius
1209 1854 1259 1917 vel

113 1965 355 2028 enuntiatomm
377 1964 541 2048 particulis
565 1966 739 2049 cogitemus
763 1987 834 2029 cum
849 1964 1058 2049 Bemhardyo
1080 1965 1115 2027 in
1137 1964 1257 2027 Annal.

114 2075 187 2137 crit.
211 2073 317 2138 Berol.
335 2097 364 2138 a.
382 2075 463 2139 1838
478 2078 502 2137 t.
520 2073 599 2156 Hp.
616 2074 689 2157 840,
706 2075 759 2158 qui
781 2078 947 2158 praeterea
969 2074 1041 2137 illas
1056 2095 1259 2137 numerorum
1279 2113 1283 2119 ι

112 2188 210 2247 notas
232 2206 345 2267 pamm
367 2184 542 2248 liberaliter
563 2184 793 2267 interpretatur
814 2185 878 2249 354
899 2206 1018 2247 versus.
1034 2222 1077 2232 -
1098 2184 1259 2268 98—113)

112 2292 399 2357 Demosthenis
414 2293 552 2358 sedecim
567 2294 746 2357 orationum
763 2294 905 2378 priorum
919 2298 1041 2358 veteres
1057 2294 1260 2376 subscriptio·

112 2427 173 2468 nes
189 2404 329 2467 servavit
350 2407 477 2487 praeter
492 2404 647 2487 optimum
662 2402 844 2467 Parisinum
867 2403 898 2486 (e
921 2426 982 2487 quo
1002 2408 1112 2467 tamen
1134 2403 1261 2466 illarum

112 2514 198 2578 nihil
236 2512 399 2577 Bekkerus
436 2514 602 2577 nobiscum
642 2514 900 2592 communicavit)
940 2514 1036 2577 codex
1074 2513 1259 2595 BavaricuS,

113 2646 236 2708 paneas
259 2627 412 2707 quasdam
436 2624 533 2687 etiam
555 2626 764 2708 Augustanus
787 2623 845 2687 ΠΙ.
890 2622 1031 2699 Quarum
1055 2623 1182 2707 quidem
1204 2646 1261 2688 nu-

113 2735 198 2797 meri
220 2755 346 2816 omnes,
375 2755 468 2817 quem
491 2733 681 2797 admodum
703 2734 738 2797 in
759 2733 909 2798 Isocratis
932 2733 1093 2815 Busiride,
1124 2734 1261 2817 antiqui·

113 2845 225 2908 oribus
248 2844 436 2907 numerandi
459 2844 543 2907 notis
566 2844 629 2907 illis
651 2844 832 2928 consignati
855 2848 945 2926 sunt,
970 2866 1048 2927 quas
1071 2844 1167 2906 etiam
1181 2841 1261 2906 Her·

115 2954 304 3018 culanensia
332 2953 493 3017 volumina
526 2976 603 3037 prae
631 2975 664 3016 se
692 2953 776 3017 ferre
804 2953 1026 3018 adnotavimus
1054 2951 1138 3014 Bibl.
1167 2952 1260 3014 Alex.

114 3088 149 3147 p.
182 3064 252 3127 124.
303 3064 410 3147 Atque
438 3063 472 3126 in
501 3064 550 3126 his
579 3086 650 3127 cum
682 3064 823 3147 ipsorum
856 3064 1008 3128 librorum
1040 3061 1163 3127 numeri
1197 3082 1262 3124 non

115 3175 184 3237 sint
208 3172 325 3236 eisdem
348 3173 425 3254 illis,
449 3172 505 3236 sed
527 3174 757 3237 recentioribus
772 3175 857 3237 notis
872 3172 1062 3257 significati,
1087 3169 1263 3234 certissimo

115 3287 154 3346 ut
182 3283 376 3346 arbitramur
406 3286 595 3367 argumento
626 3283 826 3367 intellegitur
859 3284 974 3363 ετίχων
1007 3280 1192 3344 memoriam
1225 3301 1263 3342 ex

116 3393 253 3456 vetustis
276 3392 468 3455 testimoniis
491 3392 530 3455 ad
553 3393 729 3474 posteriora
747 3393 873 3456 saecula
895 3391 1055 3474 proditam
1078 3411 1156 3453 esse.
1194 3387 1263 3452 Nec

114 3505 152 3566 in
181 3501 373 3566 Bavarieum
402 3501 529 3585 quidem
557 3502 696 3566 codicem
724 3503 827 3585 ipsum
856 3500 920 3564 ullo
947 3501 1040 3564 modo
1067 3500 1147 3563 istae
1173 3502 1263 3562 nota-

114 3614 225 3676 tiones
248 3615 445 3696 congruunt,
477 3615 559 3675 teste
582 3611 755 3696 Spengelio
778 3611 812 3674 in
834 3610 969 3693 Ephem.
994 3611 1056 3672 litt.
1081 3608 1207 3672 Monac.
1232 3605 1277 3671 a(
1374 3669 1376 3672 ,

117 3721 203 3786 1838
219 3726 242 3784 t.
260 3720 293 3784 ΙΙ
308 3744 339 3804 p.
356 3721 429 3784 491.
465 3720 526 3784 Est
548 3725 654 3785 autem
669 3721 906 3796 Demosthenen
928 3720 983 3782 illa
1000 3720 1196 3798 (τιχομετρία
1217 3718 1263 3781 ita

116 3835 323 3915 comparata,
352 3836 389 3894 ut
414 3854 455 3894 ue
483 3831 536 3895 hic
563 3832 690 3915 quidem
718 3831 834 3895 diversi
861 3831 927 3894 sint
956 3829 1052 3908 (τίχοι
1081 3828 1264 3891 aversibus

116 3941 185 4026 (vel
208 3941 302 4004 lineis
325 3941 363 4003 de
386 3940 511 4004 novicio
534 3934 683 4024 loquendi
704 3944 816 4027 more).
861 3938 1089 4002 Monstrabunt
1114 3936 1175 4000 hoc
1197 3957 1264 3999 ver·

114 4072 211 4116 suum
234 4051 358 4114 numeri
381 4050 517 4134 exempli
539 4050 754 4113 Teubneriani
778 4048 868 4137 [anni
893 4047 1003 4136 lain,
1028 4068 1105 4131 quos
1128 4045 1264 4130 singulis

114 4164 153 4226 in
185 4161 265 4224 loeis
293 4161 496 4244 apposuimus
525 4161 615 4223 uncis
647 4160 911 4243 circumscriptos.
963 4155 1132 4222 Commode
1165 4155 1266 4239 igitur

114 4273 234 4335 horum
262 4270 478 4354 exemplorum
507 4269 744 4333 multitudinem
777 4270 840 4332 illis
873 4267 1007 4350 adicies,
1042 4266 1155 4349 quihus
1188 4264 1264 4328 olim
1394 4263 1396 4267 ’

115 4383 168 4447 usi
197 4404 306 4474 sumus
334 4403 365 4463 p.
393 4382 461 4444 110.
506 4379 612 4444 Facile
641 4383 763 4462 autem,
793 4379 820 4443 si
848 4379 901 4462 qui
930 4379 1013 4443 forte
1038 4374 1176 4458 corrupti
1200 4375 1265 4435 sint

1001 4479 1063 4543 12*
