2924 4996
384 337 540 383 oronrsn
562 336 913 383 narncaannssassrs.
1161 322 1223 383 aaa

82 495 190 555 autem
218 490 399 554 criticorum
433 490 671 554 emendationes
700 511 756 571 per
784 488 885 551 editos
914 488 1011 550 libros
1045 489 1223 570 promiscue

81 623 210 685 sparsas
232 600 323 664 licuit
346 601 442 663 etiam
465 600 595 664 ineditis
617 599 742 663 schedis
758 599 797 661 Α,
815 599 840 661 Ι.
858 597 896 661 Ε.
914 597 1052 684 Pflugkii
1069 598 1127 679 uti,
1145 622 1223 682 quas

81 712 107 775 l.
126 712 325 795 Marquardti
347 710 589 774 benevolentiae
612 712 761 792 acceptas
784 708 960 772 referimus.
1012 708 1223 772 Aclrrotationi

82 826 190 885 autem
213 822 343 885 criticae
365 825 494 885 nostrae
517 820 708 883 subiecimus
730 825 811 899 Lupi
832 818 1130 901 interpretationem
1152 820 1223 882 lati-

81 954 159 995 nam
186 932 226 994 ad
252 932 431 1015 exemplum
456 930 657 994 Tarvisinum
686 930 763 992 anui
793 928 1086 993 Olultuoouxxx
1114 929 1223 993 eodem

81 1046 336 1125 temperamento
370 1063 568 1125 expressam,
606 1040 688 1124 quod
726 1040 790 1102 iam
827 1039 924 1122 priori
963 1040 1223 1103 commentationi

81 1152 262 1215 adhibitum
291 1173 359 1215 esse
384 1152 460 1214 olim
481 1151 616 1234 professi
641 1173 748 1213 sumus
772 1148 815 1237 [p.
832 1151 895 1214 473
916 1149 1008 1212 huius
1030 1151 1222 1238 voluminisl.

82 1261 151 1325 Nec
173 1261 259 1325 enim
287 1262 350 1324 nisi
371 1284 388 1325 e
408 1262 505 1348 plena
528 1266 560 1324 et
583 1263 736 1324 continua
760 1260 1025 1342 interpretatione
1050 1264 1126 1324 ante
1152 1282 1224 1325 ocu-

81 1372 129 1434 los
153 1372 258 1455 posita
284 1374 335 1435 sat
354 1375 441 1435 certa
463 1372 501 1435 de
524 1370 633 1455 graeei
657 1370 788 1452 codicia,
813 1393 906 1453 quern
929 1371 1086 1453 expressit
1107 1371 1223 1453 Lepus,
1244 1381 1258 1427 3

81 1481 249 1565 scripturis
277 1481 347 1545 fieri
376 1482 558 1550 coniectura
581 1484 696 1564 potest.
741 1480 800 1555 Qui
825 1479 923 1543 codex
946 1481 1006 1543 etsi
1028 1503 1088 1544 nec
1112 1488 1225 1544 cumA

81 1613 142 1655 nec
171 1614 242 1655 eum
264 1597 293 1655 B
320 1591 404 1655 idem
426 1596 491 1672 est,
521 1595 630 1654 tamen
659 1613 730 1655 cum
758 1590 797 1654 ad
819 1590 932 1653 horum
955 1590 1094 1673 ipsomm
1123 1612 1225 1673 genus

81 1706 150 1764 tum
167 1702 208 1765 ad
220 1701 388 1765 Vrbinatis
406 1701 646 1764 similitudinem
670 1700 755 1764 visus
778 1704 826 1762 est
841 1701 983 1783 proxime
1007 1701 1166 1763 accedere.
1183 1739 1225 1748 -—

82 1811 248 1874 Postremo
267 1812 329 1875 duo
352 1816 437 1893 sunt,
461 1833 542 1895 quae
564 1812 645 1874 scire
667 1811 802 1874 lectores
824 1803 934 1873 nostra
957 1811 1094 1873 intersit.
1140 1810 1224 1885 Quos

82 1922 221 2004 primum
244 1922 544 1986 commonefacimus
560 1925 708 1984 nontam
723 1921 755 1983 id
770 1944 829 1984 nos
848 1921 951 2004 egisse
969 1925 1014 2002 ut,
1034 1921 1224 2004 ubicumque

82 2032 117 2094 in
140 2032 266 2115 graecis
283 2032 429 2115 Dionysii
452 2032 556 2095 verbis
579 2031 697 2114 aliquid
720 2030 828 2094 deesse
851 2031 891 2094 ad
915 2031 1069 2113 pristinae
1092 2032 1224 2115 integri-

80 2142 160 2204 tatis
189 2143 326 2205 nitorem
357 2142 531 2223 videretur,
566 2140 763 2204 confidenter
790 2140 918 2204 admota
956 2141 1138 2205 coniectura
1170 2142 1224 2204 illa

82 2252 238 2315 continuo
266 2252 305 2315 ad
335 2252 510 2335 perfectam
540 2252 720 2336 elegantiae
748 2252 886 2334 speeiem
916 2252 1115 2314 conformata
1138 2251 1224 2314 exhi-

81 2362 246 2443 beremus,
270 2384 364 2445 quam
387 2363 471 2425 hanc
493 2362 599 2444 potius
621 2362 706 2425 viani
731 2361 882 2443 tenuisse,
911 2365 946 2424 ut
972 2360 1144 2424 modestius
1172 2362 1225 2424 ad-

82 2470 187 2534 hibita
216 2475 326 2534 nostra
349 2471 571 2535 emendatione
597 2472 690 2535 fidem
716 2472 888 2537 memoriae
913 2471 1014 2555 qualis
1038 2476 1121 2535 esset
1143 2495 1225 2535 com-

82 2585 349 2662 ruonstraremusr,
373 2581 405 2644 h,
420 2604 447 2645 6.
473 2585 509 2644 ut
529 2583 654 2666 qualern
679 2583 836 2645 decimum
857 2583 908 2646 vel
930 2581 1131 2646 undecimum
1159 2605 1225 2647 sae-

83 2690 190 2754 culum
219 2691 406 2774 scriptorem
439 2695 562 2774 nosset,
595 2715 852 2775 proponeremus.
907 2694 1053 2757 Alteriun
1086 2694 1146 2756 hoc
1178 2698 1226 2756 cst

82 2800 186 2884 quod,
214 2801 255 2863 ab
283 2801 376 2864 initio
406 2803 622 2885 potissimum,
653 2825 718 2866 non
748 2804 964 2886 discrepantia
996 2807 1138 2884 tanturn,
1170 2805 1225 2866 sed

81 2911 184 2973 etiam
204 2912 438 2975 consentientia
460 2911 603 2976 codicum
628 2913 812 2976 testimonia
833 2913 1016 2995 plerumque
1040 2935 1225 2976 commemo-

80 3021 241 3101 ravimus,
270 3042 335 3084 non
362 3022 394 3085 id
421 3021 549 3104 putidae
579 3023 765 3107 diligentiae
794 3045 922 3105 caussa,
952 3023 1006 3086 sed
1034 3026 1071 3085 ut
1097 3026 1224 3087 mutuae

79 3151 166 3214 quae
186 3130 272 3193 iuter
291 3130 389 3194 libros
405 3131 619 3215 Dionysianos
640 3135 780 3197 rationes
802 3133 1014 3217 intercedunt,
1037 3154 1100 3196 ano
1122 3135 1225 3198 oculo-

79 3262 156 3303 rum
180 3245 350 3322 eonspectu
371 3242 596 3325 comprehendi
617 3243 685 3306 sine
703 3243 827 3306 errandi
847 3244 988 3325 periculo
1005 3244 1182 3328 possent.*)

152 3502 178 3569 ³³)
207 3500 322 3571 [Secuta
344 3507 409 3557 sunt
431 3503 497 3557 olim
519 3521 536 3558 a
557 3523 583 3574 p.
604 3511 620 3559 4
643 3504 678 3560 ad
700 3511 732 3559 41
756 3505 849 3575 capita
870 3504 1001 3558 l—XXX
1024 3507 1052 3558 et
1075 3522 1175 3572 graece
1198 3507 1226 3559 et

74 3598 162 3665 Lapo
189 3596 343 3665 interprete
370 3597 468 3663 latine,
498 3615 553 3651 una
576 3617 638 3653 cum
664 3602 804 3668 apparatu
830 3600 938 3663 critico,
964 3616 1047 3665 quem
1070 3600 1158 3651 solum
1182 3599 1226 3651 hie

72 3687 249 3744 iteravimus
272 3690 388 3743 subinde
410 3691 456 3744 vel
478 3692 589 3744 auctum
611 3692 656 3745 vel
677 3694 815 3757 relictum,
838 3692 969 3746 subiectis
992 3694 1087 3745 tamen
1109 3692 1137 3744 in
1155 3710 1226 3746 mar-

71 3785 148 3855 gine
168 3780 277 3848 aliquot
294 3783 520 3836 adnotationibus
539 3784 576 3837 ad
594 3802 653 3853 cap.
670 3784 782 3838 l—Vlll
800 3785 1015 3854 pertinentibus,
1034 3803 1136 3852 quase
1155 3803 1226 3839 com·

70 3875 258 3933 mentatione
281 3874 490 3930 Vratislavicnsi
518 3878 669 3930 servandas
693 3877 827 3932 duximus,
873 3879 945 3932 Nam
974 3897 1034 3931 eum
1058 3879 1226 3946 reliquorum

68 3969 212 4027 codicum
240 3969 395 4022 accuratior
421 3970 533 4036 notitia,
561 3973 591 4022 nt
614 3988 685 4023 nnnc
708 3989 752 4025 res
776 3974 831 4037 est,
855 3972 930 4024 nullu
953 3972 1019 4024 dum
1044 3973 1073 4025 in
1096 3975 1226 4040 promptu

65 4067 126 4127 sit,
148 4064 213 4115 tum
231 4078 266 4114 ne
284 4061 426 4116 Vrliinatis
448 4063 559 4129 quidem
583 4065 667 4132 plena
689 4064 811 4131 cognitio
829 4082 844 4118 e
862 4065 1022 4133 Kiesslingii
1046 4065 1226 4118 adnotatione

61 4157 138 4231 peti
161 4156 280 4224 potest]
