2924 4996
426 323 584 372 monrsrr
606 323 958 373 nunrcansassassrs.
1198 308 1260 374 535

115 480 179 559 γάρ
194 479 256 543 ἐςτι
279 476 457 561 [μόνον]
483 476 521 541 18
537 477 750 556 περὶτούτων
773 477 856 562 [ἐπ’
876 476 1094 564 ἀκριβείας]
1116 477 1260 557 ἕκαςτον,

116 589 157 651 21
181 586 461 672 [ἀπο]φθαρεῑςά
483 607 548 652 που
570 588 685 670 [κατὰ
707 586 861 671 μόνας]
884 585 944 650 222
968 589 1151 667 βουλεύςων
1174 589 1260 672 [βα-

117 700 246 764 ςιλεὺς
269 696 357 780 ὢν]
379 695 421 760 23
436 697 591 776 τόςχῆμα
614 698 703 780 [τοῦ
725 697 835 782 βίου]
857 697 1125 778 διαφυλάξαντες,
1147 698 1191 762 30
1205 699 1260 778 ῥυ-

116 812 204 889 τῆρςι
236 806 570 891 [κατεχομένους]
601 811 749 887 μακροῖς,
789 807 831 873 32
863 808 993 892 ἐξῄεςαν
1024 807 1067 873 εἰς
1101 808 1259 888 ὕπαιθρον

117 916 394 1002 [ἀμφότεροι]
424 914 468 980 40
498 916 690 995 ἐποιήςαντο
725 919 830 1002 [περὶ
867 920 934 997 τῆς
965 918 1143 1003 εἰρήνης]
1177 919 1260 998 πρὸς

118 1028 263 1108 βαςιλέα,
296 1026 338 1091 68
370 1025 657 1108 ὑπερανεςτηκυίας
686 1026 906 1111 [ἀλλήλων]
937 1029 1108 1109 καθέδρας,
1142 1029 1182 1092 72
1215 1028 1260 1094 εἰς

116 1140 176 1218 τὴν
199 1137 322 1216 ἀγορὰν
346 1134 589 1224 [ἀπολογίας
610 1137 723 1218 χάριν
746 1139 964 1222 ἐξ]ελαιἰνειν.

641 1334 662 1411 s
687 1332 736 1395 11.

202 1465 342 1531 Tantum
363 1465 403 1529 de
424 1465 611 1530 lacunarum
632 1467 871 1549 supplementis.
917 1466 979 1532 Sed
1007 1467 1042 1531 in
1070 1467 1116 1531 eis
1137 1468 1258 1550 tamen,

116 1600 198 1662 quae
213 1598 280 1640 non
293 1575 515 1640 desiderantur
530 1576 565 1639 in
580 1582 617 1661 Α,
634 1576 787 1641 maiorem
801 1576 830 1640 is
852 1576 1111 1661 diligentiam
1133 1577 1260 1662 serip-

115 1692 231 1751 turae
263 1686 355 1750 nobis
390 1686 586 1769 comprobat.
637 1686 759 1769 Audio,
793 1709 860 1751 non
889 1687 1028 1752 oonoedo
1056 1687 1260 1770 simpliciter:

116 1818 221 1881 neque
243 1795 328 1860 enim
349 1795 411 1860 hoo
432 1799 500 1859 tam
523 1798 710 1860 constanter
729 1796 869 1880 factum,
892 1801 1016 1862 utnon
1039 1797 1143 1861 etiarn¹
1158 1802 1204 1880 B,
1228 1801 1261 1861 et

117 1909 215 1991 longe
236 1905 364 1990 quidem
390 1906 516 1990 saepius
543 1907 613 1971 sine
636 1912 660 1972 0
685 1928 781 1991 quam
803 1929 875 1972 oum
898 1913 935 1991 0,
966 1907 1095 1993 singula
1122 1907 1260 1990 plurima

116 2015 316 2081 emendatius
339 2015 460 2100 seripta
482 2039 578 2100 quarn
600 2024 628 2080 Α
649 2017 834 2102 prodiderit.
872 2017 910 2080 ld
933 2039 1005 2082 eum
1026 2017 1135 2081 multis
1158 2039 1260 2081 exem·
1278 2041 1311 2089 20

116 2126 181 2210 plis
203 2146 260 2210 per
280 2125 421 2210 reliquae
444 2127 743 2212 argumentationis
758 2127 1032 2211 opportunitatem
1054 2131 1131 2190 ante
1153 2126 1259 2190 allatis

116 2237 242 2300 affatim
264 2235 481 2301 didicerimus:
509 2237 664 2321 siquidem
692 2239 721 2301 ei
747 2237 794 2301 rei
816 2259 884 2302 non
905 2238 1052 2301 sufficere
1074 2237 1149 2301 libri
1170 2237 1187 2300 I
1209 2259 1260 2301 oa-

116 2348 188 2431 pita
220 2345 313 2410 XXX
342 2346 447 2430 prime
479 2346 549 2411 visa
579 2351 669 2412 sunt:
701 2350 771 2411 tum
802 2348 894 2412 novis
927 2348 1073 2413 evincere
1105 2347 1260 2412 sescentis

114 2457 199 2521 lieet
229 2456 427 2540 Quamquam
449 2479 520 2522 oum
534 2457 595 2522 hoo
616 2479 718 2542 genus
733 2459 834 2522 multo
849 2459 948 2523 etiem
968 2459 1074 2523 minus
1095 2461 1261 2541 tamquam

116 2589 190 2631 oum
219 2567 395 2650 pulvisculo
428 2567 589 2631 exhauriri
621 2589 679 2651 per
710 2569 803 2632 huius
836 2569 1062 2653 disputationis
1094 2568 1260 2653 angustias

115 2677 234 2761 possit,
262 2698 366 2760 pauca
393 2699 481 2742 nuno
506 2699 564 2760 per
590 2681 732 2742 saturam
759 2701 870 2763 sparsa
897 2680 1002 2764 magis
1030 2700 1125 2763 quam
1152 2678 1261 2743 dedita

114 2808 215 2870 opera
242 2787 422 2871 conquisita
449 2787 528 2850 item
556 2808 578 2851 e
600 2787 633 2851 Π
655 2787 738 2852 libro
766 2793 799 2853 et
820 2789 868 2853 Ill
897 2811 1089 2873 proponam,
1118 2791 1259 2872 praeter-

114 2896 222 2960 missis
248 2896 375 2981 quidem
402 2897 688 2962 innumerabilibus
715 2899 795 2976 illis,
828 2900 942 2982 quibus
969 2900 1019 2962 vel
1035 2891 1156 2962 'addito
1184 2898 1259 2961 arti-

115 3007 189 3070 culo
210 3008 260 3071 vel
282 3028 316 3072 τε
338 3009 388 3073 καλ
410 3006 530 3090 scripto
552 3029 609 3091 pro
632 3010 682 3073 καὶ
704 3010 754 3073 vel
776 3011 940 3088 ςπρατείαν
966 3030 1025 3092 pro
1052 3007 1199 3088 ςτρατιὰν
1227 3009 1260 3070 et

114 3116 145 3180 si
177 3138 257 3199 quae
289 3116 403 3181 horum
436 3120 513 3181 sunt
546 3117 679 3202 similis,
713 3119 828 3183 soabra
860 3122 916 3183 aut
937 3118 1117 3202 inelegans
1156 3115 1260 3181 oratio

115 3227 313 3291 emendatur.
358 3226 454 3291 Haud
478 3229 667 3292 ounotanter
694 3228 794 3312 igitur
815 3250 833 3292 e
854 3232 884 3292 B
905 3227 1123 3311 recipiendum
1144 3226 1193 3309 Π,
1218 3226 1260 3288 22

113 3336 275 3402 ἄπαιςιν
304 3336 369 3400 iam
397 3335 554 3421 Stephani
582 3338 764 3403 coniectura
791 3337 957 3401 inventum
980 3359 1038 3420 pro
1059 3337 1192 3414 ἅπαςιν,
1217 3335 1259 3399 38

113 3447 339 3514 δακτυλίων
361 3468 419 3531 pro
441 3449 622 3530 δακτύλων,
650 3448 693 3512 43
715 3447 988 3529 ἀγχίςτροφος
1016 3468 1075 3530 pro
1096 3447 1258 3524 ἀντίςτροέ

113 3576 200 3638 φας,
225 3555 268 3621 45
295 3558 447 3636 δεήςεις
473 3579 531 3641 pro
558 3559 730 3637 διηγήςεις,
761 3557 804 3622 49
831 3558 1068 3637 ἀτειχίςτοις
1096 3577 1154 3639 pro
1176 3555 1258 3620 ἀτει·

113 3666 258 3749 χίςτους,
287 3666 330 3730 64
350 3667 478 3733 πίλων
499 3667 565 3731 iam
587 3690 606 3731 a
629 3667 793 3753 Scaligero
815 3667 991 3752 expetitum
1013 3688 1071 3750 pro
1093 3668 1257 3741 πιλωπῶν,

113 3775 160 3842 66
187 3775 381 3843 εἴναὶτινα
414 3799 472 3860 pro
505 3777 587 3844 εἶναι
618 3785 670 3864 τῷ
698 3778 844 3860 αἰνείᾳ,
877 3779 919 3843 70
940 3777 1170 3858 ῥομβοειδεῖ
1200 3796 1258 3858 pro

113 3886 312 3969 ῥαβδοειδεῐ,
347 3888 389 3952 74
421 3886 606 3954 κάκείνας
637 3890 820 3969 περιλαβὼν
853 3909 911 3970 pro
938 3887 1068 3953 κάκεῖνα
1099 3907 1147 3962 π.,
1180 3883 1256 3948 ibid.

110 3996 246 4062 θύουςιν
273 3998 382 4062 αὐτοῖς
412 3997 469 4061 ὅς’
496 3998 567 4077 ἔτη“
594 4020 652 4081 pro
678 4006 706 4065 θ.
728 4019 757 4063 α.
786 3998 877 4076 ὄςτη
907 4001 999 4072 CAH,
1027 4003 1053 4060 θ.
1079 4017 1109 4059 α.
1138 3995 1193 4059 ἔτι
1222 3999 1258 4071 Ρ,

110 4105 183 4188 ΙΠ,
212 4106 233 4169 2
255 4107 299 4186 δή
321 4128 355 4172 τι
380 4107 508 4173 τοιόνδε
534 4130 593 4190 pro
615 4112 657 4174 δέ
684 4131 718 4174 τι
744 4109 871 4173 τοιόνδε
895 4112 936 4189 Α,
964 4107 1091 4172 τοιόνδε
1113 4127 1148 4170 τι
1171 4109 1259 4184 ODP,

109 4215 195 4283 ibid.
218 4217 509 4297 ἀποςτήςαςθαι
530 4239 589 4301 pro
611 4219 828 4294 ἀποτίθεςθαι,
859 4217 898 4281 10
919 4218 979 4281 καὶ
1001 4216 1170 4295 μηδενὸς
1190 4218 1258 4280 τῶν

105 4327 228 4397 ἄλλων
255 4347 313 4411 pro
339 4327 437 4405 μηθὲν
465 4328 484 4393 ὃ
512 4331 579 4394 τῶν
607 4328 636 4392 ἄ.
663 4327 788 4413 (ΑΘΒ),
822 4327 864 4392 38
897 4326 1256 4406 προςκαθεζόμενοι
