3008 5002
238 327 301 393 218
587 348 743 395 narrans
770 349 1029 397 1111111111

239 499 345 581 eequis
368 502 431 581 est,
456 499 509 582 qni
524 499 706 563 Parisinum
728 501 833 583 potius
854 522 892 563 ex
907 502 1120 565 Ambrosiano
1141 508 1326 587 excerptum
1345 505 1374 569 ei

237 612 366 691 praesto
387 608 485 671 fuisse
508 610 704 672 contendat?
726 610 794 673 lmo
816 633 873 673 sua
895 611 1025 693 quisque
1048 612 1171 676 ratione
1193 613 1376 679 Taetaianis

240 717 338 800 copiis
365 740 438 780 usus
467 722 528 800 est,
562 741 624 802 qua
650 719 684 781 in
712 741 745 782 re
774 742 845 785 cum
872 721 1024 784 maiorem
1055 722 1150 784 fidem
1177 722 1204 785 is
1233 729 1373 807 expetat,

176 829 177 833 ’
238 828 290 911 qui
312 849 430 911 graeca
452 850 567 912 graece
589 828 743 911 reddidit,
768 832 802 892 at
824 830 941 893 latinus
964 830 1142 894 accuratius
1164 833 1303 897 auctoris
1326 836 1376 898 sui

237 938 374 1021 vestigia
395 939 520 1020 pressit.
566 938 634 1013 Quo
660 939 698 1000 fit
722 942 847 1002 utrem
869 939 1049 1003 universam
1077 940 1231 1004 iudicanti
1255 944 1376 1025 optime

236 1046 350 1110 fecisse
373 1047 472 1111 videri
495 1048 610 1111 debeat
629 1047 839 1130 Ritsehelius,
864 1049 946 1131 quod
969 1049 1112 1132 quamvis
1134 1052 1250 1114 ateriter
1272 1052 1376 1135 impu·

237 1161 355 1239 gnatus
384 1157 525 1220 Plautini
558 1157 671 1221 scholii
698 1159 921 1221 auctoritatem
953 1159 1081 1223 fortiter
1112 1159 1256 1223 defendit
1283 1162 1376 1244 eique

237 1270 367 1349 propter
388 1267 444 1330 illa
466 1266 614 1330 Parisina
636 1268 777 1350 quidem,
808 1269 882 1330 dum
903 1257 1066 1351 utriunque
1088 1269 1178 1352 origo
1200 1269 1376 1354 inuestige-

237 1379 303 1456 tur,
338 1375 432 1438 fidem
459 1376 689 1439 detrahendam
717 1399 784 1440 esse
813 1376 954 1460 negavit.
1014 1377 1134 1442 Contra
1161 1400 1247 1442 nunc
1275 1380 1377 1443 etiam

237 1485 334 1547 alium
355 1487 479 1548 fontem
502 1486 819 1568 circumspiciendum
841 1507 908 1549 esse
936 1508 1030 1569 nege.
1074 1486 1159 1549 Nam
1186 1487 1219 1550 id
1241 1489 1377 1553 omnino

237 1597 297 1657 hac
324 1594 539 1677 disputatione
567 1595 693 1658 efficere
720 1596 821 1677 volui,
855 1599 893 1658 ut
920 1617 980 1659 nee
1007 1595 1187 1659 Parisinum
1216 1619 1376 1661 sommen-

236 1705 353 1766 tarium
374 1726 435 1768 nec
457 1704 611 1768 scholium
633 1705 817 1768 Plautinum
838 1705 903 1767 iam
925 1706 1134 1788 sequendum,
1164 1706 1219 1769 sed
1242 1707 1377 1770 adsela

236 1813 370 1877 Taetzae
393 1814 620 1898 prolegomena
642 1836 658 1876 e
682 1814 788 1877 codice
811 1813 1024 1877 Ambrosiano
1052 1815 1153 1897 edita,
1182 1819 1293 1898 utpote
1319 1838 1376 1899 ge-

236 1924 370 1986 nuinum
385 1923 514 1986 illorum
528 1925 651 1987 fontem
659 1973 668 2006 ,
685 1923 909 1986 recurrendum
925 1945 993 1987 esse
1008 1923 1250 2009 ostenderem.*)
1288 1924 1376 1989 Nam

237 2036 272 2094 111
293 2033 404 2115 paucis
427 2033 693 2116 comprehendam
715 2055 795 2117 quae
818 2033 900 2114 dixi,
927 2033 973 2095 ita
995 2055 1122 2115 prorsus
1145 2035 1259 2115 sentio,
1284 2033 1375 2098 Pari-

236 2142 298 2204 sini
314 2145 386 2222 περὶ
402 2144 567 2228 κωμῳδία(
583 2142 801 2206 commentarii
817 2146 979 2206 auctorem
994 2145 1120 2224 praeter
1134 2142 1238 2225 prima
1251 2144 1373 2226 capita,

237 2275 274 2314 ex
298 2252 368 2316 aliis
390 2252 579 2335 quibusdam
601 2252 835 2336 prolegomenis
857 2251 1102 2333 Aristophaneis
1124 2252 1241 2334 petita,
1266 2253 1376 2335 priore

237 2362 442 2424 Ambrosiam
465 2362 581 2424 codicis
609 2366 700 2444 parte
729 2383 799 2425 cnm
828 2361 928 2424 altera
956 2361 1177 2444 conglutinata
1204 2362 1374 2446 negligen-

236 2470 357 2533 tissime
395 2492 461 2533 rem
497 2493 586 2532 suam
623 2471 773 2553 gessisse,
812 2470 1015 2534 scholiastam
1048 2470 1232 2533 Plautinum
1265 2475 1374 2535 autem

237 2581 371 2643 alteram
398 2583 523 2662 partem
530 2629 538 2661 ,
574 2601 704 2662 eamque
731 2581 765 2642 in
792 2580 830 2642 iis
858 2601 937 2662 quae
966 2579 1040 2642 inde
1072 2579 1186 2662 petivit
1212 2580 1313 2643 multo
1341 2585 1374 2644 et
1462 2594 1465 2597 “

237 2689 443 2771 copiosiorem
458 2692 490 2752 et
505 2690 785 2771 praestantiorem,
809 2692 951 2752 secut-um
966 2710 1044 2770 esse,
1068 2710 1133 2752 non
1148 2689 1237 2752 nulla
1252 2692 1372 2772 autem,

237 2821 317 2880 quae
339 2821 404 2861 non
427 2798 504 2861 satis
527 2799 745 2880 intellexerat,
770 2821 826 2862 suo
849 2799 982 2861 arbitrio
1003 2801 1152 2861 mutasse.

321 2908 502 2971 Restabunt
512 2931 599 2971 nime
610 2909 690 2972 (luere
703 2908 981 2973 commentationis
993 2912 1121 2970 nostrae
1133 2912 1250 2989 parteS,
1269 2909 1372 2971 altera

237 3022 272 3081 ut
293 3040 373 3102 quae
396 3018 438 3080 sit
460 3018 594 3081 Taetaae
615 3018 650 3080 in
678 3019 716 3081 iis
740 3040 820 3100 (piae
845 3017 944 3080 tradit
965 3017 1137 3080 auctoritas
1160 3017 1371 3098 examinetur,

170 3143 217 3190 130
237 3127 269 3190 id
284 3115 365 3211 quod
381 3129 448 3190 iure
464 3126 689 3210 Bernhardyus
704 3127 725 3190 1.
744 3149 770 3190 c.
788 3149 818 3210 p.
836 3127 897 3190 824
917 3126 955 3189 de
976 3126 1104 3189 homine
1126 3125 1204 3188 satis
1224 3131 1373 3207 suspecto

234 3423 263 3474 in
287 3440 319 3476 eo
342 3423 446 3491 scripta
473 3422 638 3491 composuit,
668 3422 759 3489 ipsum
780 3420 994 3473 Ambrosianum
1020 3418 1141 3472 codicem
1168 3435 1201 3471 ex
1229 3419 1372 3487 superiore

237 3515 328 3579 ltalia,
346 3519 377 3568 111
395 3515 514 3579 ridetur,
533 3518 681 3582 postquam
700 3532 715 3567 e
734 3513 851 3566 Graecia
867 3513 998 3566 advectus
1016 3513 1069 3576 est,
1087 3526 1228 3576 nunquam
1246 3511 1372 3565 dolatum

236 3608 320 3660 oculis
339 3625 494 3676 usurpasse.

302 3701 326 3765 *l
347 3700 413 3767 [Nec
431 3701 505 3753 aliud
522 3699 590 3760 mihi
607 3701 804 3767 persuaserunt
826 3715 896 3763 quae
915 3697 1082 3751 contrariam
1098 3696 1127 3748 in
1149 3699 1262 3764 partem
1280 3697 1373 3766 dispu-

235 3794 296 3844 tata
314 3792 381 3857 vidi,
406 3792 480 3845 velut
497 3812 515 3846 a
532 3792 652 3860 Bergkio
672 3791 734 3856 (nisi
757 3790 829 3844 fallit
851 3790 994 3855 memoria)
1013 3789 1176 3842 identidem:
1201 3808 1218 3841 a
1234 3789 1373 3843 Bernhar—

235 3885 289 3952 ‹lyo
308 3885 378 3938 llist.
398 3885 450 3938 litt¹
470 3904 511 3953 gr.
530 3888 550 3937 t.
571 3886 582 3937 I
601 3903 627 3953 p.
647 3890 695 3937 447
715 3884 757 3937 ecl.
778 3884 835 3948 alt,
853 3886 872 3935 1.
892 3884 925 3949 ll,
947 3891 956 3936 l
977 3901 1003 3951 p.
1017 3888 1058 3947 89,
1077 3880 1159 3935 certis
1177 3883 1272 3934 11111111
1291 3899 1372 3950 argu·

235 3979 335 4031 mentis
358 3978 439 4030 nullis
462 3995 522 4030 uso:
548 3977 614 4029 item
633 3995 650 4030 a
668 3977 767 4030 Carolo
786 3976 928 4043 Diltheyo‚
953 3976 1000 4041 qui
1019 3973 1159 4027 Arraleetis
1178 3973 1372 4028 Callimaeheis

236 4071 291 4123 suis
314 4072 426 4123 Bonnae
445 4088 470 4122 a.
491 4075 555 4122 1865
578 4069 659 4122 editis
682 4071 754 4122 hanc
776 4069 804 4121 11
828 4070 880 4121 fine
899 4067 1081 4121 ‘seutentiam
1104 4069 1328 4119 controversam'
1348 4067 1373 4119 ll

237 4162 388 4215 subiunxit:
414 4160 546 4214 ‘Parisini
566 4165 628 4227 περὶ
647 4162 795 4229 κωμῳδία(
814 4160 1033 4215 commentarioli
1050 4162 1079 4212 et
1091 4159 1208 4211 Taetzae
1227 4157 1327 4210 scholii
1344 4159 1373 4211 in

236 4254 449 4322 Aristophanem
472 4252 647 4306 Ambrosiam
670 4272 724 4307 non
747 4255 816 4308 haec
834 4252 905 4306 ratio
929 4254 1097 4316 1111111111,
1120 4253 1151 4303 ut
1173 4267 1205 4303 ex
1227 4250 1281 4303 hoc
1304 4250 1374 4304 illud

237 4345 273 4398 sit
290 4346 455 4411 derivatum,
474 4346 524 4399 sed
541 4346 678 4399 fluxcrrmt
694 4348 777 4400 ambo
796 4364 810 4400 e
830 4345 967 4400 communi
985 4347 1069 4400 fonte.
1080 4347 1099 4412 ’]
