2896 4996
494 369 541 415 us
565 368 635 415 oso
658 369 702 414 ar
726 368 867 414 osiana.
1188 353 1247 414 651

28 600 38 612 ,
109 528 204 609 serit,
238 526 425 610 plerumque
454 523 605 587 nimirum
635 525 791 585 resectum
822 523 862 585 ab
885 522 1090 606 etymologis,
1126 523 1251 585 veluto

108 637 278 720 descriptis
301 636 380 700 artis
402 635 479 698 loeis
496 633 727 716 communibus
751 634 800 696 vel
817 655 833 696 e
849 633 988 697 laudatis
1004 633 1138 696 aliorum
1153 633 1251 717 serip-

108 752 215 813 torum
236 746 439 810 testimoniis,
471 744 532 809 Sed
548 745 587 808 de
609 745 659 808 his
682 766 822 808 seorsum
845 744 969 807 dicetur
990 743 1141 827 posthae:
1164 765 1251 807 nunc

109 863 219 922 autem
246 857 413 921 brevitatis
440 878 560 920 >caussa
594 857 691 919 etiam
724 855 800 918 illae
833 877 926 919 voces
954 855 1253 939 praetermittentur

110 971 262 1050 cunctae,
292 989 371 1052 quas
401 988 473 1030 oum
502 988 567 1029 non
595 966 850 1050 improbabiliter
877 966 916 1028 ad
946 966 1002 1029 Ori
1029 967 1102 1044 περὶ
1129 966 1252 1030 πόθου(

108 1080 228 1152 librum
256 1078 306 1141 vel
336 1078 434 1141 libros
462 1077 599 1160 referas,
628 1080 738 1140 tamen
768 1077 910 1160 potuisse
938 1080 1023 1140 certe
1053 1076 1151 1139 etiam
1174 1075 1252 1139 alibi

108 1191 215 1258 locum
238 1188 383 1252 invenire
405 1210 497 1251 suum
518 1188 693 1251 identidem
715 1210 811 1270 supra
831 1187 1093 1272 significavimus,
1119 1209 1190 1250 oum
1213 1186 1252 1249 de

109 1299 341 1383 orthographia
363 1299 464 1382 deque
487 1298 624 1362 ethnicis
648 1299 837 1383 agebamus:
860 1320 939 1381 quas
961 1297 1057 1361 faeile
1078 1298 1168 1361 illine
1191 1297 1252 1360 eol-

110 1411 211 1476 leetas
232 1410 307 1474 huie
330 1410 427 1492 capiti
450 1409 558 1490 addas.
604 1408 805 1492 Quamquam
826 1409 1001 1490 Αἴγυπτοε,
1032 1408 1174 1488 Ἀβαρνίε
1198 1430 1253 1471 no-

109 1521 200 1584 mina
221 1524 254 1583 et
275 1520 408 1603 similia,
441 1521 518 1583 lieet
540 1520 596 1583 illa
618 1542 690 1583 oum
717 1525 831 1584 παθῶν
855 1519 1155 1583 commemoratione
1180 1541 1252 1582 eon-

109 1632 231 1714 iunota,
261 1631 331 1714 quis
353 1630 484 1694 tandem
508 1631 617 1694 eredat
639 1631 674 1694 in
696 1629 745 1693 his
767 1630 874 1714 potius
897 1652 992 1713 quam
1014 1631 1049 1693 in
1071 1630 1150 1713 ipsis
1173 1629 1252 1693 Eth-

109 1741 194 1804 niois
215 1741 320 1824 posita
341 1741 464 1804 fuisse?

196 1852 227 1915 2.
272 1852 543 1915 Proficiscendum
567 1855 615 1914 est
637 1852 678 1914 ab
700 1874 738 1915 ea
760 1852 944 1934 notatione,
974 1874 1036 1935 qua
1058 1852 1125 1914 sola
1148 1872 1254 1914 serva-

109 1965 179 2024 tum
203 1983 271 2024 esse
293 1962 366 2025 libri
395 1956 532 2026 indicem
547 1962 697 2025 -vidimus
726 1967 745 2041 ξ
771 1963 826 2044 19,
861 1985 957 2045 quam
985 1962 1104 2026 chartis
1128 1959 1254 2043 consig-

109 2094 226 2135 namus
249 2094 320 2135 oum
343 2072 415 2135 aliis
437 2073 643 2156 quibusdam,
674 2076 712 2136 ut
733 2073 878 2155 exempla
901 2075 1043 2136 exstent:
1081 2073 1254 2153 βούλονταί

108 2204 196 2247 τινε(
218 2183 284 2247 ἀπό
306 2187 364 2247 τοῦ
387 2184 549 2262 (τερεό(
570 2183 653 2248 εἶναι
681 2191 822 2267 (υγκοπῇ
851 2183 961 2263 (τερόε
990 2185 1039 2247 καὶ
1060 2186 1252 2267 πλεονα(μῷ

109 2293 225 2372 ἑτέρου
248 2315 265 2372 ρ
288 2315 375 2373 (τερ
383 2295 458 2373 ρόε.
489 2295 560 2372 ἐμοὶ
581 2296 617 2358 δὲ
639 2297 727 2358 δοκεῖ
748 2297 871 2372 μᾶλλον
894 2295 933 2359 τό
956 2294 1083 2373 (τερεόε
1106 2293 1253 2357 ἀπὸτοῦ

110 2404 241 2482 (τερρό(
263 2403 360 2469 εἶναι·
387 2406 427 2469 τὰ
454 2406 515 2483 γὰρ
543 2404 586 2469 εἰ(
608 2425 660 2468 ναι
683 2404 898 2484 ἀπαρέμφατα
919 2408 1005 2469 ποιεῑ
1027 2404 1070 2469 εἰ(
1093 2425 1150 2482 ρο(
1172 2404 1249 2468 ὀνό-

109 2535 194 2593 ματα
216 2514 420 2594 ἰ(ο(όλλαβα,
448 2515 520 2580 οἷον
543 2521 659 2594 μυῆναι
681 2516 817 2597 μυαρό(,
843 2498 982 2594 ρυπῆναι
1005 2515 1165 2594 ῥυπαρό(,
1189 2519 1254 2592 διῆ-

110 2645 164 2689 ναι
185 2626 306 2707 διερόε,
331 2630 480 2704 (ταθῆναι
503 2627 667 2704 (ταθερόε
696 2626 782 2690 οὕτω
811 2630 919 2704 (τῆναι
948 2626 1057 2705 (τερό(
1086 2627 1135 2689 καὶ
1157 2628 1254 2690 πλεο-

110 2741 221 2817 ναεμῷ
244 2740 303 2798 τοῦ
326 2757 344 2814 ρ
367 2736 514 2815 (τερρό(,
537 2738 587 2800 καὶ
608 2741 667 2800 τοῦ
689 2758 705 2801 ε
727 2737 823 2802 πάλιν
847 2737 982 2816 (τερεό(.
1027 2736 1132 2800 οὕτω(
1155 2735 1254 2814 Ὠρο(
1272 2741 1305 2789 63

112 2845 132 2909 ὁ
158 2845 309 2922 Μιλήαο(
331 2847 404 2924 περὶ
425 2847 562 2910 uddone:
597 2845 650 2908 Et.
674 2845 718 2909 M.
742 2868 773 2928 p.
799 2847 871 2927 726,
898 2847 935 2909 17
960 2847 1031 2909 eoll.
1057 2867 1128 2908 eum
1149 2844 1252 2907 Paris.

109 2977 142 3037 p.
169 2954 250 3017 1036
272 2959 305 3017 et
327 2955 452 3049 Zonara
474 2978 505 3038 p.
532 2955 612 3018 1668
635 2979 681 3039 sq.
721 2956 914 3038 suecedent,
940 2956 979 3019 de
1001 2956 1114 3039 quibus
1136 2953 1255 3017 Hero

110 3064 333 3129 dianoOrus
356 3069 412 3129 aut
427 3066 613 3130 adversatus
629 3071 677 3130 est
700 3071 756 3130 aut
778 3067 1002 3149 adstipulatus.
1034 3067 1141 3149 Atque
1157 3064 1256 3147 ipsius

110 3176 166 3238 ille
196 3175 252 3239 Ori
279 3177 464 3240 testimonio
493 3176 641 3240 laudatur
669 3177 703 3239 in
732 3177 839 3260 Etym.
871 3178 915 3239 M.
945 3200 976 3259 p.
1001 3176 1063 3240 719
1070 3226 1079 3258 ,
1103 3176 1143 3239 31
1174 3196 1253 3237 corr.

111 3308 150 3348 ex
179 3285 298 3349 Orione
326 3310 358 3370 p.
385 3287 460 3369 147,
484 3288 520 3351 6:
557 3289 698 3352 (κότο(
725 3309 781 3336 —-·
816 3289 846 3352 οἱ
873 3290 908 3353 δέ
936 3308 1032 3368 pactu
1061 3286 1110 3350 ότι
1137 3286 1256 3350 (κοπό(

110 3397 184 3479 ἐετι,
209 3396 258 3461 ότι
280 3401 328 3462 δεῖ
349 3402 595 3477 προ(κοπεῑ(θαι
618 3400 676 3463 τὸν
699 3400 944 3478 προερχόμενον
967 3399 1003 3462 ἐν
1026 3397 1126 3480 αὐτῷ.
1151 3397 1255 3461 οὕτω(

109 3508 320 3586 Ἡρακλείδη(
344 3508 363 3573 ὁ
386 3511 421 3573 δὲ
443 3511 641 3588 Ἡρωδιανό(
669 3511 757 3589 παρὰ
784 3510 822 3572 τό
852 3510 974 3588 (χέθειν
997 3509 1077 3587 ἡμᾶ(
1099 3507 1255 3581 πολλάκι(

109 3618 271 3695 προϊέναι,
294 3618 314 3682 ό
336 3619 419 3683 {criu
442 3620 590 3698 ἐπι(χεῖν.
626 3619 735 3699 Ὠροε.
780 3618 863 3682 Item
886 3620 921 3683 ἐν
945 3620 1155 3697 ἐπιμερι(μοῖ(
1179 3637 1255 3679 voce

108 3726 259 3806 ῥυθμό(
280 3750 312 3810 p.
330 3728 402 3810 706,
427 3729 467 3791 14
489 3729 560 3792 coll.
586 3751 657 3792 eum
674 3730 793 3793 Orione
815 3752 847 3813 p.
867 3730 937 3811 140,
954 3729 1005 3793 30.
1037 3727 1130 3790 Adde
1152 3728 1255 3806 ἧπαρ

106 3857 220 3900 vocem
242 3841 262 3917 ξ
288 3838 326 3901 18
348 3841 531 3902 tractatam.
578 3839 639 3903 Sed
662 3840 724 3922 ipsi
751 3842 823 3920 περὶ
845 3844 959 3904 παθῶν
981 3838 1055 3901 libri
1078 3836 1255 3901 Herodiani

106 3969 181 4010 cum
210 3946 266 4011 Ori
300 3949 429 4011 nomine
460 3949 640 4033 iunguntur
675 3972 707 4031 p.
738 3951 815 4032 719,
845 3951 881 4013 8:
920 3949 1191 4028 (κορακι(μό(·
1226 3949 1256 4011 οἱ

104 4060 239 4123 παλαιοὶ
261 4042 349 4136 παρὰ
371 4059 430 4123 δύο
453 4060 552 4126 λέξει(
575 4061 797 4138 διεζευγμένα(
819 4061 999 4138 παράγωγα
1021 4063 1149 4124 ποιοῦα
1172 4062 1256 4123 πολ-

104 4169 212 4246 λάκι(,
243 4169 428 4233 Νέαψπόλι(
459 4170 675 4250 Νεαπολίτηε,
708 4171 796 4250 παρὰ
823 4170 970 4249 ποταμόν
1000 4171 1255 4249 παραποτάμιο(

103 4278 194 4343 οὕτω
218 4279 328 4343 καὶτὸ
351 4281 561 4358 (κορακίῑειν
585 4283 618 4346 ἐ(
634 4281 780 4360 κόρακα(
804 4282 1014 4360 {troparium
1031 4283 1081 4345 καὶ
1104 4280 1255 4363 ἀποβολῇ

101 4392 163 4455 τοῦ
187 4410 203 4454 ε
227 4390 432 4467 (κορακίζειν.
477 4392 582 4458 οὕτω(
604 4392 721 4473 Ὠρο(,
751 4391 833 4457 ἀλλὰ
861 4394 911 4456 καὶ
933 4392 1050 4473 Ὠρίων
1079 4392 1129 4455 καὶ
1155 4392 1256 4469 Ἡρω·
