3014 5010
243 318 302 380 141
548 334 800 382 cononnnnvn
825 335 1094 383 niscvramoms

240 484 446 547 Tzetzianum
460 483 678 548 testimonium
693 486 948 569 detorqmretm,
972 487 1006 549 in
1022 485 1274 549 Zenodotearum
1296 492 1384 567 διορ-

240 595 371 659 θώεεων
395 593 483 657 fama
505 595 642 676 positum
665 616 733 658 esse
755 596 869 678 potuit.
914 594 1038 679 Quippe
1061 600 1187 678 praeter
1208 595 1382 660 Homerica

240 703 384 766 novimus
400 702 543 785 Hesiodi,
560 703 703 784 Pindari,
721 704 934 768 Anacreontis
951 704 1114 768 editorem.
1138 704 1221 768 Vide
1232 705 1384 769 Muetzel-

239 813 317 875 lium
339 835 370 895 p.
394 813 475 895 281,
504 812 701 877 Boeckhium
729 814 830 895 praef.
854 812 959 878 Schol.
984 836 1015 896 p.
1038 813 1085 894 X,
1109 815 1185 877 item
1209 813 1386 898 Bergkium

238 925 383 985 nostrum
406 922 527 986 Anacr.
552 923 642 1005 reliq.
667 944 698 1005 p.
722 922 783 986 25„

324 1031 487 1095 Summam
515 1053 639 1113 eorum,
668 1053 749 1115 quac
776 1032 815 1095 de
843 1030 1021 1114 Zenodot0,
1055 1032 1280 1115 Lycophrona,
1310 1035 1385 1097 Ale-

237 1139 361 1204 xaudro
379 1140 627 1224 disputavimus,
651 1143 735 1204 hanc
757 1140 884 1204 habeta.
924 1140 1144 1204 Demonstrari
1166 1142 1294 1224 quidem
1309 1165 1384 1206 neu·

238 1253 322 1312 trum
351 1254 473 1333 potest,
503 1272 562 1313 nec
590 1250 764 1314 recensitos
792 1271 852 1312 nec
879 1250 1058 1313 coniunctis
1080 1251 1193 1314 studiis
1220 1251 1385 1316 ordinatos

238 1360 279 1422 ab
308 1354 382 1422 illis
399 1363 564 1443 poetarum
598 1360 695 1423 libros
724 1380 802 1421 esse.
853 1359 966 1422 Certae
1000 1363 1075 1422 sunt
1107 1361 1200 1424 unius
1228 1361 1385 1425 Zenodoti

146 1458 152 1462 ⁴
238 1469 455 1532 recensiones:
491 1468 709 1551 Lycophronis
743 1469 776 1530 in
810 1469 870 1530 hoc
903 1488 1021 1551 genere
1053 1469 1249 1533 elaborantis
1282 1472 1385 1535 ineer-

237 1578 363 1641 tissima
391 1578 545 1662 vestigia:
579 1578 667 1640 nulla
696 1576 882 1640 Alexandri.
933 1576 1029 1640 Certa
1059 1578 1136 1641 item
1164 1580 1385 1662 Lycophronis

237 1688 272 1750 in
300 1686 510 1750 describenda
536 1691 627 1769 parte
656 1686 806 1750 librorum
835 1685 1127 1750 Alexandrinorum
1154 1709 1267 1770 opera:
1295 1693 1384 1752 certa

237 1796 450 1860 bibliothecae
481 1818 556 1860 cura
578 1796 774 1859 Zenodotea:
803 1794 884 1858 nihil
911 1795 950 1857 de
972 1795 1149 1858 Alexandri
1178 1818 1250 1860 cum
1272 1797 1385 1861 eadem

238 1905 433 1968 bibliotheca
462 1905 616 1968 societate
644 1904 808 1967 traditum.
854 1904 932 1966 Late
960 1908 1075 1986 patens
1103 1904 1324 1988 Lycophronis
1353 1911 1386 1970 ct

237 2014 414 2076 Alexandri
443 2015 478 2076 in
513 2014 715 2077 recensendis
750 2013 940 2077 comicorum
974 2013 1231 2097 tragicorumque
1264 2016 1385 2079 fabulis

237 2144 333 2204 opera
358 2144 428 2186 curn
457 2145 513 2206 per
541 2145 574 2185 sc
601 2123 668 2186 veri
696 2144 809 2205 parum
836 2122 948 2185 similis
976 2126 1045 2185 tum
1077 2128 1207 2206 propter
1235 2125 1385 2206 opposita

236 2231 390 2295 Zenodoti
406 2232 647 2315 Aristarchique
663 2232 794 2295 nomina
809 2231 1044 2313 improbabilis:
1069 2235 1181 2295 contra
1203 2255 1269 2296 non
1288 2235 1384 2297 modo

237 2341 301 2402 ullo
317 2344 402 2403 certo
418 2346 607 2423 argimiento
622 2341 857 2424 improbabilis,
876 2340 931 2402 sed
948 2363 1019 2403 cum
1034 2343 1164 2424 propter
1179 2344 1380 2406 necessarias

238 2451 349 2511 harum
388 2450 564 2511 litterarum
601 2450 741 2514 rationes
778 2449 952 2533 probabilis
989 2453 1056 2513 1111
1091 2450 1383 2515 Callimacheorum

237 2558 413 2620 studiorum
450 2558 658 2621 similitudine
691 2558 951 2622 commendabilis
986 2559 1138 2623 Zenodoti
1177 2582 1249 2623 cum
1282 2560 1383 2643 Lyco·

237 2666 358 2747 phrone
387 2674 419 2729 11
441 2667 624 2730 Alexandro
652 2683 689 2730 ea
717 2669 866 2750 sociatae,
896 2690 958 2751 qua
980 2668 1146 2750 dispositio
1168 2668 1326 2751 quaedam
1351 2674 1384 2733 et

237 2774 407 2857 descriptio
431 2776 592 2858 copiarum
615 2777 905 2840 Alexandrinarum
927 2777 1115 2841 efficeretur.
1153 2776 1272 2852 Quodsi
1295 2779 1382 2842 hanc

236 2883 339 2966 ipsam
361 2907 491 2967 operam
513 2908 550 2949 eo
572 2909 669 2970 usque
692 2886 883 2969 pertinuisse
912 2887 1102 2969 coniicerm,
1125 2890 1161 2950 ut
1187 2886 1285 2950 etiam
1315 2910 1382 2951 cor·

185 3006 217 3055 aa
236 3016 348 3076 porum
377 2995 574 3077 quorundam
596 2997 773 3079 epicorum,
800 2996 1011 3079 tragicorum,
1042 2995 1233 3059 comicorum
1256 3018 1381 3079 compo·

235 3104 400 3185 sitionem,
430 3106 505 3168 licet
527 3109 692 3169 externam
716 3109 859 3186 tantum,
890 3104 1179 3187 comprehenderit:
1208 3105 1322 3188 nequit
1348 3105 1381 3168 id

235 3213 448 3277 demonstrari
470 3215 601 3277 omnino
623 3215 691 3278 fieri
714 3237 779 3278 non
802 3215 957 3297 potuisse,
981 3212 1036 3276 sed
1059 3213 1230 3278 verendum
1258 3217 1380 3295 tamen,

236 3345 276 3386 ne
300 3323 345 3386 ita
360 3324 496 3387 nimium
511 3324 678 3408 indulgeas
701 3325 918 3403 coniecturae,
942 3343 1055 3405 parum
1071 3322 1225 3386 subsistas
1241 3322 1275 3386 in
1292 3325 1381 3387 testi-

234 3434 413 3497 moniorum
443 3433 605 3496 memoria.
662 3432 747 3496 Nam
775 3455 846 3496 curn
880 3432 972 3495 nobis
1006 3453 1128 3515 quoque
1158 3431 1382 3495 coniciendum

235 3546 283 3604 est
310 3563 405 3624 sane,
434 3542 569 3605 facimus
599 3544 657 3606 hoc
685 3564 751 3605 non
779 3540 910 3604 libidine
939 3541 1080 3624 abrepti,
1111 3541 1165 3603 sed
1195 3541 1297 3604 coacti
1326 3563 1381 3605 ne·

235 3651 399 3715 cessitate:
434 3652 508 3735 quia
541 3651 693 3734 aliquid
721 3655 829 3712 tamen
858 3651 920 3712 ista
948 3649 1109 3733 significet
1138 3655 1296 3712 certorum
1326 3673 1382 3713 no-

234 3760 355 3821 minum
378 3763 475 3823 trium
500 3760 682 3824 coniunctio
705 3762 841 3841 oportet.

770 3962 842 4039 §l

457 4080 509 4143 De
538 4079 782 4143 Callimacho
811 4082 848 4139 ct
876 4077 1156 4139 Eratosthene.

317 4203 377 4267 llis
401 4210 539 4288 cognata
562 4209 610 4268 est
625 4203 812 4268 Callimachi
836 4224 956 4266 caussa.
996 4201 1027 4263 Is
1050 4200 1228 4264 enimcum
1251 4209 1382 4278 stragulis

234 4319 429 4377 voluminibus
464 4321 564 4377 111111
599 4321 786 4393 inscripsisse
822 4311 953 4390 dicitur,
993 4311 1051 4373 hoc
1088 4310 1133 4372 ita
1168 4310 1379 4394 interpretati
