2896 4996
207 335 270 402 600
595 349 642 396 os
665 348 734 395 ouo
758 347 802 395 rr
824 345 967 397 oarouu.

209 506 339 570 clibris
360 503 516 568 Parisinis
538 502 675 586 prodito,
699 524 728 567 v.
754 524 781 566 c.
798 523 875 565 voce
898 504 995 582 ξηρόν
1018 501 1142 567 Αὼιοί.
1159 524 1192 587 p.
1215 504 1280 567 980
1302 505 1355 588 (ad

208 617 286 698 553,
310 616 361 701 5),
392 614 556 694 Εἰρηναῖος
584 635 614 676 ν.
644 613 710 692 ψύη
739 636 770 696 p.
799 612 880 677 1770
907 615 1005 695 extr,
1033 612 1113 676 item
1140 612 1212 696 ipso
1240 614 1358 693 Ὠρίων

210 725 339 789 nomine
362 746 379 788 e
400 723 550 790 Favorini
574 722 643 786 Ecl.
668 745 699 806 p.
718 722 769 807 76,
792 723 844 786 22.
869 721 920 806 92,
943 723 995 800 25,
1019 743 1036 786 e
1058 721 1185 788 Zonara
1208 747 1237 788 ν.
1253 725 1359 804 ἠπύει.

211 835 279 919 Sic,
309 837 345 898 ut
371 833 432 898 hoe
460 833 550 917 quasi
573 832 770 917 praeteriens
793 853 956 912 moneam,
985 854 1057 896 cum
1078 832 1281 918 Diogeniani
1307 858 1361 900 no

210 968 285 1010 men
307 944 443 1009 subinde
471 944 506 1008 in
528 943 782 1007 transcribendis
811 943 945 1006 aliorum
973 944 1195 1009 notationibus
1218 946 1262 1009 ab
1285 946 1363 1031 Ety-

197 1056 362 1141 ,moiogici
383 1055 497 1141 Magni
520 1057 649 1118 auctore
672 1055 822 1117 omissum
844 1075 913 1117 esse
935 1054 1019 1117 idem
1042 1055 1096 1118 ille
1118 1054 1270 1121 Rankius
1294 1078 1363 1141 per·

163 1181 193 1229 17
212 1167 383 1251 aperisset,
420 1165 551 1250 egregio
583 1167 693 1228 tamen
725 1185 775 1227 me
808 1164 934 1248 quidem
966 1164 1069 1228 iudice
1099 1187 1225 1249 errore,
1262 1168 1365 1231 sicubi

212 1276 291 1340 illud
315 1275 474 1339 adiectum
497 1278 662 1358 appareat,
686 1274 903 1338 adventicium
926 1295 994 1339 esse
1013 1279 1185 1359 propterea
1208 1277 1273 1340 sibi
1296 1299 1365 1361 per-

214 1386 315 1450 suasit
336 1409 367 1469 p.
391 1386 450 1468 42,
480 1384 563 1469 quod
587 1387 773 1449 constanter
794 1385 879 1449 absit
906 1407 925 1448 a
949 1384 1106 1449 Gudiano
1152 1385 1228 1451 Hoc
1258 1391 1365 1451 autem

216 1518 287 1559 cum
309 1517 387 1559 sane
410 1496 477 1559 eius
499 1494 584 1558 modi
607 1496 863 1559 testimoniorum
885 1495 985 1558 multo
1007 1496 1112 1559 minus
1135 1501 1266 1581 teneat,
1299 1502 1365 1562 tum

215 1605 348 1670 noviens
371 1607 499 1668 tanturn
521 1605 625 1688 ipsum
642 1606 795 1671 Orionem
817 1606 1008 1687 nominatim
1030 1605 1183 1690 prodidit,
1209 1613 1242 1672 ct
1265 1613 1303 1672 nt
1325 1632 1363 1673 ne

215 1717 257 1779 ab
280 1715 392 1779 horum
415 1715 541 1800 quidem
569 1719 661 1799 parte
690 1717 905 1800 exemplorum
933 1717 983 1798 (ut
1012 1737 1085 1779 mox
1107 1718 1251 1803 patebit)
1283 1720 1366 1783 absit

216 1826 455 1910 depravationis
479 1825 655 1891 evidentia:
678 1850 710 1910 p.
734 1827 807 1910 254,
831 1827 861 1891 6.
885 1827 958 1910 270,
974 1826 1026 1891 20.
1049 1821 1124 1911 286,
1140 1827 1194 1892 46.
1219 1829 1298 1913 287,
1314 1830 1363 1895 25.
1413 1836 1418 1848 “

216 1938 295 2021 288,
319 1937 371 2000 42.
396 1936 475 2019 293,
498 1937 527 2001 5.
550 1937 628 2020 349,
652 1937 682 2000 2.
707 1937 785 2021 350,
808 1938 860 2000 43.
884 1938 963 2021 375,
987 1937 1038 2001 32.
1083 1937 1198 2023 Longe
1221 1940 1366 2023 pluribus

217 2047 437 2112 notationibus
461 2046 586 2110 adiecto
613 2047 730 2126 Ὠρίων
753 2047 882 2111 nomine
904 2046 1018 2132 Magni
1041 2047 1263 2135 Etymologici
1297 2073 1366 2115 anc-

217 2162 279 2242 tor,
303 2157 387 2222 rurde
410 2161 556 2241 sumptae
579 2160 701 2240 essent,
731 2158 835 2221 fassus
866 2162 929 2222 est:
959 2180 1161 2243 nequaquam
1188 2160 1245 2224 ille
1269 2163 1366 2226 omni·

218 2270 287 2333 bus.
332 2268 440 2332 Minus
463 2267 576 2351 etiam,
606 2290 648 2332 ne
671 2268 745 2352 quid
768 2267 942 2353 desideres,
972 2291 1067 2353 quam
1090 2269 1235 2334 Gudiani
1260 2277 1368 2336 auctor

220 2380 254 2443 in
277 2377 459 2462 usurpando
482 2378 602 2444 Orione
624 2379 673 2442 vel
697 2378 758 2443 sibi
781 2379 830 2442 vel
853 2379 956 2443 bonae
982 2379 1056 2443 fidei
1078 2378 1224 2445 Zonaras
1254 2384 1369 2448 consti·

220 2491 276 2573 tit,
301 2510 360 2553 nec
383 2488 530 2552 omnibus
552 2488 638 2552 illius
661 2489 827 2553 translatis
849 2489 1084 2572 notationibus,
1109 2490 1165 2553 sed
1189 2495 1369 2575 promiscue

221 2599 396 2682 decerptis,
420 2621 480 2663 neo
503 2599 569 2663 iere
592 2599 654 2663 nisi
670 2600 815 2664 breviata
837 2600 940 2664 forma
964 2603 996 2663 et
1010 2600 1207 2665 testimoniis
1231 2604 1369 2687 privata,

222 2710 357 2792 denique
380 2709 571 2793 quinquiens
594 2712 721 2773 tantum
744 2711 891 2795 apposito
907 2711 1023 2790 Ὠρίων
1046 2710 1189 2776 nomine.
1226 2712 1371 2778 Praeter-

100 2886 105 2893 ,
221 2820 319 2884 missa
342 2819 428 2883 enim
450 2820 485 2882 in
507 2820 688 2884 Tittmanni
715 2821 822 2885 indice
850 2821 1009 2903 ἀμφιλύκη
1036 2843 1097 2884 vox
1119 2844 1151 2905 p.
1181 2824 1254 2889 151.
1301 2825 1372 2889 Pos-

221 2935 324 2994 tremo
351 2931 400 2994 bis
429 2932 557 2994 tantum
585 2931 714 2996 Orionis
742 2932 938 2996 mentionem
967 2930 1080 2996 Suidas
1108 2932 1207 2997 feeit
1220 2957 1251 3000 v.
1284 2936 1373 3019 ἀβλε-

222 3045 307 3121 μέω(
330 3043 362 3104 et
384 3042 517 3121 adproc.

751 3241 770 3319 1
795 3238 844 3302 10.

308 3372 368 3438 His
396 3372 606 3457 praemonitis
634 3373 743 3437 accedi
772 3373 812 3436 ad
844 3395 952 3453 eorum
980 3375 1120 3438 locorum
1148 3377 1298 3460 priorem
1325 3404 1375 3465 po

223 3487 303 3566 test,
333 3505 410 3567 quos
433 3483 614 3568 significavi
637 3506 675 3547 ex
697 3485 931 3568 permutatione
954 3484 1052 3564 Ὠροε
1074 3488 1107 3547 et
1129 3485 1253 3566 Ὠρίων
1278 3492 1384 3555 nomi.

98 3570 101 3577 ⁸
224 3617 302 3657 num
330 3597 414 3658 totos
443 3598 535 3678 aptos
564 3617 643 3658 osse.
689 3594 820 3659 Etenim
849 3617 920 3659 cum
947 3616 1042 3677 saepe
1070 3594 1204 3662 Orionis
1234 3602 1376 3666 testimo

225 3704 314 3768 nium
341 3704 376 3768 in
403 3704 625 3790 Etymologico
653 3705 775 3791 Magno
804 3705 974 3789 excitetur,
1007 3709 1075 3769 tum
1104 3709 1238 3791 saepius
1269 3714 1376 3794 etiam,

224 3818 260 3878 ut
281 3835 340 3898 pro
363 3816 482 3878 maiore
505 3815 666 3899 gravitate
689 3817 820 3901 alt-erius
842 3816 1007 3900 magistri,
1036 3815 1122 3880 illius
1149 3822 1378 3888 notationibus

224 3924 369 3989 subiecta
391 3928 440 3988 est
459 3926 558 4006 Ὠρο(
581 3930 658 3990 nota
707 3927 807 4011 Atqui
831 3949 868 3992 ex
891 3927 941 3991 his
963 3927 1040 4011 ipsis
1062 3927 1292 3997 notationibus
1315 3958 1376 3999 non

224 4057 346 4119 paucae
369 4035 453 4118 apud
477 4036 628 4101 Orionem
651 4039 868 4122 reperiuntur,
895 4059 993 4122 eaque
1017 4059 1129 4101 caussa
1150 4039 1233 4123 fuit,
1266 4066 1325 4108 cur
1346 4046 1379 4109 in

225 4146 317 4210 istius
340 4146 425 4210 modi
449 4148 602 4230 exemplis
624 4149 722 4229 Ὠρο(
745 4151 780 4214 in
803 4150 918 4230 Ὠρίων
946 4170 1064 4212 nomen
1092 4151 1144 4212 sat
1175 4153 1379 4219 confidenter

226 4281 245 4319 a
267 4256 427 4321 Larchero
449 4261 627 4323 mutaretur
649 4282 782 4344 eumque
810 4262 918 4323 secuto
941 4258 1067 4324 Sturzio
1093 4258 1128 4323 in
1150 4258 1256 4326 Novis
1281 4266 1378 4329 adno-

226 4366 402 4431 tationibus
424 4368 464 4431 ad
479 4368 586 4452 Etym.
607 4369 648 4433 M.
672 4370 798 4454 Lipsiae
820 4369 915 4434 editis
937 4393 966 4433 1.
993 4371 1090 4453 1828,
1112 4373 1147 4433 ut
1167 4393 1200 4455 p.
1219 4373 1251 4436 8.
1290 4376 1378 4451 Quae
