3008 5002
215 335 280 395 :fafi
566 348 724 394 rznrzaa
746 349 1007 397 rnomooma

299 503 331 565 5
360 502 473 564 Suidas
496 523 525 562 v.
550 502 789 580 Ἐρατοεθένηεε
811 506 951 580 μαθητὴς
967 504 1167 581 Καλλιμάχου
1181 510 1242 569 τοῦ
1261 526 1352 583 ποιη-

216 618 283 677 τοῦ,
313 611 416 692 l'nde,
434 634 505 674 cum
519 612 699 675 nesciamus
715 612 804 675 cuius
816 612 900 674 modi
916 612 971 674 illa
988 613 1148 676 instinctio
1162 615 1271 695 fuerit,
1287 615 1354 677 sive

218 745 349 805 piretum
362 722 608 786 Eratoethenem
624 723 659 785 in
674 724 744 785 vico
758 722 923 785 Eleusinia
938 724 1005 785 eius
1020 723 1136 786 scholis
1157 725 1353 806 interfuisse,

217 834 246 895 id
269 832 352 916 «procl
374 833 479 895 minus
502 833 666 915 probabile
689 842 753 913 est,
777 856 847 896 cum
868 832 1054 896 Weicherto
1075 833 1097 896 1.
1121 856 1149 897 c.
1173 834 1264 916 dicis,
1287 836 1355 898 sire

217 943 377 1027 Euagina
391 947 550 1027 regnante
565 944 659 1006 abeo
673 945 782 1007 nescio
803 966 866 1027 qua
885 943 1054 1026 disciplina
1070 944 1228 1008 eruditum
1249 946 1353 1028 ponis,

217 1055 267 1116 rix
295 1054 464 1136 quicquam
491 1053 630 1135 efficias,
660 1077 756 1137 quam
778 1054 1010 1118 Callimachum
1032 1054 1248 1119 Eratosthene
1275 1060 1355 1119 natu

217 1164 384 1246 maiorem,
409 1163 468 1227 hoc
491 1170 539 1227 est
561 1172 638 1227 ante
660 1165 701 1227 ol.
729 1165 789 1229 125
810 1171 923 1228 natum
945 1187 1023 1228 esse.

299 1326 330 1388 6.
361 1326 524 1408 Apollonii
547 1327 613 1388 vita
637 1350 667 1409 p.
684 1328 705 1390 9
725 1326 775 1390 ed.
799 1326 912 1390 well:
937 1329 1136 1406 Καλλιμάχου
1157 1330 1295 1406 μαθητὴς
1317 1331 1355 1393 τὸ

215 1440 273 1514 μἐν
294 1440 426 1515 πρῶτον
443 1439 548 1501 ιυνὼν
570 1438 758 1518 Καλλιμάχῳ
780 1443 826 1519 τῷ
848 1437 917 1521 ἰδίῳ
939 1440 1135 1519 διδαεκάλψ,
1157 1438 1223 1516 ὀψὲ
1245 1441 1280 1502 δὲ
1303 1440 1357 1503 ἐπὶ

215 1549 253 1610 τὸ
276 1550 381 1613 ποιεῖν
403 1549 562 1625 ποιήματα
584 1549 749 1626 ἐτράπετο.
793 1547 907 1611 Siudas
929 1570 959 1610 ν.
982 1549 1069 1627 Ἰβιιε
1092 1548 1154 1612 {cn
1176 1551 1212 1613 δὲ
1235 1549 1357 1626 ποίημα
1429 1626 1433 1634 ¹

216 1658 498 1735 ἐπιτετηδευμένον
514 1657 557 1722 εἰ(
579 1658 737 1737 ἀεάφειαν
759 1660 809 1722 καὶ
832 1659 995 1737 λοιδορίαν
1011 1658 1056 1721 εἷ(
1076 1679 1146 1722 τινα
1167 1660 1243 1738 Ἴβιν
1264 1660 1357 1734 γενό-

151 1793 200 1840 aac,
217 1788 315 1844 μενον
339 1768 455 1847 ἐχθρὸν
469 1772 528 1832 τοῦ
545 1769 759 1846 Καλλιμάχου·
782 1768 822 1846 ἦν
844 1771 880 1832 δὲ
895 1767 991 1832 οὗτοι
1013 1768 1232 1832 Ἀπολλώνιος
1247 1770 1266 1832 ὁ
1282 1770 1357 1848 γρά-

217 1897 282 1956 ψα(
310 1880 349 1942 τὰ
377 1878 611 1957 Ἀργοναυτιιιά,
656 1876 747 1940 Nihil
774 1878 807 1939 in
836 1877 886 1940 his
914 1878 1012 1958 inest,
1043 1899 1098 1940 cur
1125 1876 1358 1942 Callimachum

218 1991 347 2069 propter
375 1987 553 2069 Apollonii,
588 2010 669 2071 quae
697 1987 904 2050 Eratostheni
931 1987 1072 2070 aequalis
1100 1991 1188 2067 erat,
1217 1993 1357 2052 aetatem

217 2095 270 2159 diu
293 2102 365 2179 post
381 2096 561 2181 Euergetae
584 2099 709 2182 imperii
730 2098 858 2161 initium
881 2102 1039 2160 mortuum
1054 2118 1122 2160 esse
1144 2103 1199 2160 aut
1223 2103 1357 2162 conten-

217 2206 328 2270 damus
361 2211 417 2270 aut
449 2230 612 2291 negemus.
673 2208 740 2270 Nec
774 2209 844 2290 plus
881 2208 1062 2290 proficimus
1096 2229 1203 2270 eorum
1237 2211 1356 2290 aetate,

217 2339 350 2400 quorum
378 2321 543 2400 praeterea
571 2324 626 2381 aut
653 2321 841 2401 praeceptor
869 2321 925 2380 aut
953 2317 1073 2381 amicus
1099 2317 1197 2379 fuisse
1226 2316 1356 2398 dicitur,

218 2433 253 2489 ut
269 2426 425 2490 Heracliti
442 2426 737 2491 Halicamassensis
761 2426 866 2491 Strab.
884 2425 961 2490 XIV
985 2449 1014 2508 p.
1032 2427 1104 2506 656,
1129 2426 1223 2510 Diog.
1248 2426 1355 2491 Laert.

219 2535 280 2618 lx,
313 2537 367 2615 17,
398 2535 640 2619 Philostephani
668 2537 822 2620 Cyrenaei
853 2535 971 2599 Athen.
1002 2535 1097 2617 VIII,
1126 2537 1187 2598 331
1204 2541 1246 2617 D,
1281 2536 1358 2600 Istri

219 2645 306 2711 auid.
330 2644 463 2725 Ἴαμος,
490 2646 657 2731 Hermippi
681 2648 800 2711 Athen.
825 2645 904 2709 XIII
927 2669 959 2729 p.
982 2646 1045 2709 589
1061 2652 1093 2727 C,
1117 2646 1158 2708 al.

303 2816 415 2900 Itaque
442 2839 522 2900 quae
545 2840 582 2880 ex
612 2818 676 2898 his,
706 2817 732 2880 si
757 2820 859 2880 certos
887 2837 1033 2879 muneres
1057 2815 1253 2898 quaerimus,
1284 2838 1357 2879 con-

219 2930 324 3009 stant,
348 2927 427 2990 haec
450 2931 539 2990 sunt:
562 2932 721 2990 mortuum
743 2948 811 2990 esse
827 2926 1058 2990 Callimachum
1081 2927 1165 2989 inter
1180 2926 1220 2988 ol.
1242 2926 1303 2990 135
1325 2929 1359 2989 et

222 3038 291 3119 139,
308 3038 339 3120 3,
363 3042 474 3100 natum
497 3059 556 3100 nec
580 3042 655 3101 ante
676 3038 717 3100 ol.
743 3037 878 3100 118nec
900 3035 1124 3119 postoima.
1159 3034 1229 3098 Iam
1249 3039 1357 3099 autern

218 3148 342 3210 accedit
364 3148 498 3211 Tzetzae
527 3148 576 3210 vel
606 3148 672 3211 eius
702 3147 806 3230 potius
834 3168 927 3230 quem
954 3146 1008 3209 ille
1039 3149 1199 3209 auctorem
1229 3150 1358 3209 secutus

218 3262 266 3320 est
302 3257 535 3339 testimonium,
573 3259 656 3340 quod
690 3255 920 3322 OaIIImachum
951 3255 1162 3338 Philadelpho
1197 3261 1358 3340 regnante

218 3367 451 3431 adolescentem
474 3368 571 3431 fuisse
588 3369 737 3431 certiores
753 3388 810 3430 nos
832 3366 922 3429 facit.
962 3365 1019 3430 Cui
1036 3387 1106 3428 cum
1121 3387 1186 3428 non
1209 3387 1357 3449 pugnan-

218 3477 302 3539 tibus
326 3477 380 3559 iis,
404 3501 484 3561 quae
507 3478 634 3542 aliunde
653 3482 818 3558 constant,
842 3476 972 3539 nonsit
995 3497 1049 3538 cur
1071 3475 1149 3537 fides
1172 3475 1356 3559 abrogetur,

218 3587 360 3670 sequitur
393 3610 513 3650 animm
546 3588 687 3651 natalem
720 3588 818 3651 etiarn
852 3587 935 3649 ultra
969 3584 1009 3647 ol.
1045 3585 1105 3648 120
1139 3585 1356 3667 quaerendum

219 3720 303 3777 esse,
335 3702 370 3760 ut
397 3698 505 3761 onmia
533 3699 614 3761 bene
643 3718 749 3761 secrmi
773 3696 984 3779 composuisse
1006 3694 1098 3758 nobis
1122 3693 1301 3775 videamur,
1330 3694 1358 3757 si

219 3806 304 3870 inter
334 3808 375 3870 ol.
404 3808 459 3871 121
485 3811 516 3871 et
542 3808 601 3872 139
630 3807 696 3870 eius
724 3807 824 3870 vit-am
853 3804 1092 3869 coercuerimus.
1143 3803 1195 3866 Ad
1224 3804 1360 3867 senilem

219 3919 325 3981 autem
349 3940 419 3982 cum
442 3923 609 4002 provectus
633 3939 701 3980 esse
723 3916 868 3981 videatur
891 3918 1029 3979 aetatem
1053 3912 1149 3997 (stat.
1173 3912 1244 3975 silv.
1269 3912 1301 3993 I,
1325 3913 1358 3995 2,

218 4028 295 4109 2533
320 4027 399 4092 Call.
425 4029 526 4112 epigr.
543 4027 595 4110 22,
620 4028 655 4111 63
678 4027 805 4090 Hecker
828 4049 859 4109 p.
880 4027 943 4110 18),
968 4046 1027 4088 nec
1050 4044 1133 4086 mors
1156 4043 1215 4085 nec
1238 4021 1360 4085 natalis

220 4159 322 4199 annus
360 4138 456 4221 longe
489 4138 529 4200 ab
563 4160 599 4201 e0
634 4159 727 4220 quem
757 4137 925 4199 statuimus
958 4135 1022 4197 fine
1055 4131 1201 4197 recedere
1239 4135 1358 4214 potest.

220 4245 339 4308 (bntra
366 4246 450 4310 hanc
478 4249 593 4311 aetatis
622 4247 841 4311 definitionem
869 4267 906 4308 ea
933 4265 1072 4328 quoque,
1106 4263 1186 4325 quae
1215 4263 1232 4303 e
1263 4241 1360 4305 Calli—

219 4353 324 4417 machi
348 4357 541 4420 carminibus
560 4361 591 4419 et
612 4356 806 4439 fragmentis
829 4355 869 4419 ad
892 4376 997 4417 rerum
1019 4352 1219 4436 publicarum
1240 4371 1361 4414 memo-
