2924 4996
226 311 289 377 562
514 326 773 377 ononouocrvu
795 326 1077 376 vrrnonouuusu.

226 488 407 563 transmisit,
434 489 602 563 sapientiae
627 494 718 560 utque
744 488 914 561 elepantiae
936 487 1030 546 omnis
1051 486 1083 544 in
1111 485 1200 545 rebus
1222 489 1253 543 et
1276 485 1374 544 uerbis

223 596 327 670 sontes
348 598 524 658 uberrimos.
568 591 687 669 Quibus
710 591 903 657 conferenda
925 614 957 676 p.
983 592 1045 656 112
1066 590 1197 674 scriptu.

310 703 380 769 Nec
405 706 516 768 tamen
542 702 569 766 is
596 702 689 766 nobis
716 724 803 767 nunc
825 702 950 766 animus
972 704 1036 784 est,
1066 703 1102 765 ut
1131 722 1262 765 omnem
1287 701 1373 765 hanc

227 812 476 879 controversiam
504 816 667 897 tamqnam
697 835 768 879 cum
796 813 971 896 pulvisculo
1001 811 1243 876 exhauriamus:
1275 834 1372 896 quam

226 924 353 1009 quidem
385 924 464 988 sutis
496 923 650 988 habemus
683 923 832 989 extremis
863 926 899 986 ut
926 922 1037 986 dicunt
1069 922 1181 1008 digitis
1209 923 1371 1008 attigisse.

226 1034 368 1099 Tametsi
397 1035 482 1099 enim
509 1035 610 1098 multo
638 1038 670 1098 et
699 1033 828 1119 gravius
856 1036 888 1097 et
910 1033 1038 1117 plenius
1063 1034 1161 1097 etiam
1183 1032 1372 1117 responderi

226 1145 401 1210 venustulis
428 1144 492 1209 illis
520 1145 712 1209 severiorum
739 1144 914 1208 studiorum
942 1143 1085 1208 osoribus
1107 1146 1232 1228 potest,
1261 1148 1371 1207 tamen

226 1278 313 1319 nunc
334 1254 461 1340 quidem
484 1255 563 1319 adeo
584 1255 773 1339 morigerari
795 1276 903 1319 eorum
925 1254 1093 1338 postulatis
1116 1254 1201 1337 apud
1225 1277 1285 1318 nos
1309 1260 1371 1321 sta·

226 1362 343 1430 tuimus
365 1368 553 1449 tantumque
576 1386 736 1448 apponere
751 1365 873 1429 utiliter
886 1364 1095 1447 monitorum,
1119 1365 1267 1450 graviter
1281 1387 1371 1448 prae

228 1471 401 1560 ceptorum,
424 1477 530 1539 facete
552 1475 719 1558 dictorum,
743 1476 938 1539 sententiose
953 1475 1247 1559 pronuntiatorum,
1271 1495 1370 1559 quan*

226 1588 395 1650 tumeatis
424 1586 467 1650 sit
494 1585 592 1649 ctiam
618 1586 801 1670 largissima
827 1586 949 1649 fercula
977 1586 1186 1649 concocturis
1234 1585 1281 1649 Vt
1306 1609 1371 1649 rur·

219 1718 297 1760 sum
318 1696 490 1760 verendum
512 1695 555 1759 sit
576 1696 736 1779 profecta,
765 1717 805 1759 ne
833 1696 910 1759 illud
939 1697 1081 1778 poetriae
1107 1696 1202 1759 nobis
1227 1696 1371 1760 obiciant

226 1810 266 1887 μὴ
290 1807 358 1891 ὅλῳ
381 1813 427 1890 τῷ
449 1807 586 1891 θυλάκῳ.
630 1805 761 1870 Etenim
789 1805 936 1890 praebuit
962 1806 1041 1869 haec
1064 1806 1236 1888 praefandi
1259 1828 1370 1871 ansam

220 1916 313 1980 ‘felici
346 1916 560 1981 Schubarti
594 1916 751 1980 industria
790 1938 807 1980 e
839 1917 902 1980 situ
935 1919 967 1980 et
998 1916 1158 1980 oblivione
1190 1919 1368 2000 protracta,

227 2026 516 2090 Schneidewini
546 2029 653 2090 autem
680 2027 781 2090 nostri
809 2026 930 2090 sollerti
958 2047 1055 2109 opera
1084 2026 1118 2089 in
1146 2027 1278 2110 publica
1302 2028 1370 2090 lucc

225 2137 330 2219 posita
364 2159 438 2220 pers
464 2137 517 2199 diu
551 2137 722 2200 desiderati
755 2137 996 2221 Anthologii
1027 2137 1076 2199 vel
1110 2135 1369 2221 Gnomologii

226 2247 267 2309 ab
295 2247 440 2311 Orione
469 2246 652 2310 Thebano
685 2247 815 2310 conditi.
865 2245 894 2309 Ε
925 2268 986 2331 quo
1020 2268 1091 2310 curn
1122 2269 1181 2309 nos
1216 2248 1370 2330 suspicati

226 2378 363 2421 essemus
396 2354 445 2444 [de
469 2357 534 2422 Oro
556 2361 588 2420 et
617 2357 735 2420 Orione
757 2380 789 2439 p.
814 2356 844 2444 Ἰ]
874 2360 1023 2440 excerpta
1051 2378 1119 2419 esse
1147 2379 1201 2438 ea,
1232 2359 1369 2442 quaein

228 2466 469 2531 Vindobonensi
491 2467 628 2552 quodam
651 2466 759 2532 codice
782 2469 906 2530 exstare
928 2465 1115 2531 Lambecius
1138 2466 1370 2532 commencv

227 2599 257 2659 p.
281 2578 345 2641 590
366 2581 502 2641 testatus
525 2582 573 2641 est
595 2578 629 2640 in
651 2580 801 2661 quattuor
828 2577 956 2660 paginis
984 2577 1162 2660 perscripta
1190 2576 1254 2641 hoc
1277 2579 1370 2642 initio

225 2687 341 2766 Ὠρίων
371 2688 594 2769 ὁφιλόεοφο(
623 2688 758 2769 εἴρηκενε
787 2685 826 2750 de
856 2708 893 2749 eo
920 2686 1103 2770 opinionem
1128 2708 1187 2750 nos
1216 2688 1371 2753 fefellisse

227 2796 368 2860 affirmat
400 2796 660 2862 Schneidewinus
693 2796 836 2860 (loniect.
871 2797 941 2860 crit.
975 2821 1007 2880 p.
1042 2798 1092 2862 36.
1148 2797 1370 2863 festinantius

226 2908 286 2971 hoc
314 2907 440 2992 quidem
468 2907 538 2989 ille,
569 2911 604 2970 ut
632 2906 765 2970 videtur.
817 2906 901 2969 Nam
930 2907 992 2970 nisi
1026 2908 1153 2992 quidem
1184 2906 1267 2973 haec
1302 2909 1370 2993 ipsa

226 3023 553 3098 Apoptttepmatn
580 3024 827 3081 miscellanea
855 3016 915 3102 (sic
943 3018 1028 3080 enim
1050 3017 1217 3102 inscripsit
1238 3018 1370 3083 Lambe

226 3129 306 3213 cius)
329 3129 508 3193 accuratius
530 3127 684 3212 pernorit,
708 3127 809 3210 quode
831 3130 915 3191 certe
936 3131 1034 3210 tacet,
1057 3128 1141 3191 unde
1163 3128 1298 3194 tandem
1322 3152 1371 3194 ex·

206 3239 385 3321 ploratum
408 3238 548 3302 habebat
569 3237 650 3301 nihil
674 3238 719 3301 eis
748 3260 914 3302 commune
937 3260 1005 3302 esse
1028 3260 1099 3302 curn
1121 3260 1196 3302 vero
1221 3244 1254 3303 et
1276 3241 1372 3325 pleno

226 3347 354 3411 Orionis
377 3348 598 3433 gnomologio‚
621 3349 714 3432 quale
738 3349 835 3413 codes
852 3347 982 3414 OCXXI
998 3348 1127 3412 exhibet
1149 3371 1169 3412 a
1189 3348 1372 3415 Schubarto

226 3458 462 3543 transcriptus?
506 3458 595 3534 Quod
623 3462 658 3522 ut
685 3460 779 3543 quale
806 3461 848 3522 sit
876 3459 1002 3542 planius
1016 3459 1258 3545 intellegatur,
1289 3484 1371 3526 com·

225 3569 316 3632 mode
339 3569 457 3633 accidit
479 3570 561 3653 quod
583 3568 658 3632 inde
681 3570 722 3633 ab
744 3568 864 3653 aliquot
887 3569 980 3633 amris
996 3569 1066 3652 ipsa
1086 3569 1143 3633 illa
1157 3571 1372 3657 Apophtheg·

224 3682 312 3743 mata
334 3679 452 3743 nostris
475 3680 622 3743 manibus
645 3679 750 3742 dicam
772 3702 814 3743 an
837 3680 963 3743 scriniis
980 3684 1158 3762 servantur,
1183 3682 1374 3746 amicissimi

226 3789 412 3853 Mauricii
447 3788 614 3874 Hauptii
646 3790 816 3872 beneficia,
856 3790 930 3853 dum
963 3788 1175 3854 Vindobonae
1212 3799 1373 3873 versatur,

226 3902 369 3963 nostrum
402 3900 436 3963 in
464 3921 556 3964 usum
582 3899 751 3984 descripta.
802 3899 942 3973 Quorum
967 3900 1118 3984 quoniam
1146 3900 1243 3966 nobis
1273 3925 1375 3987 prope

225 4010 334 4093 elapsa
361 4010 513 4074 memoria
539 4009 782 4074 Schneidewino
812 4013 940 4075 auctore
967 4009 1187 4095 redintegrata
1217 4018 1282 4096 est,
1319 4037 1374 4078 no

225 4120 328 4184 lumus
351 4141 388 4183 ea
410 4123 445 4183 ut
467 4120 584 4184 diutius
607 4120 798 4184 delitescant
820 4121 1034 4185 committere:
1063 4121 1129 4187 sive
1157 4143 1235 4186 vera
1258 4125 1375 4189 evadet

225 4229 290 4291 sive
318 4253 419 4313 varra,
448 4253 542 4314 quam
570 4231 608 4294 de
637 4231 682 4295 eis
711 4231 787 4295 olim
814 4254 903 4314 spem
931 4231 1143 4315 concepimus.
1188 4231 1244 4298 En
1273 4235 1376 4319 igitur

226 4340 404 4421 exemplum
422 4340 641 4423 Hauptianum
664 4346 784 4424 quanta
807 4343 912 4424 potuit
934 4341 995 4404 fide
1017 4342 1204 4425 repetitum
1237 4343 1278 4430 [Ε
1301 4369 1376 4410 meo
