2904 4996
640 324 801 373 sessula
824 324 996 372 carmena.
1056 361 1058 363 >

397 513 490 578 πόλις
513 514 677 578 ςέςωςται·
700 514 857 593 βαςιλέοιν
880 515 915 577 δ’
937 513 1137 594 ὁμοςπόροιν

397 624 547 689 πέπωκεν
570 624 645 702 αἷμα
666 625 733 700 γαῖ’
756 623 815 687 ὑπ’
837 624 987 703 ἀλλήλων
1010 626 1125 708 φόνῳ·

244 801 432 885 quibuscum
460 801 683 865 contendenda
709 805 800 884 sunt,
840 823 922 886 quae
950 801 1103 886 leguntur
1141 825 1172 864 v.
1201 801 1367 866 cul-784.

244 911 345 987 Quem
368 910 407 975 ad
430 911 558 993 modum
580 915 687 975 autem
708 911 782 976 illae
805 912 947 996 virgines
969 913 1005 976 in
1026 912 1133 997 priore
1156 912 1282 976 fabulae
1296 916 1370 995 parte

244 1045 311 1087 non
338 1022 440 1085 solum
472 1027 604 1107 propter
636 1022 723 1086 urbis
756 1022 898 1086 futuram
930 1023 1171 1106 calamitatem,
1206 1025 1261 1088 sed
1291 1024 1372 1087 ctiam

243 1136 374 1217 propter
396 1154 487 1196 suam
508 1133 649 1217 ipsarum
670 1131 835 1197 fortunam
857 1136 944 1197 metu
966 1133 1089 1197 fractae
1118 1137 1214 1197 erant
1235 1138 1267 1197 et
1287 1154 1373 1218 paene

245 1244 461 1306 exanimatae:
491 1242 532 1306 cf.
556 1266 586 1306 v.
609 1242 683 1308 235.
707 1243 770 1308 308
793 1265 861 1327 sqq.
891 1244 965 1308 345.
988 1245 1052 1308 436
1074 1243 1189 1307 Waltz
1219 1244 1265 1308 ita
1290 1265 1374 1325 nunc,

243 1354 298 1418 ubi
336 1375 454 1417 vacuae
483 1357 559 1416 sunt
591 1353 748 1437 periculo,
784 1353 911 1417 easdem
950 1358 1203 1419 consentaneum
1241 1360 1289 1418 est
1320 1375 1376 1417 nun

244 1463 337 1526 modo
360 1463 398 1528 de
420 1463 525 1545 urbis,
550 1462 660 1527 cedde
683 1486 740 1527 sua
762 1485 885 1548 quoque
908 1464 1011 1528 salute
1032 1464 1159 1529 laetari.
1198 1464 1245 1529 Et
1265 1485 1302 1529 eo
1321 1464 1378 1548 qui·

243 1573 315 1637 dem
342 1574 428 1637 valet
456 1575 579 1657 ἀςινής,
613 1573 673 1638 hoc
699 1578 736 1638 ut
763 1573 888 1638 dicant:
922 1586 1023 1640 utrum
1050 1582 1147 1639 laeter
1175 1588 1207 1640 et
1232 1582 1376 1651 exsultas,

242 1692 310 1763 ipsa
331 1691 432 1760 salua,
468 1690 550 1749 urbis
578 1692 696 1749 salute?
724 1706 765 1749 cm
787 1724 839 1748 -—.
863 1683 953 1759 Quod
981 1690 1018 1748 ut
1045 1689 1203 1769 appareat
1230 1686 1264 1748 in
1291 1686 1380 1750 ἀςινεῑ

242 1794 338 1858 facile
361 1795 502 1878 potuisse
531 1795 690 1878 converti,
725 1795 870 1878 profecto
903 1817 969 1859 non
996 1816 1118 1880 magna
1146 1817 1228 1879 opus
1256 1801 1305 1860 est
1335 1794 1380 1857 de

242 1905 443 1969 monstrandi
478 1905 699 1968 contentione:
734 1905 991 1989 quandoquidem
1020 1906 1106 1970 inter
1134 1910 1220 1985 ὴςςω
1255 1911 1289 1969 et
1315 1909 1380 1971 εῑςω

242 2014 437 2097 syllabarum
464 2036 558 2079 sonos
594 2015 676 2079 nihil
699 2018 768 2079 erat
794 2015 988 2080 discriminis
1020 2014 1060 2080 de
1088 2015 1218 2081 noricis
1249 2037 1380 2099 pronun·

240 2125 345 2189 tiancli
368 2125 506 2217 mare.*)
543 2124 604 2200 Qui
632 2124 758 2209 quidem
780 2130 857 2210 quot
879 2147 1021 2189 errorum
1043 2146 1156 2189 caussa
1177 2125 1293 2207 fuerit,
1317 2146 1381 2189 cum

243 2239 369 2299 coust-et
390 2236 476 2298 inter
498 2256 625 2316 omnes,
649 2239 717 2298 tum
740 2237 831 2299 novis
847 2235 1037 2319 quibusdam
1052 2236 1208 2318 exemplis
1225 2236 1314 2299 lubet
1328 2235 1381 2298 hoc

241 2347 310 2410 loco
333 2346 549 2428 comprobare.

325 2456 364 2519 In
387 2455 532 2540 Hedyli
554 2477 646 2519 versu
669 2455 752 2540 apud
773 2455 1018 2520 Athenaeum
1039 2457 1122 2521 libro
1137 2455 1220 2520 VIII
1234 2479 1266 2540 p.
1283 2456 1385 2520 344F

242 2568 335 2647 φύκει
358 2570 390 2629 et
412 2568 497 2646 φύκη
520 2566 695 2650 scripturae
718 2570 806 2630 ortae
834 2571 910 2630 sunt
938 2589 977 2630 ex
999 2569 1105 2650 φυκί-,
1135 2567 1259 2650 reliqua
1281 2570 1383 2630 autem

241 2676 448 2760 perpolienda
470 2676 530 2741 hoc
552 2681 661 2760 pacto:

689 2823 819 2888 Φαίδων
843 2823 879 2887 δέ
902 2844 935 2888 τε
958 2823 1109 2903 anxier
1132 2822 1214 2888 αἰνεῖ

393 2933 513 3012 χορδάς
535 2934 567 2998 θ’
589 2934 608 2997 ὁ
632 2933 772 3013 ψάλτης·
796 2933 858 2998 ἔςτι
880 2934 942 3012 γὰρ
964 2932 1148 3013 ὀψοφάγος

240 3078 279 3141 ln
302 3077 416 3162 quibus
444 3081 476 3140 et
504 3099 537 3143 τε
565 3076 645 3140 illud
674 3081 707 3140 et
733 3080 765 3142 θ’
790 3077 923 3141 debetur
948 3075 1001 3141 Fr.
1030 3076 1187 3158 Iacobsi0,
1217 3088 1252 3140 Al
1281 3081 1386 3142 autem

190 3203 220 3250 41
241 3187 451 3252 interciderat
472 3190 603 3271 propter
632 3196 662 3250 ΑΙ
685 3186 865 3251 litteramm
887 3186 1171 3271 propinquitatem.
1218 3188 1269 3253 De
1290 3188 1386 3253 demi-

240 3299 352 3361 nutiva
373 3298 476 3361 forma
498 3298 592 3378 φυκίς
614 3297 753 3360 nominis
775 3296 943 3360 dubitandi
959 3317 1071 3360 caussa
1086 3297 1176 3362 nulla
1199 3303 1264 3363 est:
1288 3301 1388 3363 Athe·

240 3430 339 3471 naeus
362 3407 447 3471 enim
471 3431 500 3491 p.
518 3409 623 3472 355A
646 3408 665 3471 ὁ
688 3410 793 3488 φυκήν
816 3407 921 3490 inquit
942 3409 992 3471 καὶ
1012 3408 1031 3485 ἡ
1055 3409 1164 3490 φυκίς,
1189 3410 1389 3476 ἁπαλώτατα

240 3520 398 3598 ἰχθύδια
427 3518 515 3582 ὄντα.
562 3519 611 3582 καί
640 3517 831 3600 particulam
859 3540 878 3579 a
905 3516 1044 3580 librariis
1072 3517 1215 3582 arbitror
1245 3543 1315 3585 esse
1345 3524 1389 3585 in·

240 3634 380 3709 vectam,
415 3628 469 3711 qui
498 3628 547 3691 vel
577 3649 689 3711 prosae
717 3627 854 3690 orationi
885 3627 1111 3691 continuarent
1139 3633 1260 3712 poetae
1294 3634 1392 3696 verba

239 3738 288 3801 vel
312 3738 447 3801 alterum
470 3760 595 3801 versum
617 3736 698 3801 alius
721 3758 788 3800 esse
806 3740 920 3819 poetae
936 3736 1116 3820 crederent3
1140 3744 1262 3819 χορδαί
1286 3751 1393 3809 sutem

239 3851 314 3910 sunt
342 3848 442 3911 botuli
472 3847 515 3929 (v.
544 3848 684 3930 interpp.
708 3847 749 3910 ad
777 3847 942 3931 Aristoph.
966 3847 1056 3954 NUb'.
1077 3849 1173 3934 454);
1202 3852 1348 3939 denique
1375 3857 1393 3920 ὁ

306 4163 331 4227 *)
361 4160 528 4231 [Simplicius
551 4163 676 4230 profecto
702 4161 738 4216 ad
760 4160 917 4216 lItterarum
939 4160 1149 4217 similitudinem
1173 4182 1316 4225 revocare
1338 4188 1395 4226 cor·

238 4254 377 4322 ruptclam
395 4254 509 4310 licebat:
760 4256 1041 4311 Α(ΙΝΕ((ΩΤΗΡΙΑΙ

757 4349 1006 4405 serueueram
1081 4352 1092 4418 1
