3014 5010
224 311 284 375 138
523 329 771 377 coaonnnmvn
797 330 1063 381 nrsrvrnrroms

222 480 364 544 animum
391 482 531 545 adverte.
576 481 660 545 Nam
690 485 831 546 tractata
859 487 891 546 et
919 488 1069 567 excerpta
1095 509 1115 548 a
1143 486 1259 550 Taetza
1291 487 1361 568 ipsa

222 591 344 654 scholia
372 589 571 675 Dionysiana
600 613 684 674 esse,
717 592 907 657 documento
937 596 985 657 est
1012 616 1132 679 magna
1165 618 1245 679 quae
1276 596 1362 660 inter

222 701 307 763 illius
344 701 465 765 iambos
502 703 574 782 περὶ
611 707 769 785 διαφορᾶς
806 708 949 783 ποιητῶν
985 704 1120 787 scriptos
1157 710 1190 769 et
1222 705 1361 770 Bekkeri

222 810 388 874 Anecdota
416 834 448 895 p.
479 813 541 876 749
568 812 742 876 similitudo
770 813 950 878 intercedit.
1006 814 1055 879 Of.
1084 815 1166 879 Mus.
1195 815 1300 880 Rhen.
1331 816 1362 879 V

129 918 130 921 '
222 944 252 1004 p.
282 923 354 987 337.
406 921 544 986 Rursum
573 926 694 1006 autem,
725 945 797 987 cum
825 923 954 1007 abhis,
988 946 1069 1008 quae
1096 925 1248 1009 legrmtur
1276 928 1361 1010 apud

113 1068 120 1082 ι
224 1031 402 1095 Bekkernm
423 1055 456 1116 p.
481 1033 558 1115 747,
590 1034 816 1117 propemodum
845 1056 911 1098 non
938 1034 1089 1098 differant
1115 1056 1195 1118 quae
1228 1036 1262 1099 in
1290 1024 1362 1118 ipso

220 1142 312 1206 initio
328 1143 440 1224 nuperi
462 1142 637 1209 ἀνεκδότου
652 1143 791 1207 Parisini
812 1144 1004 1227 produntur,
1025 1145 1173 1228 numquis
1200 1145 1363 1209 dubitabit

219 1252 297 1335 quin
325 1254 357 1316 et
383 1252 464 1316 haec
492 1253 581 1316 illinc
609 1253 675 1317 sint
703 1255 821 1338 1111111,
851 1259 883 1318 11
911 1255 1099 1338 praecipuus
1125 1254 1260 1319 Tzetzae
1288 1256 1362 1319 fons

220 1362 340 1426 scholia
361 1362 560 1446 Dionysiana
582 1364 719 1446 fuerint,
743 1369 776 1428 et
797 1365 979 1429 1111111111
1001 1364 1079 1428 illud
1101 1367 1173 1444 περὶ
1193 1366 1361 1449 κωμῳδία(

220 1474 437 1556 fragmentum
461 1472 641 1537 Parisinum
664 1498 680 1537 e
703 1474 838 1539 Tzetzae
866 1476 901 1539 in
929 1475 1179 1558 Aristophanem
1210 1474 1361 1558 Prolego-

220 1583 321 1647 menis
344 1588 528 1667 excerptum
550 1584 616 1648 sit?

753 1824 826 1902 §ti

222 1965 274 2027 De
312 1964 527 2045 Zenodoto,
571 1965 801 2028 Alexandro
844 1966 986 2028 Aetolo
1023 1969 1061 2028 et
1098 1965 1361 2048 Lycophrone

654 2075 924 2139 Chalcidensi.

173 2263 203 2310 18
299 2244 525 2328 Progredimur
536 2245 574 2307 ad
585 2244 712 2329 singula
724 2244 903 2307 iudicanda.
926 2243 1066 2320 Quorum
1077 2243 1138 2308 duo
1148 2244 1360 2327 potissimum,

221 2378 301 2437 (11111
332 2378 349 2417 1
377 2355 497 2418 scholio
525 2355 675 2419 Plautino
705 2354 933 2437 didiceramus,
966 2354 1070 2438 magis
1098 2353 1195 2418 etiam
1225 2354 1361 2438 repertis

222 2463 354 2527 Graecis
388 2466 634 2529 confirmantur:
671 2486 751 2549 (1111
785 2464 912 2548 quidem
945 2451 1100 2548 spectant
1130 2464 1169 2527 ad
1207 2463 1360 2528 librorum

221 2574 457 2638 rnrdtitudinem
485 2575 519 2638 in
552 2575 755 2639 bibliothecis
783 2574 1011 2638 Alexandrinis
1040 2573 1291 2656 reconditorum,
1329 2578 1361 2637 et

221 2684 261 2747 ad
279 2685 421 2748 carmina
437 2685 608 2749 Homerica
622 2685 783 2749 Pisistrati
799 2687 905 2748 aetate
920 2685 961 2749 ab
977 2683 1194 2766 Onomacrito,
1219 2682 1359 2767 Orpheo,

221 2795 345 2877 Zopyro
361 2799 393 2858 11
415 2800 527 2879 quarto
549 2796 685 2879 quodam
707 2795 836 2860 homine
858 2795 952 2859 docto
974 2794 1138 2876 disposita.
1178 2794 1299 2859 Contra
1321 2795 1360 2857 de

221 2905 322 2969 tribus
346 2905 417 2969 aliis
439 2907 532 2970 rebus
554 2906 720 2969 fotendum
743 2909 791 2969 est
813 2905 897 2968 haud
916 2904 1107 2969 mediocrem
1127 2925 1213 2967 nunc
1236 2903 1360 2967 dubita-

221 3016 341 3079 tionem
356 3017 460 3079 nasci:
484 3038 616 3099 quarum
638 3013 829 3100 gravissima
850 3014 907 3078 illa
922 3019 986 3098 est,
1010 3036 1090 3098 qnae
1113 3013 1182 3097 ipso
1200 3013 1361 3097 principio

221 3124 333 3189 horum
369 3127 623 3209 fragmentorum
661 3128 934 3189 commemoratur.
993 3124 1043 3187 Ibi
1080 3123 1165 3186 1111111
1203 3145 1284 3206 quae
1322 3125 1360 3187 de

224 3235 422 3318 Alexandro,
451 3234 675 3318 Lycophrona,
704 3235 866 3298 Zenodoto
888 3235 1008 3298 latinns
1030 3235 1188 3316 interpres
1214 3233 1359 3315 tradidit,

221 3368 291 3409 cnm
314 3345 354 3409 ad
378 3345 554 3428 composita
576 3346 610 3408 in
632 3368 754 3429 quoqne
776 3366 894 3429 genere
921 3348 1088 3428 poetarum
1111 3365 1243 3426 corpora
1266 3366 1360 3426 quae·

220 3455 293 3519 dam
316 3455 388 3538 alii,
419 3456 460 3519 ad
483 3455 624 3539 digestas
647 3456 791 3539 iustoque
813 3455 924 3518 ordine
951 3454 1121 3538 dispositas
1147 3453 1361 3518 bibliothecae

222 3566 328 3649 copias
343 3588 410 3629 non
431 3566 499 3629 sine
516 3566 610 3630 certis
632 3565 829 3650 argumentis
851 3587 910 3628 nos
932 3564 1162 3628 rettulissemus
1184 3585 1216 3646 p.
1236 3565 1284 3627 ll.
1305 3565 1361 3627 17:

221 3676 339 3758 prodiit
367 3699 453 3740 nunc
481 3677 508 3740 is
536 3676 688 3759 scriptor,
718 3676 771 3759 qui
800 3675 925 3739 illorum
952 3677 1116 3755 neutrum,
1147 3673 1201 3737 sed
1229 3673 1362 3737 tertium

220 3784 370 3868 quiddam
397 3807 504 3849 rursus
536 3786 694 3849 diversum
726 3789 872 3848 testatur.
928 3785 960 3848 Is
991 3784 1076 3848 enim
1104 3807 1123 3847 a
1151 3784 1363 3867 Lycoplnone

222 3897 342 3959 comico
364 3901 459 3979 poeta
487 3895 585 3960 libros
609 3895 760 3976 comicos,
790 3895 931 3980 tragicos
954 3896 995 3958 ab
1016 3893 1142 3977 tragico
1163 3893 1360 3976 Alexandro,

222 4007 362 4089 poeticos
385 4009 491 4068 autem
513 4006 545 4069 h.
570 4029 596 4069 e.
622 4010 677 4069 ant
699 4006 805 4088 epicos
829 4006 884 4088 (cf.
902 4006 944 4068 ab
965 4005 1002 4068 Ο.
1020 4004 1174 4067 Muellero
1196 4003 1363 4086 disputata

222 4117 255 4179 in
278 4117 359 4179 llus.
384 4115 445 4179 Rh.
470 4115 499 4179 V
523 4139 553 4200 p.
578 4118 650 4197 340,
681 4116 760 4179 adde
787 4116 892 4179 Treta.
922 4115 957 4177 in
979 4114 1135 4197 Lycophr.
1165 4136 1196 4197 p.
1225 4114 1289 4177 249
1313 4136 1361 4197 sq.

221 4227 278 4291 τὸν
301 4228 367 4290 κατ’
389 4227 505 4305 ἐξοχὴν
532 4229 583 4292 καὶ
605 4227 873 4307 ἀπροεδιορίετω(
900 4225 1077 4302 λεγόμενον
1099 4225 1251 4306 ποιητήν,
1283 4223 1364 4288 item

222 4335 256 4398 in
283 4335 387 4399 Cram.
418 4335 540 4397 Anecd.
577 4336 635 4398 011.
665 4336 714 4399 111
748 4358 778 4418 p.
814 4335 892 4417 334,
929 4335 977 4397 16.
1010 4334 1090 4417 339,
1126 4335 1166 4398 27
1195 4336 1363 4412 ποιητικὸν
