2896 4996
366 308 625 358 onouonooivu
648 310 931 358 viunouoususn.
1154 294 1216 358 577

75 466 166 544 περὶ
193 463 349 542 ἀνδρῶν
379 465 555 529 ἐνδόξων
585 464 828 526 commentarios
851 462 1060 545 prodiderunt
1082 467 1118 526 ut
1141 464 1231 535 Ama

75 574 249 657 phierates,
273 572 446 657 Megacles,
470 572 651 655 Neanthes,
681 573 731 636 vel
754 575 845 652 περὶ
866 573 1087 653 ὁμωνύμων
1111 576 1213 655 (norn-

75 689 144 749 τῶν
172 706 206 749 τε
234 686 284 749 καὶ
318 686 545 768 (υγγραφέων)
572 688 609 746 ut
640 683 821 747 Demetrius
848 684 995 767 Magnes.
1040 682 1115 747 Non
1148 684 1216 746 fere

25 795 27 799 ’
75 797 251 877 potuerunt
283 793 324 856 ab
352 793 401 857 his
429 816 495 857 non
522 794 629 856 afferri
651 794 747 856 etiam
771 794 1019 857 memorabiliter
1041 793 1126 857 dicta
1148 794 1216 856 illo-

76 926 164 986 rum,
200 926 332 986 quorum
362 904 447 967 vitae
480 904 751 986 describerentur,
790 904 944 968 virorum:
982 908 1077 987 atque
1110 904 1218 968 hausit

77 1014 240 1099 Diogenes
268 1013 316 1096 II,
344 1014 381 1077 12
410 1014 586 1098 eSatyri
615 1014 700 1077 Vitis
723 1015 937 1099 Anaxagorae
966 1014 1215 1099 apophthegma,

76 1124 259 1188 Menedemi
288 1146 326 1187 ex
354 1124 569 1188 Heraclide
592 1124 639 1206 ll,
668 1125 736 1189 135,
782 1125 980 1209 Quamquam
1007 1125 1068 1189 hoc
1090 1126 1217 1209 quidem

76 1238 184 1317 potest
207 1235 364 1298 etiamen
387 1235 527 1298 eiusdem
548 1234 729 1298 Heraclidis
757 1236 896 1319 epitoma
919 1235 1059 1300 Sotionis
1082 1236 1216 1319 petitum

76 1366 157 1427 csse,
182 1344 221 1407 de
243 1368 305 1428 qua
327 1345 451 1409 dicetur
472 1346 615 1429 posthac.

164 1454 233 1537 Eis,
257 1456 309 1539 qui
332 1456 371 1518 de
393 1455 467 1519 vitis
489 1456 667 1539 promiscue
690 1457 903 1539 scripserunt,
928 1455 1085 1520 accedunt
1107 1456 1160 1539 qni
1182 1456 1217 1519 in

76 1565 154 1628 solis
176 1565 226 1628 vel
249 1568 415 1647 poetarum
436 1566 485 1629 vel
513 1566 773 1649 philosophorum
795 1567 869 1629 vitis
892 1570 925 1630 et
946 1566 1081 1630 historia
1103 1566 1218 1634 substi-

76 1678 189 1738 terunt
196 1725 204 1758 ,
245 1698 323 1758 quas
356 1679 464 1759 partes
497 1679 624 1739 tanturn
658 1698 786 1740 suorum
818 1677 1116 1740 commentariorum
1150 1698 1218 1740 esse

77 1785 208 1869 quidam
245 1785 442 1868 superiorum
477 1786 603 1850 illorum
640 1787 818 1850 voluerunt.
875 1788 924 1850 Ac
961 1788 1057 1871 louge
1089 1788 1124 1850 in
1158 1787 1217 1851 hoc

78 1917 198 1980 genere
220 1896 372 1960 maiorem
393 1895 491 1959 fuisse
519 1897 779 1979 philosophorum
800 1897 1003 1961 fertilitatem
1025 1920 1081 1961 sua
1104 1902 1218 1980 sponte

79 2006 288 2090 intellegitur.
334 2005 503 2070 Pertinent
524 2006 624 2090 igitur
651 2005 713 2070 huc
735 2006 863 2070 Diocles
893 2009 928 2073 ἐν
955 2012 1022 2073 τοῖς
1050 2009 1128 2088 βίοι(
1150 2014 1217 2074 τῶν

79 2117 273 2197 artocopus
302 2119 350 2197 et,
388 2116 441 2199 qni
464 2138 540 2179 sane
564 2116 705 2180 diversus
734 2138 801 2180 esse
830 2117 911 2182 liber
938 2117 1077 2200 videtur,
1115 2120 1151 2183 ἐν
1180 2125 1217 2203 τῇ

78 2227 234 2309 ἐπιδρομῇ
256 2231 323 2290 τῶν
346 2228 552 2307 collocemur:
590 2225 775 2291 Timotheus
798 2228 1006 2292 Atheniensis
1034 2231 1105 2309 περὶ
1128 2228 1218 2309 βίων,

79 2336 133 2419 qui
155 2336 293 2399 solorum
315 2335 463 2400 videntur
485 2336 746 2420 philosophorum
766 2338 880 2401 fuisse:
902 2338 1106 2421 Hippobotus
1129 2340 1164 2405 ἐν
1179 2346 1217 2422 τῇ

78 2451 146 2511 τῶν
170 2447 361 2526 φιλοςόφων
385 2446 571 2531 ἀναγραφῇε
594 2446 705 2511 Nicias
728 2446 916 2512 Nicaeensis
939 2451 974 2515 ἐν
997 2456 1035 2533 τῇ
1058 2451 1130 2528 περὶ
1151 2455 1218 2514 τῶν

79 2556 274 2637 φιλοςόφων
307 2557 427 2640 ‘atrocia
464 2556 546 2639 apud
580 2556 784 2620 Athenaeum
811 2557 859 2621 IV
887 2581 918 2641 p.
951 2559 1011 2622 162
1040 2564 1071 2623 C.
1129 2559 1218 2634 Quod

79 2669 187 2729 autem
209 2666 244 2729 in
266 2686 334 2749 eos,
358 2665 412 2749 qui
433 2666 616 2729 universum
638 2688 740 2751 genus
762 2672 837 2731 sunt
861 2669 1031 2751 complexi,
1061 2669 1145 2732 idern
1169 2692 1218 2733 ca-

79 2775 129 2840 dit
149 2776 184 2839 in
206 2776 304 2857 libros
327 2776 523 2860 singulares,
553 2778 661 2861 quales
688 2778 820 2841 fuerunt
846 2779 1034 2862 Apollodori
1061 2783 1133 2858 περὶ
1159 2786 1218 2844 τοῦ

79 2887 271 2965 Ἐπικούρου
294 2886 381 2970 βίου,
411 2887 577 2970 Apollonii
599 2886 688 2970 Tyrii
710 2890 782 2967 περὶ
803 2889 978 2971 Ζήνωνος,
1001 2888 1164 2952 Idomenei
1187 2893 1219 2952 et

79 2995 225 3060 Phaniae
252 2998 324 3077 περὶ
351 3001 418 3063 τῶν
447 2998 672 3077 (ωκρατικῶν,
706 2996 830 3061 Xanthi
858 3002 930 3079 περὶ
958 3000 1217 3081 Ἐμπεδοκλέους,

79 3106 226 3170 aliorum.
256 3105 332 3171 Non
345 3106 450 3192 magis
466 3109 572 3171 autem
587 3107 689 3170 ausim
712 3107 752 3171 ad
767 3108 955 3172 historicum
977 3130 1079 3193 genus
1100 3109 1219 3171 referre

78 3216 264 3281 Anaxilidis
287 3220 320 3280 et
341 3216 511 3301 Speusippi
533 3219 606 3298 περὶ
628 3217 821 3299 φιλοςόφων
848 3217 964 3300 libros,
1003 3240 1098 3302 quam
1121 3217 1219 3302 Chry·

78 3326 176 3409 sippi,
199 3325 341 3409 Epicuri,
366 3325 525 3392 Stratonis
547 3329 619 3408 περὶ
642 3328 721 3407 βίων
745 3328 1005 3410 commentarios,
1028 3328 1082 3392 sed
1105 3327 1219 3391 merito

79 3435 240 3500 addentur
261 3437 315 3520 qui
337 3439 409 3518 περὶ
436 3442 502 3503 τῶν
525 3439 720 3518 φιλοςόφων
743 3442 905 3518 διαδοχῶν
927 3437 1124 3521 scripserunt
1145 3438 1219 3502 Ale·

76 3545 204 3610 xander
231 3547 249 3611 ὁ
278 3549 475 3627 soluturum,
505 3547 732 3628 Antisthenes,
763 3547 954 3630 Sosicrates,
989 3547 1078 3613 Sotio
1105 3548 1220 3631 quique

78 3656 149 3721 eius
173 3656 325 3720 librorum
347 3657 540 3721 breviarium
563 3658 702 3722 confecit
716 3658 913 3740 Heraclides,
938 3657 1049 3721 Nicias
1064 3657 1219 3722 Nicaeen-

76 3765 125 3830 sis
147 3765 319 3831 Athenaei.
356 3766 425 3831 Nec
447 3766 584 3832 fortasse
606 3768 774 3832 omittendi
797 3770 868 3848 περὶ
890 3768 1112 3852 (φιλοεόφωνδ
1136 3769 1218 3848 αἱρέ-
1237 3776 1265 3824 ll

76 3898 166 3944 (εων
181 3878 353 3960 scriptores
369 3878 593 3960 Apollodorus,
609 3877 823 3961 Hippobotus,
848 3877 1074 3960 Clitomachus,
1097 3877 1220 3941 Panae-

74 3987 160 4072 tius,
196 3986 396 4070 Theodoms,
431 3988 496 4051 alii.
547 3974 667 4063 Quibus
700 3987 847 4052 omnibus
875 3991 1030 4071 quantum
1058 3987 1220 4072 Diogenes

74 4099 226 4164 Laertius
249 4098 364 4162 debeat
391 4098 432 4162 ad
456 4098 740 4163 consarcinandam
768 4120 838 4161 eam
860 4099 965 4182 operis
987 4102 1127 4182 partem,
1158 4121 1220 4182 qua

74 4207 357 4293 apophthegmata
393 4209 577 4293 conquirere
608 4198 669 4273 sibi
702 4211 927 4293 proposuerat,
968 4208 1089 4293 aliquot
1118 4230 1220 4272 exem·

71 4320 142 4407 plis
165 4318 410 4384 declarabimus.
455 4319 659 4384 Antisthenis
682 4318 711 4383 ei
735 4319 974 4403 apophthegma
1003 4318 1221 4403 suppeditavit

129 4439 177 4474 ru.
197 4438 365 4474 srrseuuuu
384 4437 530 4474 oruseoaa
548 4439 568 4477 1.
977 4422 1017 4487 37
