3008 5002
229 334 292 398 230
585 349 742 397 murana
765 350 1026 399 naonnoonmm

315 503 430 587 Atqui,
458 508 494 567 ut
515 504 642 568 redeam
665 503 748 567 unde
777 505 937 586 profectus
966 526 1051 586 sum,
1081 505 1313 570 Callimachum
1335 506 1371 570 in

230 613 335 676 indice
358 614 554 678 conficiendo
581 616 685 698 prima
714 615 807 678 aurius
831 615 980 698 cuiusque
1006 615 1080 678 libri
1103 592 1200 678 verba
1227 617 1370 699 posuisse

229 726 367 787 testatur
389 725 576 788 Athenaeus
590 724 648 808 Vl,
667 725 771 788 244n
793 729 825 788 et
840 724 929 806 Xlll,
953 724 1016 789 585
1029 730 1060 788 C.
1099 724 1188 799 Quod
1212 749 1284 790 cum
1305 750 1371 792 non

230 835 273 897 sit
300 856 355 897 cur
383 834 422 898 de
451 836 599 899 universo
621 828 721 918 'opere
748 822 853 918 potiu's
882 856 976 918 quam
1005 834 1043 898 de
1072 835 1225 920 singulis,
1257 838 1372 921 quibus

231 944 436 1009 distributum
452 948 536 1027 erat,
560 945 651 1009 libris
667 946 876 1028 accipiamuS,
900 945 1038 1008 maxime
1054 946 1081 1008 si
1103 945 1233 1011 fabulae
1249 970 1372 1032 quoque

230 1055 324 1119 unius
357 1059 470 1139 poetae
502 1056 564 1119 hac
596 1056 721 1120 ratione
751 1057 890 1138 scriptae
923 1060 1032 1138 erant,
1067 1060 1234 1138 praeterea
1264 1063 1373 1122 autem

230 1165 401 1229 voluminis
422 1167 550 1230 initium
573 1166 780 1230 indicandum
806 1165 918 1248 fuerit,
950 1166 1181 1230 consectarium
1204 1170 1268 1250 est,
1299 1169 1373 1232 sim·

164 1275 363 1359 simplicium
384 1280 417 1340 et
439 1277 609 1340 mixtorum
632 1276 826 1340 voluminum
857 1275 1096 1340 distinctionem
1125 1277 1160 1340 in
1182 1277 1373 1342 Callimachi

231 1385 363 1449 Tabulis
378 1390 411 1450 et
432 1386 501 1450 fieri
524 1387 684 1469 debuisse,
709 1390 742 1450 et
761 1386 894 1449 alicuius
915 1387 1068 1450 momenti
1090 1387 1205 1469 tuisse,
1229 1410 1373 1471 praeser-

231 1496 378 1560 timeum
400 1497 445 1561 ita
467 1500 593 1560 tantum
616 1497 755 1580 intelligi
777 1499 899 1578 posset,
925 1496 999 1579 quid
1017 1496 1102 1559 inter
1123 1497 1271 1560 binorum
1287 1500 1374 1563 volu·

232 1607 354 1670 minum
382 1608 551 1671 materiam
579 1607 629 1670 vel
656 1606 874 1670 similitudinis
901 1606 952 1669 vel
978 1606 1248 1670 dissimilitudinis
1275 1608 1373 1672 inter-

233 1721 326 1781 esset.
360 1717 430 1793 Qua
444 1718 479 1781 in
494 1740 528 1781 re
544 1719 702 1781 incertum
716 1718 907 1801 relinquitur
922 1716 1017 1799 illud,
1034 1717 1061 1780 si
1077 1716 1203 1800 quando
1219 1718 1373 1782 librorum

233 1828 383 1891 divisioni
411 1850 481 1892 cum
510 1827 634 1891 librarii
663 1827 822 1911 scriptura
850 1827 1051 1909 convenerit,
1081 1849 1157 1890 num
1185 1827 1272 1890 inter
1300 1829 1374 1892 sim-

233 1938 330 2020 plicia
346 1938 378 2001 id
393 1939 541 2002 volumen
556 1938 691 2001 relatum
707 1939 765 2022 sit,
787 1960 829 2001 an
844 1938 1016 2001 mixtorum
1032 1959 1164 2000 numero
1185 1938 1372 2021 ascriptum.

233 2046 357 2111 Pendet
378 2049 464 2112 enim
485 2049 560 2112 inde
582 2048 749 2130 iudicium,
775 2070 851 2111 num
873 2048 929 2111 uni
946 2048 1056 2131 cuique
1073 2047 1226 2111 volumini
1249 2052 1372 2130 notam,

233 2180 296 2241 qua
323 2162 378 2222 aut
405 2159 540 2242 simplex
568 2162 623 2222 aut
649 2159 784 2221 mixtum
812 2180 880 2222 esse
911 2158 1163 2243 significaretur,
1199 2159 1375 2241 ascriptam

234 2289 302 2331 esse
325 2268 556 2333 aOallimacho
578 2272 634 2332 aut
656 2290 709 2331 eos
731 2268 829 2331 libros
836 2319 844 2351 ,
869 2269 922 2352 qui
946 2290 1003 2352 per
1026 2267 1188 2351 complura
1210 2268 1375 2333 volumina

235 2377 456 2460 pertinebant,
485 2400 625 2441 seorsum
647 2379 768 2462 positos
791 2382 839 2460 et,
869 2399 940 2441 cum
960 2378 1062 2441 maior
1084 2378 1279 2442 voluminum
1300 2402 1376 2462 pars

234 2487 335 2550 nrixta
363 2492 461 2571 esset,
494 2488 555 2552 hoc
582 2489 711 2552 nomine
739 2490 910 2572 inscriptos
938 2489 1035 2552 dicas.
1095 2488 1238 2552 Alterius
1268 2493 1375 2553 autem

236 2596 447 2661 bibliothecae
470 2598 543 2662 libri
567 2620 622 2662 cur
643 2622 708 2663 non
725 2621 763 2662 ex
785 2599 846 2663 hac
869 2599 1021 2681 bipertita
1043 2597 1198 2662 divisione
1214 2601 1375 2663 numerati

234 2706 369 2789 fuerint,
395 2730 491 2772 causa
513 2712 562 2772 est
583 2709 676 2792 haec,
701 2710 775 2793 quia
798 2708 837 2771 ad
860 2708 932 2771 illos
953 2707 1141 2773 Callimachi
1165 2707 1286 2772 indices
1309 2732 1376 2773 non

236 2817 501 2919 pertinebant*).p

301 3072 326 3136 *λ
339 3071 427 3125 Omisi
438 3073 579 3126 Plutarchi
597 3073 683 3127 verba
694 3075 796 3125 Anton.
823 3078 868 3125 58:
890 3072 1046 3125 Καλουίειοτ
1064 3073 1094 3124 δὲ
1113 3071 1245 3138 Κοίταροε
1265 3074 1375 3139 ἑτοῖροτ

235 3167 274 3219 ἔτι
298 3168 342 3218 καὶ
366 3169 457 3219 ταῦτα
484 3171 544 3220 τῶν
567 3166 606 3220 εἰ(
631 3166 814 3232 Κλεοπάτραν
837 3165 1021 3231 ἐγκλημάτων
1046 3164 1191 3230 Ἀντωνίῳ
1219 3167 1376 3232 προῦφερε,

235 3259 391 3325 χορίεαεβπι
411 3260 460 3322 μὲν
478 3260 550 3326 αὐτῇ
569 3261 619 3313 τά(
638 3261 668 3313 ἐκ
685 3258 838 3325 Περγάμου
857 3258 1044 3323 βιβλιοθήκας,
1067 3258 1097 3310 ἐν
1116 3256 1159 3310 nl(
1179 3258 1262 3310 εἷκοει
1281 3259 1376 3324 μυριά-

234 3353 279 3405 δε(
299 3351 437 3415 βιβλίων
456 3354 578 3405 ἁπλῶν
596 3354 673 3417 ἦτον.
704 3351 776 3404 Nam
794 3367 855 3403 cum
874 3353 982 3404 ἁπλοῦ(
995 3349 1130 3402 vocabulo
1150 3348 1183 3402 dc
1202 3348 1279 3401 libris
1299 3349 1376 3403 dicto

235 3446 323 3509 certa,
342 3460 413 3511 quae
431 3443 532 3511 ubique
545 3445 650 3508 valeat,
670 3443 835 3511 significatio
853 3461 908 3497 non
926 3442 1004 3507 insit,
1024 3442 1073 3496 sed
1085 3441 1235 3495 sccimtlum
1253 3441 1281 3494 id
1301 3444 1376 3508 quod

235 3536 384 3605 opponitur
401 3536 429 3589 iu
448 3536 571 3589 divorsas
588 3538 684 3605 partes
703 3537 791 3605 accipi
810 3540 906 3603 queat,
930 3553 985 3589 non
1003 3534 1084 3589 video
1108 3534 1181 3601 quod
1200 3535 1236 3587 ab
1255 3534 1298 3587 his
1317 3553 1377 3589 vor-

235 3629 278 3681 bis
297 3629 428 3682 auxilium
445 3629 503 3683 iure
522 3629 579 3698 peti
602 3629 698 3697 possit.
736 3631 832 3696 ltaque
850 3629 879 3682 in
897 3629 1050 3682 reinserta
1069 3626 1186 3681 incertis
1207 3627 1378 3681 testimoniis

236 3723 371 3791 proficisci
390 3722 491 3776 rationi
510 3726 726 3776 consentanemn
748 3722 887 3787 duximus,
909 3724 940 3775 ut
958 3722 993 3775 ab
1018 3722 1070 3775 hac
1089 3722 1162 3774 certe
1180 3722 1260 3788 parto
1279 3724 1379 3775 nostra

236 3815 387 3879 sententia,
411 3832 494 3881 quam
518 3815 617 3870 scimus
641 3815 744 3869 habere
767 3833 821 3882 quo
839 3816 961 3881 laboret,
990 3813 1111 3881 quodam
1132 3813 1215 3867 modo
1239 3830 1380 3868 commen·

235 3909 356 3963 daretur.
393 3908 498 3963 Eadem
516 3912 611 3964 autem
630 3909 663 3962 de
683 3926 765 3962 causa
788 3908 822 3962 de
840 3908 988 3962 Plutarcho
1006 3923 1147 3973 nunquam
1169 3924 1225 3960 non
1243 3906 1381 3975 ambigua

235 4002 360 4058 manebit
382 4003 585 4071 interpretatio.
620 4003 769 4056 Possumus
794 4002 866 4055 enim
889 4018 1033 4055 numerum
1052 4018 1084 4053 ex
1106 3999 1168 4067 ipsa
1186 3998 1299 4053 Calvisii
1316 4017 1380 4053 ora—

235 4097 311 4150 tione
330 4095 448 4164 petitum
466 4113 521 4149 non
539 4096 573 4149 ile
587 4095 770 4150 voluminibus
783 4096 826 4149 vel
840 4095 993 4159 codicibus,
1012 4092 1060 4146 sed
1079 4093 1112 4145 de
1130 4091 1220 4156 libris,
1240 4091 1296 4157 qui,
1315 4108 1381 4145 cum

236 4189 360 4256 pluribus
373 4188 507 4256 exemplis
520 4191 660 4252 extarent,
679 4191 773 4242 tantan
792 4191 926 4254 tanquam
939 4186 1040 4253 singuli
1059 4186 1095 4238 ab
1109 4185 1219 4238 oratore
1238 4185 1382 4239 numerati

237 4282 304 4346 sint,
323 4282 427 4335 (lictum
446 4280 612 4334 existimare.
644 4280 747 4335 Contra
765 4282 787 4334 si
806 4280 891 4333 verba
904 4298 920 4333 a
932 4277 1081 4332 Plutarcho
1100 4275 1196 4329 addita
1215 4279 1323 4330 esseut
1343 4278 1382 4332 ad

237 4374 405 4427 voluminum
417 4392 561 4427 numerum
573 4374 712 4442 pertinere
725 4375 820 4441 putas,
839 4373 872 4427 de
884 4389 998 4425 numero
1011 4370 1100 4423 minus
1113 4371 1242 4423 accurate
1259 4368 1381 4436 definito
