2896 4996
221 316 284 379 :380
507 330 768 378 asononooivn
792 327 1074 376 vrsnononnssu.

222 506 259 547 ea
282 484 556 567 apophthegmata
579 483 739 563 dixerunt,
767 503 899 564 quorum
920 481 968 544 vis
990 481 1024 543 in
1048 486 1238 562 comparata
1261 502 1364 544 rerum

221 593 430 658 similitudine
453 594 609 656 cernitur:
638 614 718 674 quae
740 593 888 670 ὁμοίωιιτ
911 590 973 654 dici
996 591 1038 653 ab
1060 590 1181 653 artium
1203 592 1364 674 scriptori-

222 704 281 768 bus
303 704 400 787 solet,
430 707 466 767 ut
480 703 528 765 ab
551 702 633 765 Iulio
655 701 828 765 Rufiniano
855 724 887 784 p.
911 701 973 765 213
1000 699 1131 764 Ruhnk.
1162 703 1365 781 Ὁμοιώματα

221 813 321 898 igitur
344 835 382 876 ex
405 813 523 877 nostris
546 812 633 876 velut
654 812 710 874 illa
733 815 808 875 sunt
829 833 909 894 quae
925 810 1071 875 Secundo
1093 811 1289 894 philosopho
1311 812 1363 874 tri-

222 926 363 988 buuntur
390 924 428 986 de
457 923 641 987 mulieribus
669 922 755 985 dicta
783 921 833 985 vel
855 922 960 1004 potius
981 920 1171 1004 maledicta,
1206 923 1260 984 vel
1286 944 1364 1005 quae

222 1035 261 1098 de
283 1035 390 1119 legum
414 1033 633 1097 imbecillitate
655 1036 842 1096 narrantur:
866 1031 921 1094 sed
943 1032 1088 1095 breviora
1111 1054 1250 1115 qnoque,
1274 1032 1364 1116 quale

223 1168 250 1208 e.
276 1167 301 1208 c.
327 1145 386 1208 hoc
409 1148 472 1208 est:
508 1145 538 1208 οἱ
560 1147 617 1223 μὲν
639 1147 765 1223 τραχεῖ(
786 1143 881 1207 ἵπποι
902 1146 969 1208 τοῑι
992 1146 1146 1221 χαλινοῖς,
1171 1145 1201 1207 οἱ
1225 1146 1261 1208 δὲ
1284 1145 1364 1208 ὀξεῖ(

222 1258 314 1334 θυμοὶ
342 1259 409 1319 rote
437 1255 545 1329 λόγοι(
578 1255 699 1319 δοῦλοι.
744 1253 856 1335 ltaque
888 1254 1031 1331 γνωμικὰ
1063 1253 1255 1332 ὁμοιώματα
1286 1253 1364 1316 dixit

222 1364 417 1428 lamblichus
440 1364 576 1427 Adhort.
601 1363 642 1425 ad
664 1363 779 1446 philos.
804 1362 874 1426 ο.2
903 1365 982 1425 extr.
1006 1385 1037 1445 p.
1061 1362 1104 1426 20
1124 1361 1247 1426 Kiessl.
1288 1363 1363 1426 Eius

223 1473 307 1538 modi
336 1475 435 1558 igitur
463 1474 668 1537 Aristonis
697 1475 883 1553 ὁμοιώματα
910 1475 1037 1555 praesto
1059 1472 1192 1536 fuerunt
1216 1472 1362 1537 Stobaeo.

223 1584 302 1649 Cum
325 1584 437 1667 quibus
460 1588 568 1647 tamen
591 1584 672 1646 nihil
696 1605 862 1648 commune
890 1583 953 1646 fuit
974 1582 1024 1646 vel
1047 1580 1221 1666 Speusippi
1245 1585 1365 1662 ὁμοίοιι

224 1696 271 1757 vel
297 1693 436 1757 eiusdem
466 1694 550 1757 illius
580 1694 740 1757 Aristonis
770 1693 825 1759 Cei
848 1693 1219 1777 ὁμοίοιτ’ἐρώτικοῑτ*),
1255 1695 1365 1778 quibus

225 1805 410 1868 Athenaeus
437 1827 525 1871 usus:
561 1804 691 1867 tametsi
717 1805 830 1883 ὅμοιον
853 1825 976 1888 quoquc
999 1803 1032 1866 in
1055 1804 1168 1887 figuris
1190 1807 1366 1869 sententia-

225 1938 293 1977 rum
317 1920 356 1978 et
372 1916 561 1978 elocutionis
578 1915 768 1978 Rufinianus
790 1918 937 1979 recenset
959 1938 990 1997 p.
1007 1914 1070 1976 214
1091 1914 1228 1998 ipsoque
1252 1917 1366 1996 ὁμοια

224 2026 353 2089 τιοιιώιο
392 2049 481 2089 suam
521 2026 740 2089 collectionem
786 2026 1018 2090 sententiarum
1063 2023 1366 2109 Pythagoricorum,

225 2137 440 2218 exemplorum
463 2136 529 2198 sive
552 2136 797 2199 similitudinum
824 2136 859 2198 in
885 2137 1021 2198 formam
1047 2135 1272 2221 redactorum,
1304 2138 1367 2201 De·

225 2247 425 2330 mophilus
459 2247 512 2308 ille
541 2246 719 2328 inscripsit,
755 2246 793 2308 de
827 2269 888 2329 quo
921 2245 1075 2309 videndus
1102 2245 1246 2311 Orellius
1280 2271 1368 2331 prae

225 2358 348 2420 latione
376 2358 437 2421 vol.
462 2357 476 2420 l
506 2379 536 2439 p.
561 2356 634 2419 Vll.
679 2356 844 2419 Postremo
872 2378 938 2419 non
966 2360 1041 2419 sunt
1068 2356 1199 2420 silentio
1230 2364 1369 2442 praeter·

226 2467 381 2530 mittenda
409 2466 657 2549 Aristonymi
680 2467 788 2530 nescio
816 2467 904 2530 cuius
927 2467 1157 2530 commentaria
1184 2469 1239 2532 vel
1266 2472 1369 2553 potius

227 2577 504 2659 commentariola,
534 2598 615 2660 quae
637 2580 771 2657 τομάρια
794 2577 973 2661 inscripsit:
1002 2577 1157 2660 equibus
1188 2602 1264 2643 cum
1293 2583 1370 2647 dno-

226 2688 391 2768 φθέγματα
413 2691 480 2750 tum
495 2690 625 2766 γνώμα(
647 2691 715 2750 turn
738 2689 923 2767 ὁμοιώματα
939 2687 1093 2752 Stobaeus
1108 2688 1143 2751 in
1161 2687 1371 2756 sermonibus

227 2797 388 2860 excitavit.
425 2797 515 2861 Dixit
542 2797 581 2861 de
603 2798 648 2861 eis
670 2797 835 2862 Heerenus
858 2799 892 2862 in
915 2797 1003 2862 Stob.
1026 2797 1096 2861 Ecl.
1120 2798 1169 2881 H,
1193 2802 1216 2864 2
1244 2826 1276 2885 p.
1303 2805 1370 2868 189.

227 2908 312 2972 Satis
340 2907 451 2971 leviter
480 2912 587 2971 autem
615 2911 648 2971 et
675 2930 802 2991 prorsus
831 2909 988 2972 arbitratu
1014 2930 1070 2972 suo
1093 2908 1239 2974 Orellius
1263 2936 1301 2977 er
1325 2915 1373 2976 his

226 3019 303 3101 ipsis
325 3019 468 3082 tomariis
491 3018 619 3081 fluxisse
641 3019 823 3102 Damophili
850 3020 939 3083 illam
968 3020 1190 3084 collectionem
1224 3026 1371 3089 coniecit.

310 3128 369 3191 Rei
394 3149 550 3191 summam
572 3128 833 3211 perstrinximus:
856 3131 956 3193 multa
971 3133 1104 3212 restant,
1130 3154 1278 3214 quaene
1302 3136 1373 3199 atti·

114 3308 125 3327 ·
227 3239 331 3321 gimus
353 3238 495 3322 quidem,
530 3243 565 3301 nt
592 3238 829 3303 Plutarchia
858 3240 1148 3325 apophthegmata:
1188 3216 1373 3330 de'quibus

228 3348 495 3432 Wyttcnbachius
523 3349 678 3414 videndus
707 3350 746 3413 ad
778 3350 860 3414 Plut.
890 3350 971 3414 Mor.
1001 3352 1061 3414 vol.
1086 3350 1127 3433 V,
1152 3353 1173 3415 2
1199 3377 1234 3438 p.
1260 3358 1324 3422 879
1346 3365 1374 3421 et

229 3459 398 3523 Animadv.
423 3460 484 3523 vol.
508 3461 534 3543 l,
563 3463 576 3524 l
602 3483 632 3542 p.
661 3462 741 3526 1039
764 3483 833 3545 sqq.
864 3464 896 3525 et
921 3451 1010 3526 1145.
1056 3461 1237 3529 Praeterea
1260 3469 1296 3532 in
1318 3469 1373 3532 hoc

228 3570 297 3652 ipso
320 3571 699 3656 apophthegmatico
727 3593 845 3654 genere
872 3576 1015 3636 nostram
1048 3572 1116 3635 fere
1153 3578 1374 3643 continuimus

229 3679 487 3762 disputationem,
512 3681 724 3745 abstinuimus
747 3686 853 3745 autem
875 3684 916 3747 ab
932 3705 969 3746 eo
984 3681 1065 3766 quod
1081 3686 1131 3745 est
1154 3687 1267 3752 totum
1289 3713 1374 3774 gno

229 3812 260 3852 m
270 3791 329 3851 ien
338 3813 377 3852 nr.
409 3791 521 3874 ltaque
536 3814 630 3875 quani
645 3814 740 3874 supra
757 3793 947 3876 aliquotiens
971 3799 1298 3865 commemoravimus
1313 3800 1374 3865 Dc·

229 3900 496 3964 mocritiarum
534 3902 767 3965 sententiarum
807 3903 1026 3966 collectionem
1058 3924 1097 3965 ex
1133 3907 1217 3989 ipsis
1253 3913 1375 3997 quidem

230 4010 394 4092 scriptis
428 4012 608 4095 philosophi
637 4017 873 4095 exemptarum,
910 4014 948 4076 de
982 4036 1019 4077 ea
1052 4020 1187 4095 praeter
1223 4022 1376 4088 Orellium

298 4350 322 4414 ⁸¹)
342 4351 461 4417 [Dictum
479 4358 521 4407 cst
540 4352 574 4408 de
593 4352 636 4408 his
655 4374 739 4425 snpra
756 4376 782 4427 p.
804 4362 853 4413 557
872 4356 944 4428 sqq]
