2904 4996
240 344 302 416 724
419 429 440 439 Ι,
553 354 556 357 ’
634 362 794 416 stennone
817 363 990 417 crumena.
1080 358 1083 363 ’

239 546 300 603 quc
328 531 359 587 ἑο
388 545 497 588 caussa
525 531 627 588 coedis
649 531 728 588 illios
751 527 852 599 fucrit
878 530 951 598 iste,
983 545 1076 603 quam
1105 536 1139 588 tn
1167 528 1262 606 dicis,
1287 523 1382 602 νόσος

189 645 221 691 ‘eo
239 656 320 697 mco:
357 642 499 713 quoniam
527 655 564 698 eo
592 646 675 698 certe
700 647 728 697 tc
749 642 936 698 commouisse
958 641 1079 700 videtur
1101 642 1146 699 ad
1166 643 1291 702 caedem
1314 660 1383 718 pcr-

237 751 438 824 pctrondam:
461 756 557 810 tamea
580 751 704 809 maltam
728 750 876 808 cottorrui
897 767 916 806 o
939 757 994 809 tna
1016 754 1192 827 atrocitate,
1216 769 1296 826 qnae
1317 756 1384 828 ipsis

238 862 375 921 manthos
403 868 432 919 et
454 861 591 920 consulto
618 860 728 919 liberos
757 861 904 920 occidisti.
949 837 1001 919 Ita
1027 856 1181 921 idoneum
1210 857 1311 922 habet
1338 880 1386 921 ex·

239 967 394 1048 plicatum
417 969 477 1032 νὺν
499 965 668 1050 particula,
693 987 773 1049 quae
795 965 960 1048 displicuit
980 964 1183 1032 Hermanno,

324 1170 386 1234 Sed
416 1170 648 1253 displicuerunt
674 1169 862 1234 Hermanno
893 1169 966 1256 [huc
993 1177 1029 1233 ut
1056 1174 1226 1256 tamquam
1262 1175 1299 1239 ἐν
1331 1195 1386 1238 πα-

241 1283 327 1366 ρόδῳ
352 1281 550 1365 digrediatur
573 1280 747 1364 disputatio
776 1281 885 1364 paullo
907 1303 984 1344 sane
1007 1281 1184 1370 molestius]
1213 1285 1314 1347 etiam
1334 1285 1387 1347 illa

239 1412 321 1473 quae
351 1390 502 1475 leguntur
530 1390 689 1453 Medeae
722 1414 752 1455 v.
785 1391 866 1455 1265
901 1388 995 1477 [1287
1024 1390 1065 1454 K.
1100 1392 1184 1456 1298
1214 1392 1270 1481 N.]
1308 1416 1386 1477 sqq.,

240 1522 321 1583 quae
348 1500 394 1564 sic
424 1501 636 1564 conformavit
659 1501 847 1585 corrigendo
870 1524 901 1584 p.
926 1501 989 1566 399
1011 1524 1078 1598 sq.:ss

392 1680 418 1745 εἰ
441 1684 493 1759 μὴ,
515 1681 685 1759 τυράννων
709 1681 833 1759 δώμαθ’
853 1679 908 1744 ἵνα
930 1681 1023 1746 tilica
1045 1680 1147 1759 δίκην,

392 1791 543 1867 πέποιθ’,,
557 1791 771 1857 ἀποκτείνοεα
793 1791 963 1869 κοιράνους
985 1791 1123 1872 χθονός,
1172 1864 1176 1868 .

392 1901 499 1985 ἀθῷος
522 1902 601 1981 αὐτὴ
625 1902 921 1981 τῶνοεψφεύξεεθοι
944 1901 1064 1980 δόμων.

240 2068 360 2132 Verum
383 2073 418 2133 ut
439 2093 459 2133 a
482 2092 516 2133 re
538 2069 727 2135 tenuissima
750 2070 807 2132 fiat
834 2069 976 2151 initium,
1007 2091 1120 2151 parum
1144 2070 1249 2152 polita
1273 2075 1324 2135 est
1345 2094 1389 2135 so-

240 2179 319 2243 lutio
347 2180 403 2243 illa
431 2181 586 2244 iambieae
615 2181 694 2243 arsis
724 2183 813 2261 -paO'
833 2181 907 2255 iva,
937 2182 969 2242 et
998 2179 1103 2242 aliena
1127 2179 1168 2242 ab
1194 2202 1308 2244 earum
1330 2188 1388 2245 tra-

241 2291 427 2374 goediarum
451 2292 630 2375 elegantia,
660 2312 741 2374 quae
764 2297 839 2353 ante
862 2289 1074 2373 olympiadem
1097 2288 1270 2354 LXXXIX
1295 2294 1388 2376 scrip-

241 2404 293 2464 tae
316 2406 406 2466 sunt:
431 2405 466 2464 ut
488 2424 544 2465 suo
560 2402 659 2485 ipsius
675 2404 847 2483 praecepto
863 2400 998 2463 illuserit
1013 2398 1235 2464 Hermannus.
1267 2402 1389 2466 Deinde

242 2516 349 2574 autem
372 2512 447 2595 quid
474 2513 542 2575 vult
570 2512 632 2575 sibi
659 2512 802 2575 futurum
830 2510 907 2574 illud
930 2510 1047 2576 britta?
1080 2504 1165 2594 quod
1192 2534 1293 2595 quam
1314 2515 1389 2576 mire

243 2622 363 2685 dictum
385 2623 442 2705 sit,
467 2624 536 2706 ipse
558 2623 683 2686 videtur
705 2621 857 2702 sensisse3
887 2620 1017 2684 liberius
1040 2620 1126 2684 enim
1149 2641 1272 2705 graeca
1296 2624 1389 2687 verba

243 2732 289 2795 sic
304 2732 536 2815 interpretatur
550 2732 791 2796 transferendo:
815 2721 930 2810 regioni
946 2738 1065 2796 domum
1081 2753 1170 2810 qanta
1184 2738 1261 2797 dicit
1274 2756 1389 2813 poenos

243 2849 320 2907 dere
340 2882 392 2926 —‚
419 2866 490 2906 cunr
513 2844 658 2907 deberet:
680 2864 794 2923 poeotes
811 2848 953 2906 daturam
976 2863 1047 2905 csse.
1081 2840 1142 2904 Sed
1165 2846 1298 2906 restant
1320 2865 1388 2928 gra·

243 2954 340 3017 viora.
387 2954 533 3038 Namque
562 2953 742 3017 sententiae
771 2952 869 3035 ipsius
893 2955 924 3014 et
944 2952 1088 3035 gravitas
1111 2951 1166 3013 illo
1190 2957 1291 3035 pacto
1314 2953 1388 3016 mul·

241 3069 310 3127 tum
345 3066 510 3128 extenuari
544 3069 576 3128 et
616 3065 787 3149 integritas
822 3062 901 3127 mihi
935 3061 1060 3124 videtur
1093 3063 1248 3143 perverti.
1302 3064 1388 3139 Quod

242 3175 368 3258 quidem
393 3197 566 3260 coarguere
589 3175 722 3239 studebo
744 3174 924 3257 tripliciter.
970 3171 1111 3235 Primimi
1140 3173 1230 3236 enim
1253 3195 1321 3237 non
1345 3176 1388 3237 in·

241 3285 421 3370 tellegitur,
452 3307 601 3369 quorsum
629 3288 753 3367 spectet
780 3284 857 3348 loci
886 3282 1081 3368 significatio
1107 3282 1163 3348 ἵνα
1194 3285 1389 3367 particulaeq

242 3417 318 3458 nam
345 3396 380 3458 in
410 3418 446 3459 eo
468 3397 558 3460 nulla
586 3397 692 3479 posita
720 3398 768 3459 est
794 3395 842 3458 vis
871 3393 1133 3479 argumentandi,
1164 3394 1252 3476 quod
1281 3395 1389 3458 eodem

242 3506 275 3567 in
299 3507 384 3588 loco,
415 3508 533 3590 inquo
559 3527 680 3589 poenas
703 3506 890 3569 delictorum
914 3503 1036 3567 dederit
1058 3502 1148 3587 regia
1171 3502 1307 3587 domus,
1336 3527 1389 3569 sua

242 3617 363 3679 scelera
380 3616 493 3680 Medea
510 3619 616 3699 speret
631 3616 791 3699 impunita
813 3617 895 3696 fore3
919 3614 1024 3677 ratio
1046 3613 1153 3697 potius
1171 3614 1389 3699 significanda

243 3731 312 3789 erat
327 3726 527 3809 simpliciter,
546 3732 580 3789 ut
592 3727 639 3790 sie
654 3728 836 3811 loqueretur
846 3725 918 3789 Iaso
934 3725 973 3787 de
984 3723 1165 3786 Hermanni
1177 3725 1311 3808 quidem
1323 3749 1389 3790 sen·

241 3836 359 3899 tentia:
383 3844 442 3900 nist
454 3850 559 3917 sperat
581 3844 730 3901 ‘immunis
747 3858 850 3916 poena
865 3857 904 3899 cx
920 3841 967 3899 tis
982 3839 1107 3898 aedibus
1121 3841 1277 3914 ceddae,
1304 3859 1389 3916 quma

242 3958 342 4009 tomen
358 3968 399 4009 ne
416 3947 506 4031 regia
522 3947 649 4030 quidem
664 3947 775 4010 domus
791 3967 891 4010 vacua
907 3945 948 4007 sit
963 3965 1077 4028 poena.
1104 3943 1165 4008 Sed
1183 3944 1272 4011 hanc
1289 3947 1390 4030 ipsam

243 4056 476 4120 contrariorum
492 4057 736 4140 oppositionem,
761 4079 823 4141 qua
839 4055 920 4118 nihil
936 4054 1016 4138 fingi
1038 4057 1146 4137 potest
1161 4055 1388 4139 importunius,

241 4166 310 4247 quis
339 4189 405 4229 non
438 4167 634 4230 demiretur?
684 4167 768 4231 Nam
796 4165 877 4251 quod
908 4165 1006 4228 etiam
1034 4185 1126 4248 reges
1156 4187 1299 4247 poenam
1329 4190 1390 4231 non

242 4276 423 4360 effugerunt
429 4328 438 4360 ,
468 4300 641 4360 quamnam
670 4278 703 4340 id
731 4278 829 4341 habet
857 4277 921 4341 vim
943 4275 983 4338 ad
1007 4275 1200 4339 inanitatem
1226 4278 1390 4341 declaran-

240 4386 312 4449 dam
343 4388 591 4470 exspectationis
620 4389 768 4467 Medeae,
802 4410 869 4451 sese
907 4388 1068 4470 impunem
1098 4385 1168 4449 lore
1202 4388 1392 4470 sperantis?
