3008 5002
276 321 339 387 222
626 339 781 387 1111111
804 337 1064 388 11011101111

276 493 334 555 bus
368 492 475 555 nescio
507 514 568 576 quo
602 514 677 555 casu
713 493 885 575 inscripta,
923 492 977 555 sed
1012 514 1030 554 a
1064 490 1213 575 genuinis
1249 489 1412 573 utriusque

276 603 477 685 grammatici
506 602 633 665 scholiis
661 624 725 665 uno
754 602 914 665 volumine
950 600 1200 684 comprehensis,
1238 604 1274 662 ut
1306 599 1413 662 docuit

275 711 423 774 Lehrsius
446 713 484 774 de
507 712 695 775 Aristarcho
711 733 741 794 p.
759 711 937 794 387-392,
962 711 1089 786 Quaest.
1114 711 1194 793 epic.
1218 732 1250 792 p.
1270 709 1301 790 2,
1326 731 1412 791 pror—

275 843 327 883 1111
355 821 490 884 diversa.
535 820 620 883 Nam
642 805 848 884 Heliodorum
876 841 984 884 verum
1010 842 1126 884 nomen
1154 840 1238 901 esse,
1268 819 1412 902 quamvis

275 933 459 992 constanter
482 929 680 992 Herodorum
699 930 888 993 Eustathius
910 930 1044 1010 scribat,
1068 928 1263 1012 persuadent
1276 927 1411 991 Valcke-

274 1040 382 1102 narius
399 1039 437 1102 de
453 1038 551 1103 schol.
568 1039 663 1103 Hom.
681 1039 797 1122 Opusc.
814 1039 847 1102 Π
861 1062 893 1122 p.
913 1039 970 1103 151
994 1043 1026 1101 et
1041 1037 1234 1101 Ritschelius
1256 1036 1294 1099 de
1311 1036 1409 1099 schol.

275 1148 379 1211 Plaut.
404 1171 435 1231 p.
462 1149 521 1212 143
544 1152 576 1211 et
605 1149 671 1211 ind.
702 1148 800 1211 schol.
828 1149 951 1211 hibern.
976 1146 1138 1211 Bonnens.
1163 1169 1192 1210 a.
1218 1146 1302 1209 1840
1324 1168 1355 1228 p.
1381 1144 1411 1208 X

276 1255 383 1343 [supra
404 1280 435 1340 p.
460 1257 544 1345 1191.
582 1258 621 1321 11
640 1258 690 1321 his
712 1261 818 1320 autem
840 1256 1074 1320 commentariis
1097 1256 1157 1320 etsi
1179 1256 1279 1318 multa
1300 1255 1410 1338 procul

274 1366 369 1429 dubio
385 1367 531 1449 fuenmt,
554 1388 635 1450 quae
651 1368 692 1430 ab
707 1366 835 1449 optimis
852 1366 1033 1429 auctoribus
1048 1365 1150 1448 petita
1166 1369 1275 1447 erant,
1292 1365 1411 1448 quippe

274 1497 351 1559 quos
367 1484 397 1540 r'n
413 1483 516 1540 iisdem
535 1479 745 1551 fundamentis
765 1482 872 1555 quibus
886 1482 1019 1540 codicem
1040 1481 1182 1539 Venetam
1197 1479 1308 1538 Iliadis
1329 1482 1410 1538 inoc-

273 1592 411 1662 dr'ficatos
424 1589 522 1661 scisse
537 1585 620 1649 idem
636 1585 784 1648 Lehrsius
800 1584 1075 1666 demonstraverit,
1093 1581 1166 1666 quid
1184 1583 1316 1664 mirum,
1334 1583 1361 1645 si
1376 1584 1410 1646 in

272 1697 340 1756 tam
355 1696 496 1757 incertae
513 1695 627 1757 aetatis
644 1695 740 1776 libro,
764 1682 857 1778 quem
873 1697 928 1757 aut
943 1696 984 1756 ab
999 1694 1168 1777 ambiguae
1186 1692 1259 1755 fidei
1281 1692 1411 1756 homine

273 1804 430 1887 originem
453 1803 593 1886 duxisse,
619 1807 674 1866 aut
689 1804 884 1867 noviciorum
905 1804 1186 1888 grammaticorum
1201 1824 1316 1865 manus
1339 1825 1411 1886 pas-

273 1935 342 1975 sum
358 1935 425 1976 esse
440 1914 510 1996 ipsa
533 1914 614 1976 falsa
631 1917 795 1976 auctorum
810 1913 976 1995 inscriptio
992 1912 1100 1993 docet,
1123 1911 1208 1974 illius
1224 1911 1411 1974 historiolae

273 2023 377 2085 locum
406 2023 504 2086 luisse
528 2022 731 2106 credimus*).
777 2021 872 2085 Hunc
894 2021 994 2105 igitur
1021 2021 1136 2084 librum
1163 2026 1199 2083 ut
1221 2020 1412 2085 Eustathius

248 2131 314 2194 ·ad
336 2131 509 2195 Homerum
532 2132 807 2214 interpretandrmr
835 2131 995 2213 adhibuit,
1027 2131 1073 2193 ita
1096 2130 1245 2193 Tietzam
1273 2153 1410 2215 quoque,

273 2264 343 2304 curn
372 2242 522 2324 exegesin
549 2241 659 2303 iliadis
681 2241 848 2322 scriberet,
881 2262 1049 2322 usurpasse
1078 2243 1172 2323 atque
1194 2262 1232 2302 ex
1255 2261 1292 2302 eo
1315 2245 1348 2304 et
1372 2241 1411 2304 ad

272 2351 356 2412 hunc
379 2354 411 2412 et
433 2349 472 2411 ad
495 2349 699 2412 Eustathium
720 2349 820 2432 praef.
842 2348 922 2414 Ι].Α
943 2349 1120 2432 11511111
1141 2349 1288 2432 Dionysii
1312 2351 1411 2414 inter-

272 2463 393 2540 pretem
416 2459 511 2521 istam
532 2459 674 2521 fabulam
694 2463 907 2543 propagatam
928 2480 995 2522 esse
1010 2459 1211 2522 arbitramur.
1250 2458 1320 2523 Nec
1336 2482 1411 2523 vero

272 2567 306 2629 in
329 2589 365 2629 eo
393 2566 614 2629 offendendum
641 2571 705 2649 est,
734 2567 816 2650 quod
844 2568 945 2630 solum
967 2567 1130 2631 Heliodori
1158 2589 1275 2631 nomen
1304 2570 1411 2651 posuit

272 2676 398 2738 l'zetza.
444 2676 597 2739 Similiter
624 2677 710 2739 euim
737 2677 925 2740 Eustathius
953 2699 984 2759 p.
1010 2678 1086 2759 162,
1111 2677 1131 2739 9
1154 2680 1240 2760 etp.
1265 2678 1344 2761 786,
1369 2679 1410 2741 22

236 2776 238 2782 ’
273 2785 345 2868 (cfr.
363 2785 485 2848 Lehrsii
501 2784 629 2860 Quaest.
648 2809 696 2869 ep.
714 2810 745 2869 p.
762 2787 796 2871 2)
813 2787 915 2849 solum
931 2786 1105 2868 Apionem,
1123 2808 1153 2868 p.
1172 2785 1244 2868 809,
1261 2787 1282 2850 3
1299 2792 1407 2851 autem

270 2897 347 2959 τοὺς
361 2897 433 2975 περὶ
448 2897 635 2975 Ἡρόδωρον
650 2896 830 2959 nominavit
838 2946 847 2977 ,
873 2917 944 2959 cum
959 2895 998 2957 de
1013 2895 1123 2958 eodem
1145 2895 1227 2957 libro
1243 2897 1408 2979 utriusque

270 3005 399 3067 nomine
427 3005 584 3087 inscripto
612 3006 778 3089 cogitaret.
830 3005 936 3067 Facile
965 3008 1071 3067 autem
1093 3007 1223 3086 propter
1251 3005 1408 3069 celebrem

271 3115 458 3197 antiquioris
474 3114 637 3177 Heliodori
653 3115 836 3177 memoriam
851 3115 936 3178 inter
951 3115 1162 3194 λεξιγράφουε
1184 3113 1408 3198 huncquoque

271 3223 478 3306 interpretem
500 3225 617 3286 referre
644 3226 756 3307 potuit.

354 3332 416 3397 Sed
438 3332 549 3395 horum
577 3334 703 3416 quidem
725 3335 867 3398 omnium
889 3334 1065 3398 sententias
1092 3311 1252 3416 improbat
1274 3317 1408 3400 Taetza:

205 3442 308 3505 134111
331 3446 437 3506 autem
460 3465 540 3525 quae
569 3443 637 3524 ipse
659 3448 771 3506 narrat
793 3445 840 3506 vis
868 3444 1024 3527 quaedam
1052 3444 1174 3507 accedit
1201 3443 1292 3526 inde,
1325 3445 1408 3528 quod

337 3690 361 3754 *1
380 3689 472 3742 Ρ11101
490 3692 565 3754 sunt,
589 3686 639 3743 sed
657 3694 733 3745 certa
754 3688 782 3744 in
803 3688 849 3758 iis,
873 3706 943 3758 qnae
966 3706 999 3744 ex
1020 3688 1157 3745 Ἀπίωνος
1181 3691 1226 3743 καί
1244 3690 1408 3757 Ἡροδώρου

269 3780 482 3847 ὑπομνημάτων
504 3783 574 3836 libro
598 3783 757 3836 Eustathius
781 3786 873 3849 altert,
895 3784 1009 3850 indicia,
1032 3784 1116 3837 fuisse
1138 3783 1166 3835 in
1190 3800 1235 3847 co,
1258 3800 1331 3848 quae
1352 3801 1408 3836 nou

269 3875 399 3941 poterant
411 3891 444 3926 ex
456 3875 616 3940 Aristonici,
634 3875 758 3943 Didymi,
776 3877 934 3941 Nicanoris,
953 3875 1103 3929 Herodiani
1115 3875 1321 3928 commentariis
1339 3876 1407 3943 poti.

269 3964 413 4019 Sufficiunt
430 3967 504 4020 enim
521 3967 591 4021 haec
612 3968 667 4022 trio
684 3986 702 4022 1
719 3968 832 4022 Lehrsio
849 3968 986 4021 indicata:
1022 3968 1147 4020 Eustath.
1171 3967 1200 4019 iu
1218 3967 1249 4019 Il.
1267 3986 1295 4034 p.
1315 3974 1358 4032 47,
1378 3976 1406 4021 ll

269 4076 338 4125 sqq,
357 4061 477 4113 Graecos
495 4060 538 4112 bis
557 4061 669 4114 Troiam
687 4065 825 4130 profectos
843 4079 917 4125 esse,
935 4079 961 4129 p.
984 4067 1043 4126 157,
1064 4067 1079 4114 5
1098 4060 1179 4113 deam
1198 4061 1289 4125 Ἀτην
1307 4077 1325 4113 a
1343 4060 1409 4113 Iove

267 4151 295 4202 in
319 4156 441 4205 montem
465 4153 614 4206 Troianum
637 4154 738 4207 iactam
766 4172 838 4218 csse,
861 4171 888 4221 p.
907 4159 969 4218 474,
992 4160 1024 4207 38
1048 4151 1281 4219 quemadmodum
1304 4151 1410 4205 Nestor

268 4244 355 4295 aciem
377 4245 546 4299 instruxerit.
584 4228 660 4309 Quae
684 4264 744 4299 cum
766 4245 794 4298 in
817 4263 909 4298 rerum
932 4245 1050 4298 materia
1067 4243 1230 4312 exlilioanda
1252 4248 1410 4308 versentur,

268 4334 378 4390 aliunde
391 4340 475 4404 atquc
488 4356 520 4390 cx
539 4338 648 4390 illorum
661 4338 866 4392 commentariis
885 4337 1074 4403 grammaticis
1093 4337 1176 4388 ducta
1188 4353 1249 4389 esse
1267 4336 1408 4392 ridentur.
