2904 4996
235 330 297 392 704
626 343 786 389 scannia
810 342 982 388 carmena.

235 496 335 558 docti:
360 496 441 578 quod
465 496 493 558 ci
517 498 683 577 peceatum
705 516 871 558 commune
895 497 943 556 est
958 515 1030 556 cum
1046 494 1227 577 Clavigero,
1253 495 1381 559 homine

235 605 459 687 Francogallo.
505 603 566 678 Qui
595 627 665 668 eum
693 604 753 667 hoc
784 604 1043 667 comminiscatur
1070 604 1234 668 scribendi
1264 627 1380 690 genus:

236 714 332 779 οὗτος
359 717 421 794 γὰρ
451 717 500 778 καὶ
528 716 546 778 δ
574 718 608 778 ἐς
642 718 700 793 τὴν
730 715 897 792 Ἀργολίδα
925 714 1086 794 ἐςβαλιίιν,
1121 716 1320 778 contrariam
1348 716 1381 778 in

235 827 360 906 partem
384 827 496 906 peccat
519 827 614 906 atque
637 822 831 887 Siebelisius

321 933 393 1016 Ego
416 955 490 996 vero
512 937 640 995 tantum
662 933 833 1016 intellego,
864 939 1009 1015 spectare
1032 933 1113 997 hacc
1134 936 1236 997 rerba
1260 936 1300 998 ad
1328 935 1381 998 illa

236 1065 316 1126 quac
339 1044 491 1126 leguntur
514 1064 583 1125 cap.
608 1042 627 1103 2
651 1047 670 1122 ξ
692 1045 727 1106 5:
757 1044 942 1121 Ἀγηςιλάου
965 1047 1000 1107 δὲ
1022 1048 1096 1108 παῖς
1118 1046 1254 1120 ἐγένετο
1276 1047 1381 1124 Ἀρχέ-

237 1156 325 1217 λαος.
349 1154 399 1217 ἐπὶ
415 1153 533 1216 τούτου
551 1152 791 1230 Λακεδαιμόνιοι
808 1155 939 1238 πολέμῳ
962 1156 1173 1233 κρατήςαντες
1197 1157 1295 1219 πάλιν
1318 1160 1381 1219 τῶν

236 1263 440 1342 περιοικίδων
463 1263 741 1341 ἠνδραποδίςαντο
757 1262 867 1341 Αίγυν,
890 1263 1149 1329 ὑποπτεύεαντες
1174 1266 1219 1328 ὡς
1245 1265 1276 1330 οἱ
1294 1266 1381 1341 Αίγῦ·

236 1394 285 1437 ται
313 1376 471 1453 φρονοῦςι
497 1373 537 1436 τὰ
565 1360 736 1451 Ἀρκάδων.
781 1372 938 1450 Χάριλλος
967 1376 1002 1437 δὲ
1024 1374 1043 1437 ὁ
1066 1378 1122 1451 τῆς
1144 1375 1260 1453 ἑτέρας
1286 1375 1380 1439 οἰκίας

237 1485 378 1563 βαςιλεὺς
401 1484 556 1547 ςυνεξεῑλε
579 1485 636 1561 μὲν
659 1483 708 1545 καὶ
732 1484 893 1566 Ἀρχελάῳ
921 1486 979 1560 τὴν
1003 1482 1114 1559 Αίγυν·
1144 1485 1254 1548 δπόςα
1276 1487 1311 1548 δὲ
1333 1486 1381 1548 καὶ

203 1593 218 1640 5
237 1592 297 1674 ἰδίᾳ
312 1592 571 1670 Λακεδαιμονίων
594 1592 691 1656 αὐτὸς
708 1593 839 1672 ἔδραςεν
855 1593 1045 1673 ἡγούμενος,
1070 1595 1194 1671 μνήμην
1211 1596 1264 1658 καὶ
1279 1599 1378 1659 τῶνδε

236 1703 429 1781 ποιηςόμεθα
456 1703 538 1779 ὁμοῦ
565 1709 613 1786 τῷ
643 1702 730 1787 λόγῳ
758 1703 927 1783 μεταβάντι
955 1703 988 1765 ἐς
1021 1705 1096 1766 τοὺς
1130 1705 1377 1782 Εὐρυπωντίδας

237 1814 467 1889 καλουμένους.
512 1810 672 1875 Debemus
703 1812 788 1875 enim
821 1811 980 1874 reeordari
1014 1812 1048 1874 in
1081 1813 1176 1876 rebus
1208 1813 1377 1877 Laconicis

238 1922 426 1985 enarrandis
449 1943 519 1984 eam
542 1922 669 1984 institui
690 1922 775 1985 riam
798 1945 817 1984 a
839 1921 1018 2003 Pausania,
1041 1925 1077 1984 ut
1099 1943 1245 1985 seorsum
1267 1927 1379 1987 tracte·

237 2034 289 2093 tur
319 2030 629 2113 Eurysthenidarum
662 2031 711 2093 vel
745 2030 924 2114 Agidarum
956 2034 1051 2114 atque
1077 2030 1302 2096 Proclidarum
1333 2033 1377 2096 vel

239 2140 534 2224 Eurypontidarum
549 2140 693 2222 historia,
718 2143 764 2204 ita
780 2144 815 2203 ut
838 2141 879 2203 ab
902 2141 1001 2204 altero
1023 2163 1121 2224 usquc
1145 2142 1186 2204 ad
1210 2145 1377 2226 septimum

238 2254 334 2333 eaput
356 2254 535 2332 exponatur
556 2251 595 2313 de
617 2251 691 2332 illis,
715 2250 754 2313 de
777 2250 825 2313 his
849 2254 955 2313 autem
977 2251 1138 2334 deinceps.
1178 2252 1294 2337 Itaque
1316 2275 1377 2315 ma-

238 2361 390 2423 nifestum
413 2365 461 2424 est
484 2365 650 2444 utrumque
678 2361 796 2423 dictum
828 2361 965 2424 invicem
992 2361 1052 2423 sibi
1075 2362 1189 2424 referri
1213 2364 1376 2446 verbisque

239 2471 335 2535 οὗτος
357 2474 479 2550 γάρ-
501 2474 644 2553 ε’ςβαλών
666 2472 814 2553 promissi
837 2475 932 2534 antea
954 2472 1033 2534 facti
1055 2473 1247 2535 memoriam
1270 2473 1376 2556 repeti.

237 2580 355 2655 Quodsi
378 2581 542 2664 scripserit
570 2581 747 2645 Pausanias
776 2582 821 2645 ita
844 2585 879 2644 ut
901 2580 1067 2666 vulgatum
1089 2584 1155 2663 est,
1186 2583 1377 2647 sententiam

237 2690 297 2755 hoc
319 2695 415 2775 pacto
437 2691 633 2775 suppleverit
655 2713 784 2755 necesse
808 2692 867 2755 sit:
895 2692 1049 2771 Χάριλλος
1071 2694 1131 2770 τὴν
1154 2698 1218 2772 γῆν
1243 2696 1376 2778 ἐδῄωςεν

238 2804 402 2882 Ἀργείοις
426 2802 522 2867 οὗτος
537 2803 599 2881 γάρ
621 2803 670 2866 καὶ
685 2803 718 2867 ἐς
734 2805 791 2880 τὴν
808 2803 974 2881 Ἀργολίδα
990 2803 1119 2882 ἐςέβαλε
1143 2803 1289 2886 (quando
1304 2805 1377 2869 καίει

237 2913 303 2976 iam
324 2912 454 2994 explosa
477 2912 635 2994 scriptura
658 2914 738 2993 est),
768 2913 807 2976 οὐ
834 2913 937 2990 μόνον
964 2913 996 2977 ἐς
1020 2912 1129 2988 Αίγυν.
1176 2913 1277 2978 Cuius
1304 2914 1376 2977 faci·

237 3023 324 3086 noris
348 3021 502 3105 cogitatio
526 3044 597 3085 cum
624 3022 746 3105 aliquot
769 3023 909 3104 capitum
932 3022 1103 3085 intervallo
1125 3023 1169 3085 sit
1191 3023 1375 3101 interclusa,

237 3154 299 3215 quo
325 3131 457 3194 tandem
484 3131 620 3195 artificio
648 3132 770 3194 efficias
797 3135 833 3194 ut
860 3154 917 3194 sua
944 3136 1058 3214 sponte
1085 3137 1195 3195 mente
1220 3133 1375 3216 concipia-

236 3241 313 3304 tur?
349 3241 521 3305 Praeterea
544 3245 580 3304 ut
601 3241 661 3305 hoe
683 3242 752 3304 fieri
775 3263 868 3325 posse
889 3242 1071 3323 concedam,
1096 3265 1292 3326 quamquam
1315 3265 1375 3306 uon

237 3351 392 3416 concedo?
421 3352 571 3435 quoniam
595 3352 784 3435 interposita
806 3353 862 3415 illa
885 3353 1106 3416 enuntiatione
1129 3354 1277 3417 omnium
1300 3353 1377 3418 Cha·

236 3462 309 3525 rilai
340 3463 500 3525 factorum
532 3462 686 3525 memoria
718 3463 808 3546 quasi
841 3463 968 3526 vinculo
1006 3463 1308 3545 comprehenditur,
1341 3486 1378 3526 ne

237 3572 314 3634 satis
330 3556 477 3655 'quidem
507 3572 588 3634 facit
626 3573 767 3655 Argivae
801 3573 1011 3655 expeditionis
1046 3577 1309 3639 commemoratio
1342 3574 1378 3636 ad

238 3682 478 3764 complectenda
501 3704 553 3764 ea,
583 3704 664 3765 quae
693 3705 726 3746 se
749 3683 964 3766 expositurum
987 3682 1166 3746 Pausanias
1189 3707 1291 3768 supra
1312 3706 1379 3769 pro

237 3792 377 3855 miserat.
416 3792 504 3866 Quod
529 3815 599 3855 cum
621 3793 668 3856 ita
690 3793 869 3856 extulisset:
894 3806 1092 3870 quaestorem
1109 3805 1244 3872 praeter
1267 3801 1377 3876 Acopa,

237 3923 257 3964 α
274 3908 419 3966 Cleriloo
440 3923 503 3967 υιια
517 3924 584 3967 eum
600 3909 749 3967 Archelao
769 3908 885 3981 eolleqo
901 3924 1045 3980 eversam,
1068 3915 1158 3982 qesta
1181 3926 1201 3966 α
1225 3914 1293 3971 solo
1308 3912 1379 3971 Cte-

235 4020 316 4077 riloo
337 4026 415 4091 sont,
440 4028 477 4076 eo
498 4024 690 4092 exponentur
712 4016 810 4090 infre,
839 4012 1108 4077 accommodanda
1131 4013 1215 4078 haee
1240 4016 1312 4101 ipsa
1334 4039 1381 4080 ex·

236 4123 351 4205 positio
375 4131 444 4186 erat
466 4122 506 4185 ad
527 4124 635 4206 priora
658 4122 713 4186 illa
735 4123 771 4186 in
793 4123 879 4186 hune
899 4124 1041 4187 modum:
1078 4123 1133 4186 hic
1157 4125 1259 4210 enim,
1284 4128 1383 4192 idest

236 4233 290 4314 qui
318 4235 435 4315 Aegyn
468 4233 681 4317 expugnavit,
716 4237 882 4316 praetcrea
916 4233 1013 4296 etiam
1046 4233 1080 4295 in
1115 4235 1264 4319 Argivos
1298 4252 1384 4317 arque

240 4345 387 4419 Teqeulas
423 4343 548 4424 irrupit.
600 4343 661 4407 Sed
696 4342 837 4406 nondum
870 4343 1031 4426 perfuncti
1064 4365 1175 4407 sumus
1214 4370 1383 4432 argumen-
