3014 5010
409 342 456 388 Dr}
480 342 571 388 Blssr..
596 340 700 388 Anax.
724 342 768 387 ET
791 342 1004 392 Plb‘lS'l‘RA'l'O.
1218 327 1278 389 l39

133 496 310 574 ἀνώνυμον
338 496 503 578 reverit),
528 499 583 557 aut
611 495 717 577 epicos
741 516 813 558 cum
839 494 946 577 lyricis
974 518 994 558 a
1021 494 1183 558 Zenodoto
1211 517 1276 558 nou

134 610 396 685 ιοναθροιεθῆναι
423 605 473 668 vel
494 608 717 684 ευλλεχθήναι,
740 625 800 668 nec
822 609 1041 684 διαταχθῆναι,
1065 605 1119 668 sed
1142 611 1276 684 διορθω-

134 721 228 794 θήναι
250 715 339 779 dicit.
372 715 420 779 Ac
442 720 660 796 διορθοῦιθαι,
683 715 733 777 vel
756 715 853 777 etiam
876 719 1045 797 διορθοῦν,
1070 715 1277 802 etsinorigine

135 848 194 889 sua
222 826 319 889 latius
345 828 452 909 patet,
486 830 595 889 tamen
628 825 662 889 in
695 825 755 889 hoo
787 847 905 909 genere
938 824 1013 907 quid
1043 824 1162 905 valeat,
1198 826 1277 889 satis

137 935 232 1000 hodie
255 936 453 1019 exploratum
475 940 538 999 est:
561 957 621 999 neo
644 935 730 998 enim
752 935 838 998 aliud
860 935 1028 1018 quiequam
1050 934 1113 997 nisi
1134 935 1277 999 criticam

137 1067 268 1128 operam
283 1045 552 1109 emendandorum
566 1046 757 1128 scriptorum
773 1045 1001 1128 exemplarium
1016 1066 1156 1127 unquam
1178 1044 1277 1128 signi-
1298 1056 1328 1103 ιο

68 1193 69 1196 =
137 1156 223 1219 fient.
269 1155 358 1231 Quod
386 1154 513 1240 quidem
539 1155 665 1239 plenius
690 1155 787 1218 etiam
814 1177 908 1238 quam
931 1176 948 1218 e
971 1154 1141 1218 Wolfianis
1170 1154 1276 1217 Prole-

135 1266 282 1351 gomenis
310 1266 359 1329 vel
382 1288 400 1330 e
422 1265 573 1330 Lobeclrii
600 1266 635 1329 in
662 1264 781 1348 Phryn.
806 1288 837 1348 p.
861 1265 925 1330 250
952 1286 999 1348 sq.
1030 1269 1062 1328 et
1089 1264 1215 1328 Sallieri
1242 1264 1276 1327 in

139 1375 252 1440 Thom.
269 1376 357 1460 Mag.
374 1399 405 1460 p.
422 1376 481 1440 241
500 1398 547 1460 sq.
564 1375 834 1456 adnotationibus,
855 1396 892 1438 ex
908 1375 1008 1458 ipsius
1024 1374 1103 1437 artis
1118 1396 1276 1458 gramma-

137 1487 223 1550 ticae
259 1488 365 1550 vetere
401 1487 576 1570 partitione
608 1485 807 1569 intellegitur
844 1484 878 1548 iu
912 1483 1049 1548 Bekkeri
1083 1484 1206 1548 Aneed.
1245 1485 1277 1548 ll

137 1618 170 1680 p.
193 1596 266 1661 659.
290 1596 351 1660 671
380 1599 413 1659 et
439 1595 490 1659 his
518 1596 718 1679 potissimum
746 1618 778 1679 p.
803 1595 865 1659 736
894 1594 1022 1678 positis:
1053 1595 1072 1660 ὁ
1101 1599 1277 1676 διορθωτή(

136 1707 309 1786 λαμβάνων
326 1708 362 1771 τό
379 1707 499 1787 βιβλίον
515 1710 698 1787 διορθοῦται
711 1707 803 1781 αὐτό,
825 1706 881 1771 ἰ’να
902 1708 942 1786 μὴ
965 1706 1175 1784 ἐπταιιμένον
1198 1706 1277 1771 αὐτὸ

136 1817 301 1893 ἀναγνοὺς
315 1816 334 1881 ὁ
350 1818 425 1882 νέοι
442 1815 485 1881 εἰ(
508 1818 607 1895 κακὴν
630 1816 693 1882 ἕξιν
716 1816 848 1899 ἐμπὲιῃε
872 1815 956 1878 unde
978 1837 1035 1879 sua
1055 1815 1162 1879 hausit
1176 1815 1277 1880 Theo-

136 1926 243 1989 dosius
267 1925 316 1989 vel
346 1925 451 2008 potius
473 1925 657 1990 Theodorus
680 1925 874 2010 Goettlingii
901 1948 933 2009 p.
956 1926 1008 1990 32.
1055 1924 1145 1989 Adde
1174 1925 1275 1990 Bekk.

136 2059 168 2119 p.
193 2036 271 2100 689:
301 2038 380 2100 κατὰ
401 2037 463 2115 γὰρ
485 2039 603 2101 τοῦτον
626 2036 685 2102 τὸν
709 2037 809 2112 λόγον
831 2038 881 2102 καὶ
903 2037 922 2102 ὁ
945 2037 1051 2116 εὑρὼν
1073 2037 1277 2116 ἐτφαλμένον

136 2146 259 2226 βιβλίον
276 2146 334 2210 οὐκ
352 2146 475 2227 ὀφείλει
496 2150 594 2211 τοῦτο
617 2151 818 2227 διορθοῦιθαι
841 2148 891 2211 καὶ
913 2148 994 2213 ξὲειν
1016 2147 1056 2212 τὰ
1077 2152 1179 2211 κακῶ(
1201 2169 1277 2226 γρα-

136 2258 255 2337 φέντα,
279 2257 348 2321 ἀλλ’
370 2257 428 2322 ἐᾶν
451 2256 650 2335 ἀδιόρθωτον
666 2277 693 2319 e.
718 2278 748 2339 q.
773 2280 799 2320 s.
837 2246 927 2331 Quod
944 2278 1014 2320 cum
1037 2257 1084 2320 ita
1105 2257 1162 2339 sit,
1187 2261 1277 2340 puta-

136 2366 282 2429 bimusne
298 2367 523 2446 διωρθώεαντο
543 2364 622 2429 illud
638 2365 735 2429 etiam
750 2389 769 2429 a
784 2366 934 2430 Plautino
954 2367 1126 2431 scholiasta
1148 2367 1276 2449 lectum,

136 2475 193 2539 sed
207 2498 273 2539 non
295 2476 495 2540 intellectum
510 2497 594 2558 esse,
620 2480 652 2540 et
673 2476 756 2560 quod
778 2476 817 2540 de
834 2477 984 2540 correctis
1000 2478 1096 2540 trium
1118 2499 1276 2560 gramma-

136 2586 273 2649 ticorum
295 2585 399 2649 studio
428 2591 593 2669 poetarum
622 2586 712 2649 libris
734 2607 868 2671 graecus
891 2591 1001 2652 auctor
1029 2591 1207 2670 narrasset,
1237 2587 1277 2650 ad

137 2696 271 2760 collecta
294 2695 328 2759 in
350 2718 448 2759 unum
471 2700 504 2759 et
526 2697 560 2759 in
576 2697 719 2787 ordinem
735 2697 865 2761 redacta
888 2697 1100 2762 bibliothecae
1116 2698 1277 2762 volumina

136 2829 205 2869 esse
228 2806 444 2870 translatum?
487 2805 562 2870 Non
584 2806 759 2870 diffitemur
781 2806 813 2870 id
836 2807 882 2870 ite
905 2808 1045 2890 potuisse
1068 2808 1146 2871 fieri.
1191 2807 1277 2871 Nam

136 2915 235 2979 etiam
257 2915 457 2980 doctissimus
484 2937 542 3000 pro
568 2916 631 2980 ista
653 2920 760 2981 aetate
788 2917 881 2980 homo
903 2917 1003 2981 Lilius
1025 2917 1183 2999 Gyraldus
1207 2939 1278 2981 cum

137 3025 307 3089 Poetarum
329 3025 403 3090 hist.
420 3026 469 3090 Ill
492 3049 523 3109 p.
547 3026 610 3091 362
633 3026 679 3090 sie
701 3022 827 3092 scribit:
854 3032 966 3091 Scribit
984 3030 1164 3106 Theophilus
1187 3047 1277 3105 qrae-

135 3159 190 3200 σαι
218 3142 437 3213 ρναιιιιιιαιιδιιε
465 3137 510 3222 (ῗ)
541 3141 727 3201 Zenodotion
754 3142 882 3202 Homeri
912 3159 1014 3202 versio
1046 3143 1083 3200 ιίι
1112 3142 1278 3201 ordinem

136 3253 333 3324 redepisse
354 3268 381 3310 e.
406 3268 436 3330 q.
460 3270 498 3329 s.,
522 3267 588 3309 non
610 3246 735 3310 videtur
757 3247 844 3310 aliud
865 3269 960 3330 quam
982 3248 1187 3327 διωρθώιατο
1210 3268 1277 3309 ver-

136 3356 213 3419 bum
235 3356 417 3420 reddidisse.
463 3358 661 3439 Quamquam
689 3356 764 3425 huic
786 3357 912 3440 quidem
939 3356 1141 3420 similitudini
1165 3377 1277 3420 caverr-

86 3482 88 3485 ’
136 3466 212 3529 dum
229 3468 277 3528 est
297 3488 338 3530 ne
360 3466 493 3530 nimime
514 3467 648 3531 tribuas
692 3466 838 3530 Indidem
853 3467 939 3530 enim
961 3467 1119 3550 proficisci
1139 3466 1168 3529 ei
1190 3465 1276 3547 licet,

136 3575 193 3659 qui
215 3575 432 3640 demonstrare
448 3577 644 3640 contrarium
667 3576 884 3661 aggrediatur.
930 3576 1014 3640 Nam
1036 3576 1075 3639 de
1097 3575 1277 3640 Homericis
1393 3643 1398 3660 ,

137 3684 332 3749 carminibus
355 3687 466 3751 eadem
489 3687 646 3768 referens,
671 3710 751 3770 quae
773 3691 931 3752 (υνθεῑναι
945 3687 1042 3750 verbo
1065 3708 1138 3749 usus
1160 3685 1277 3750 Taetza

136 3794 241 3879 Exeg.
265 3817 295 3878 p.
319 3797 372 3878 46,
396 3797 442 3861 sic
464 3797 548 3860 idem
576 3795 631 3859 ille
659 3796 816 3878 Gyraldus
846 3796 984 3880 loquitur
1005 3796 1038 3859 ΙΙ
1060 3819 1091 3879 p.
1116 3797 1195 3860 213:
1225 3804 1279 3875 qui

206 4084 232 4146 *l
256 4082 376 4153 [Scripta
405 4083 474 4137 hacc
503 4086 595 4149 erant,
625 4101 686 4136 cum
710 4099 727 4135 a
750 4081 898 4151 Spengelio
921 4083 977 4135 vidi
1006 4082 1033 4136 in
1051 4083 1166 4150 Eplrem.
1190 4083 1275 4136 litter.

133 4175 245 4229 Monac.
260 4194 284 4229 a.
299 4181 411 4230 1840n1.
425 4174 473 4227 lul.
488 4193 514 4243 p.
529 4181 561 4229 27
574 4177 736 4230 ἐποποιικά(
753 4176 871 4245 proponi
884 4193 935 4245 pro
954 4178 1100 4244 ποιητικά(
1113 4194 1136 4228 ν.
1150 4180 1191 4228 45.
1217 4176 1276 4240 Quo

133 4285 194 4322 non
213 4285 282 4335 opus
300 4270 355 4332 est,
379 4267 515 4334 siquidem
532 4268 623 4337 ipsum
641 4269 708 4321 illud
727 4273 871 4337 ποιητικός
888 4287 939 4338 pro
958 4271 1052 4324 ἐπικδι
1071 4269 1173 4322 Taetza
1191 4270 1275 4323 etiam

132 4361 204 4415 alibi
217 4361 317 4429 possut.
336 4362 394 4426 (Ex
406 4365 541 4416 eludendis
551 4383 579 4430 ρ.
588 4368 643 4429 55.)
660 4394 692 4402 —
709 4362 787 4416 Adde
800 4363 976 4417 Welckerum
989 4362 1064 4431 Cycli
1076 4381 1119 4431 ep.
1133 4363 1157 4416 ll
1170 4380 1196 4431 p.
1206 4362 1276 4426 454]
