2904 4996
137 335 169 380 G.
196 333 380 381 acaunum
403 334 450 380 DE
472 333 594 381 uranu
620 333 766 382 scnnnls
790 333 880 381 carr.
905 334 1086 382 EPISTVLA.
1133 321 1191 384 761

48 489 118 552 lare
141 488 219 552 illud
242 487 324 571 quod
347 487 406 550 sub
428 509 562 551 numero
583 486 683 573 252*)
706 487 900 571 ‹leseriptum
923 488 1048 564 videtis.
1072 489 1193 575 Inque

50 621 123 663 cum
145 601 274 682 praeter
296 597 376 662 alias
398 619 455 662 eae
477 598 604 662 litterae
626 597 849 664 blandirentur
871 621 949 684 quas
965 598 1004 664 ad
1020 598 1194 666 Ferdiuan·

48 837 168 889 parvum
186 822 216 874 et
233 818 342 888 pridem
360 819 532 874 intellectum
550 821 642 873 estet
660 818 818 873 dictitatum
836 837 920 889 saepe
939 837 1067 887 numero,
1089 839 1123 876 ex
1140 823 1194 877 hae

49 929 161 980 quoque
179 913 346 983 paupertate
365 914 461 967 nostm
479 913 508 966 et
526 911 647 966 dolenda
664 930 731 966 sane
750 911 875 967 exilitate
894 931 949 969 non
968 912 1037 967 nihil
1055 915 1193 968 commodi

48 1005 78 1060 in
97 1004 190 1059 studia
206 1006 364 1060 litterarum
382 1005 600 1060 redundaturum
614 1005 795 1075 suspicamur,
813 1005 974 1074 laborisque
986 1008 1106 1061 fructum
1125 1008 1193 1062 satis
1296 1026 1298 1030 ’

49 1097 204 1168 optabilem
222 1098 380 1168 percepisse
398 1098 478 1153 nobis
497 1096 666 1164 videbimur,
685 1098 708 1150 si
726 1100 798 1152 l'orte
816 1115 831 1152 e
849 1098 999 1168 philologis
1018 1117 1136 1168 graecam
1155 1101 1193 1154 la·

49 1191 182 1259 anaeque
210 1191 372 1258 antiquitati
400 1191 581 1261 operantibus
604 1209 688 1245 unum
712 1195 742 1246 et
770 1191 837 1246 item
859 1193 978 1247 alterum
1002 1193 1192 1261 ignoratorum

50 1287 136 1339 antea
159 1283 345 1340 subsidiorum
367 1283 469 1340 indicio
492 1286 588 1340 nostro
612 1284 734 1352 quadam
761 1286 842 1339 tenus
868 1284 1098 1340 demeruerimus:
1128 1305 1193 1341 nam

51 1376 215 1448 primariam
239 1395 307 1433 sane
330 1395 412 1448 opem
435 1381 580 1448 praestare
603 1395 637 1433 ea
660 1376 784 1433 subsidia
807 1381 905 1448 suapte
928 1382 1029 1434 natura
1054 1381 1112 1434 sere
1138 1397 1193 1435 non

50 1473 196 1541 poterunt,
220 1488 337 1539 quorum
359 1472 442 1540 louge
466 1471 588 1527 maxima
608 1489 674 1541 pars
697 1489 752 1526 non
772 1489 786 1527 e
805 1472 993 1542 superioribus
1016 1472 1133 1527 saeculis
1158 1473 1194 1527 ad

50 1582 101 1620 nos
120 1567 281 1634 propagata
299 1566 356 1632 est,
380 1565 429 1620 sed
447 1565 618 1620 noviciorum
635 1564 812 1635 potissimum
830 1565 972 1620 hominum
991 1565 1080 1620 doctis
1098 1567 1194 1621 advor-

51 1657 146 1723 sariis,
175 1657 373 1724 conlectaneis,
397 1658 583 1728 apographis,
603 1658 840 1726 enarrationibus,
863 1658 1092 1714 adnotationibus
1110 1661 1194 1728 atque

50 1751 79 1805 id
96 1768 185 1820 genus
204 1750 368 1807 commentis
382 1751 464 1805 variis
482 1750 661 1818 miscellaque
675 1751 846 1821 supellectile
864 1754 982 1807 constat.
1007 1753 1088 1806 Haud
1100 1753 1194 1822 paullo
1300 1763 1304 1775 ·

51 1846 126 1914 plus,
149 1843 204 1898 nisi
226 1845 361 1911 fallimur,
385 1844 487 1914 pluteis
510 1844 614 1899 nostris
638 1844 781 1899 debebunt
800 1843 847 1911 qui
865 1847 915 1898 aut
932 1844 1070 1914 linguas
1089 1845 1195 1900 orien-

51 1939 141 1994 tales
164 1939 289 1993 traetant
312 1942 362 1993 aut
383 1939 411 1992 iu
434 1939 538 1993 medii
561 1938 636 1993 aevi
659 1936 794 1993 litteris
817 1940 851 1992 et
873 1938 974 1992 rebus
993 1938 1104 2006 gestis
1122 1957 1196 1993 scrir-

52 2031 147 2088 tandis
166 2034 325 2087 versantur:
355 2032 383 2085 in
403 2031 502 2099 quibus
520 2032 647 2102 partibus
666 2033 746 2086 tante
765 2031 828 2100 plus
846 2031 984 2097 valemus,
1008 2034 1113 2099 quanto
1130 2031 1195 2086 verli-

51 2127 143 2181 diorcs
168 2142 229 2180 esse
252 2125 279 2178 in
302 2125 364 2189 illa,
387 2142 458 2192 quae
483 2126 518 2180 ad
542 2125 634 2179 studia
656 2124 792 2194 imprimis
816 2124 891 2193 apud
913 2141 963 2178 nos
982 2125 1118 2180 ferventia
1135 2142 1195 2195 per-

50 2218 135 2284 tinet,
160 2220 265 2272 frustra
288 2217 420 2287 cupimus.
457 2218 581 2285 Reliquis
604 2218 690 2286 igitur
713 2216 859 2272 desideriis
882 2218 1038 2271 curabimus
1057 2220 1088 2272 ut
1106 2219 1196 2273 altera

51 2311 192 2379 tertiaque
209 2311 347 2380 particula
365 2310 445 2364 huius
465 2311 594 2378 Cat-alogi
613 2328 662 2365 suo
680 2313 808 2380 temporo
827 2310 895 2365 satis
915 2312 975 2365 fiat:
993 2310 1104 2365 interim
1124 2312 1196 2366 hanc

52 2423 136 2472 quam
154 2422 227 2458 nunc
245 2406 319 2458 toras
338 2404 464 2457 dedimus
483 2404 564 2471 aequi
583 2403 704 2471 bonique
723 2404 829 2458 consuli
846 2404 980 2458 volumus.
1012 2406 1043 2458 lu
1060 2422 1116 2472 qua
1134 2424 1196 2460 cunr

52 2498 148 2553 dedita
167 2515 267 2567 opera,
291 2496 363 2552 unde
387 2499 518 2567 acceptos
540 2497 665 2566 singulos
689 2496 798 2551 codices
820 2496 992 2552 bibliotheca
1009 2500 1106 2553 nostra
1123 2517 1196 2553 nunc

51 2591 210 2662 possideat,
233 2590 489 2661 perscripserimus,
513 2592 572 2644 tum
590 2591 625 2645 de
644 2591 751 2645 duobus
774 2590 898 2645 fontibus
917 2591 1090 2646 uberioribus
1110 2593 1197 2646 semel

52 2693 137 2753 atque
155 2684 312 2754 generatim
330 2684 375 2738 hic
396 2683 601 2753 praemonitum
622 2686 691 2738 estu).
728 2684 871 2750 Quotquot
893 2683 966 2737 eninr
984 2683 1195 2739 Heinrichianos

52 2779 138 2834 libros
157 2781 334 2832 enumeratos
351 2777 437 2842 rides,
457 2776 599 2831 sciendum
618 2780 661 2831 est
677 2775 788 2831 liberali
805 2776 939 2831 beneficio
957 2777 1091 2831 heredum
1104 2778 1196 2831 Caroli

52 2871 188 2926 Friderici
205 2870 394 2925 Heinrichii
419 2869 527 2924 deberi:
559 2872 696 2936 quotquot
713 2869 886 2936 Naelrianos,
910 2886 943 2923 er
965 2870 1085 2937 Augusti
1102 2871 1196 2925 Fordi-

51 2965 138 3019 nandi
156 2964 279 3019 Naekii
296 2962 468 3017 bibliotheca
485 2962 596 3031 pubhco
619 2980 684 3017 aere
707 2965 816 3031 emptos
839 2980 907 3017 csse.
945 2962 1092 3017 Paueiores
1116 2980 1196 3030 quos-

53 3059 131 3123 dam,
152 3057 199 3124 qui
217 3057 283 3112 olim
301 3056 432 3111 Guilelmi
448 3055 560 3110 Ernesti
578 3055 692 3110 Weberi
710 3057 835 3121 suerrmt,
854 3055 935 3109 huius
948 3054 1024 3108 tilius
1042 3074 1130 3124 nuper
1149 3057 1195 3110 do-

52 3151 132 3206 navit
155 3150 322 3206 clarissimus
345 3148 466 3203 truncia
489 3150 543 3203 hac
570 3149 751 3202 universitate
780 3147 937 3217 chirurgiae
959 3150 1101 3217 professor
1128 3150 1194 3202 eno

53 3245 227 3299 Weberus.
264 3243 380 3297 Praeter
405 3243 517 3312 integra
540 3245 634 3296 autem
656 3259 727 3309 quae
749 3241 822 3295 infra
839 3240 1036 3310 descripsimus
1055 3241 1195 3296 volumina

52 3357 108 3392 non
128 3340 172 3391 est
194 3336 304 3392 silentio
326 3335 559 3405 praetereundum
580 3335 715 3405 plurimas
737 3335 766 3388 in
789 3334 895 3388 scriniis
914 3334 1017 3388 nostris
1035 3335 1194 3389 membra·

51 3449 112 3485 uas
133 3430 330 3498 singulares
352 3446 485 3497 magnam
508 3431 619 3498 partem
641 3427 710 3483 satis
728 3430 852 3482 vetustas
876 3428 981 3480 servari
1003 3428 1039 3482 ad
1061 3427 1194 3496 plurimos

51 3526 154 3593 poetas
172 3522 377 3591 scriptoresque
400 3522 501 3575 latinos
524 3521 706 3590 pertinentes.
743 3523 816 3586 Quas
840 3519 952 3587 quidem
974 3521 1002 3574 in
1025 3521 1194 3590 praesentia,

50 3635 86 3672 ne
109 3618 179 3670 fines
202 3615 386 3670 modestiores
408 3615 626 3684 programmatis
654 3614 804 3670 academici
832 3614 1041 3680 excederemus,
1069 3615 1194 3668 consrdto

50 3708 269 3779 praetermissas
288 3709 445 3763 curabimus
463 3712 493 3762 ut
511 3707 673 3777 appendicis
691 3708 751 3762 loco
769 3707 899 3776 proxima
911 3706 1039 3776 Catalogi
1057 3707 1195 3777 particula

49 3801 219 3872 singillatim
236 3805 440 3872 persequatur.‘
453 3833 486 3841 —
505 3802 634 3856 Ceterum
651 3803 806 3857 memoratu
824 3819 880 3855 non
891 3801 1037 3869 indignum
1055 3804 1194 3870 putamus,

51 3898 134 3952 huius
158 3895 310 3964 ‘Catalogi’
331 3896 479 3950 fasciculos
501 3895 549 3948 Ill.
574 3895 619 3949 IV.
638 3895 670 3949 V.
691 3894 743 3962 Vl,
764 3904 776 3947 1
805 3897 834 3949 ct
856 3894 892 3948 ad
914 3894 1022 3949 litteras
1045 3894 1195 3949 orientales

51 3991 230 4062 spectantem
248 3989 298 4043 VII
315 3988 452 4059 prodiisse
475 4007 525 4058 per
548 3989 661 4044 easdem
685 3988 910 4058 opportunitates
933 3986 1107 4042 academicus
1125 3988 1194 4041 Bon·

51 4101 155 4140 nenses
173 4082 255 4136 annis
275 4088 347 4137 1860.
371 4087 442 4136 1862.
466 4086 538 4136 1863.
564 4088 628 4135 1865
646 4084 675 4136 et
695 4087 772 4135 1864:
803 4080 879 4148 quod
897 4097 966 4150 opus
984 4097 1049 4132 num
1068 4079 1105 4133 sit
1123 4080 1194 4133 ‘finis

51 4178 259 4241 coronaturus’,
277 4176 480 4244 incompertum
498 4175 600 4243 nobis]

120 4274 146 4336 *)
171 4269 240 4339 [Sub
262 4270 315 4323 hoc
335 4285 450 4324 numere
473 4268 579 4338 scripta
600 4268 669 4323 haec
690 4268 777 4322 habes
798 4286 824 4337 p.
846 4273 894 4320 61:
931 4272 992 4321 ‘25¹2
1015 4271 1055 4334 (ll
1076 4284 1101 4334 v,
1120 4271 1144 4336 e)
1167 4271 1196 4320 4⁰

52 4366 141 4424 codex
160 4366 322 4421 chartaceus
341 4362 442 4420 saeculi
461 4362 572 4429 XVllIl,
592 4361 718 4418 loliorum
731 4368 764 4417 70
777 4379 893 4429 quorum
905 4362 1045 4431 permulta
1058 4360 1195 4431 scriptura
