3008 5002
235 317 294 380 186
636 333 683 378 nn
706 331 965 380 smeuounrrut

233 488 343 562 ἐννέα,
367 486 457 551 {voc
481 485 632 565 βιβλίου
655 486 787 563 χώραν
810 485 1030 563 ἐπεχούεη(
1051 489 1107 563 τῆ(
1128 486 1297 550 Πολιτεία(
1319 489 1369 551 καί

233 597 322 660 ἑνὸ(
350 600 416 659 τῶν
446 595 573 674 Νόμων.
624 593 693 668 Qua
721 594 847 677 quidem
876 594 1022 657 cautione
1051 615 1116 657 non
1143 617 1221 677 opus
1250 595 1367 678 fuerat,

233 705 294 767 nisi
318 704 458 787 vulgaris
480 726 555 767 usus
578 705 697 785 βιβλίον
721 704 859 767 nominis
882 704 1123 788 repugnaret*).
1168 704 1279 788 ltaque
1301 729 1368 770 non

231 814 389 877 immerito
411 814 496 877 hunc
518 837 610 877 usum
631 814 780 896 loquendi
802 813 980 878 videbimur
1002 814 1037 877 in
1061 814 1270 878 bibliothecas
1292 817 1366 880 Ale-

231 924 405 986 xandrinas
427 924 639 988 transtulisse.
685 924 803 1007 Aliqua
826 945 864 987 ex
886 928 978 1006 parte
1000 925 1062 987 huc
1084 925 1248 1007 pertinent
1269 926 1367 989 etiam

230 1033 355 1118 Digest.
380 1034 395 1097 I
417 1035 467 1097 tit.
484 1033 504 1097 2
520 1034 559 1097 fr.
577 1034 597 1097 2
616 1035 692 1115 §43
714 1034 794 1098 haec
816 1034 928 1097 verba:
951 1041 1040 1116 huius
1062 1033 1192 1119 (Servii)
1215 1041 1367 1100 volumina

229 1150 387 1224 complura
402 1155 539 1218 aestuum
554 1151 677 1224 reliquit
692 1156 791 1225 autem
800 1166 901 1224 prope
914 1157 1032 1209 eentum
1047 1156 1077 1209 et
1091 1153 1247 1223 ceroptata
1261 1152 1365 1210 libros.

231 1253 343 1317 Altera
365 1255 451 1317 enim
473 1277 511 1317 ex
539 1258 630 1338 parte
657 1255 718 1318 hoc
740 1255 919 1337 exemplum
942 1255 986 1318 eis
1009 1255 1223 1337 adiciendum,
1253 1255 1366 1338 quibus

229 1364 392 1428 docuimus
415 1387 446 1447 p.
472 1364 532 1428 135
555 1365 729 1448 posteriore
752 1368 874 1446 aetate,
899 1387 970 1428 cum
992 1387 1183 1449 papyrorrun
1205 1365 1240 1427 in
1261 1365 1367 1429 locum

230 1475 353 1538 codices
376 1475 659 1555 substituerentur,
685 1478 798 1557 coepta
813 1495 881 1538 esse
903 1477 998 1554 τεύχη
1021 1478 1053 1539 ct
1076 1475 1176 1556 βιβλία
1197 1475 1364 1559 distingui.

230 1585 321 1648 Adde
337 1584 379 1648 Vl
393 1585 525 1667 pianum
539 1584 615 1669 Dig.
633 1583 758 1647 XXXII
773 1586 823 1648 tit.
841 1608 895 1648 un.
918 1586 958 1648 fr.
975 1585 1052 1665 52§
1071 1587 1104 1648 1:
1134 1589 1172 1648 Si
1183 1592 1236 1649 eur’
1247 1596 1366 1649 eentum

228 1701 302 1759 libri
321 1703 381 1759 siat
401 1700 509 1773 lepati,
534 1706 651 1759 eentum
674 1701 825 1759 volumina
846 1703 876 1759 ei
896 1701 1047 1771 dabimus,
1070 1715 1128 1759 aaa
1150 1706 1266 1759 eentum
1288 1716 1368 1774 quae

137 1839 146 1846 ·
229 1812 294 1884 quis
317 1812 438 1882 inperio
459 1826 513 1869 suo
534 1813 653 1869 metitus
675 1816 793 1869 est...
828 1811 866 1868 Vt
882 1791 962 1885 puta
983 1827 1049 1870 cum
1064 1811 1189 1869 haberet
1203 1810 1365 1869 Horaerum

228 1927 319 1980 totum
342 1923 373 1978 m
395 1936 455 1979 uno
470 1922 632 1996 uolumine,
655 1936 715 1979 aon
736 1921 943 1995 quadrapr'ata
959 1927 1023 1981 octo
1043 1922 1136 1980 libros
1149 1911 1365 1995 computamus,

228 2032 283 2090 sed
297 2047 386 2090 unum
402 2031 527 2090 Homeri
540 2032 675 2090 columen
686 2047 748 2105 pro
763 2031 841 2090 libro
856 2033 1065 2105 accipiendum
1081 2037 1132 2090 est.
1145 2062 1185 2071 —
1199 2024 1365 2088 Postremo

229 2136 311 2220 quod
327 2135 424 2199 etiam
446 2135 589 2220 singulas
611 2140 719 2218 partes
739 2137 886 2220 integrae
902 2136 1086 2219 scriptionis
1102 2134 1234 2198 alicuius
1249 2136 1364 2219 (Burt-

228 2249 454 2326 abtlteitunpeal
470 2268 536 2310 non
550 2268 723 2330 numquam
747 2245 831 2308 binis
853 2246 1066 2310 voluminibus
1089 2244 1276 2308 distributas
1297 2266 1365 2307 esse

229 2381 259 2440 p.
289 2359 340 2420 31.
373 2357 430 2420 127
461 2356 762 2437 demonstravimus,
799 2357 866 2419 eius
898 2358 945 2419 rei
977 2356 1133 2440 imprimis
1165 2335 1374 2418 memorabili·

228 2468 417 2531 documento
445 2470 520 2529 sunt
546 2467 630 2549 apud
658 2466 798 2529 Plinium
821 2465 924 2549 Epist.
953 2466 1013 2547 HJ,
1042 2466 1062 2529 5
1090 2465 1238 2528 avunculi
1266 2464 1365 2528 Plinii

228 2584 364 2642 Studiosi
383 2577 455 2639 libri
478 2589 553 2652 tres,
578 2584 609 2640 iu
628 2598 683 2640 sex
698 2584 849 2641 uolumina
867 2588 998 2655 propter
1017 2581 1243 2654 amptitudinem
1265 2580 1364 2639 diuisi.

228 2688 429 2770 Omninoque
445 2690 565 2770 quanto
580 2687 684 2750 studio
699 2687 833 2749 nimium
848 2687 1000 2749 librorum
1016 2685 1171 2748 ambitum
1185 2685 1365 2767 antiquiore

228 2798 354 2881 quidem
386 2800 491 2861 aetate
527 2798 686 2880 fugerint,
725 2800 775 2859 sat
808 2797 959 2880 gravibus
993 2795 1190 2879 argumentis
1225 2797 1362 2857 constat.

228 2907 396 2972 Suetonius
418 2908 457 2971 de
479 2907 593 2969 illustr.
618 2928 754 2990 gramm.
778 2906 814 2969 2:
845 2913 876 2970 C.
903 2910 1042 2970 Octauius
1064 2909 1234 2984 Lampadio
1256 2909 1368 2968 Naevii

229 3024 374 3082 Petraeum
396 3023 519 3099 tellum,
544 3004 631 3095 'quod
651 3039 711 3080 uno
733 3024 881 3080 rotundae
902 3029 931 3079 et
952 3023 1118 3080 continenti
1136 3020 1291 3092 scriptura
1313 3036 1365 3078 ea·

223 3135 354 3206 positum
375 3134 475 3191 diuisit
495 3135 526 3191 ia
548 3139 658 3207 septem
680 3133 783 3191 libros.
826 3125 969 3208 Scriptor
984 3125 1145 3188 Rhetorie.
1163 3122 1203 3186 a'd
1218 3123 1364 3187 Herenn.

227 3236 252 3319 l,
273 3238 321 3318 17,
338 3237 394 3300 2't:
418 3242 506 3301 Nune
528 3244 669 3316 quoniam
684 3243 757 3300 satis
778 3242 868 3300 huius
890 3243 1045 3299 colummis
1066 3240 1243 3312 mupnitudo
1257 3241 1363 3310 creua,

226 3353 406 3411 commodius
420 3359 463 3410 est
485 3354 516 3411 ia
533 3354 627 3410 altero
649 3352 727 3410 libro
750 3352 908 3410 desereris
929 3348 1017 3410 rebus
1039 3351 1181 3424 deinceps
1195 3364 1366 3422 exponere:

227 3478 265 3520 ae
297 3478 356 3535 qua
385 3470 514 3537 propter
545 3463 764 3522 multitudinem
795 3463 964 3520 litterarum
993 3463 1090 3536 possit
1120 3461 1250 3519 amimam
1280 3466 1363 3518 taum

228 3570 408 3645 defatipatr'o
435 3573 608 3630 retardare.
654 3566 702 3631 Of.
727 3566 942 3630 Schwarzium
964 3568 1002 3630 de
1025 3587 1091 3629 orn.
1114 3565 1186 3628 libr.
1208 3588 1239 3648 p.
1257 3565 1298 3629 65
1314 3588 1362 3648 sq.

313 3762 341 3823 l.
371 3760 453 3825 Satis
482 3761 520 3824 de
548 3762 598 3823 his
626 3761 761 3824 dictum:
790 3762 1011 3846 progredimur
1038 3761 1077 3823 ad
1106 3759 1365 3824 Heliodorum

228 3871 273 3933 rei
295 3871 446 3933 metricae
468 3877 640 3935 auctorem.
688 3872 734 3935 De
757 3894 818 3954 quo
834 3894 853 3933 a
870 3872 961 3934 nobis
983 3871 1146 3953 disputata
1165 3891 1196 3951 p.
1217 3864 1276 3933 138
1291 3892 1362 3953 sqq.

295 4075 319 4139 *l
339 4072 413 4136 Quos
431 4090 481 4126 nos
504 4074 586 4128 hodie
609 4076 688 4127 unius
707 4081 793 4143 operte
812 4074 838 4139 (i.
859 4091 882 4126 a.
903 4073 1030 4141 integrae
1052 4069 1219 4140 scriptionis)
1239 4071 1365 4140 singulos

229 4170 305 4219 tidros
329 4166 514 4233 appellamus,
537 4169 678 4235 complura
700 4175 822 4222 uolumina
845 4172 915 4219 unius
933 4173 1050 4234 corporis
1072 4163 1141 4217 dixit
1159 4162 1306 4217 Suetonius
1330 4166 1365 4219 de

227 4257 324 4309 illustr.
349 4274 465 4324 gramm.
490 4265 517 4310 fi:
547 4267 733 4329 composuitque
760 4267 846 4314 ramae
869 4265 1019 4313 eruditionis
1044 4265 1141 4326 atiqrtot
1162 4263 1297 4319 uolunrina,
1329 4279 1365 4312 ecc

228 4353 314 4418 quictis
333 4368 418 4403 nauem
435 4358 507 4402 tintus
524 4359 650 4419 eorporis.
684 4354 741 4408 Nec
759 4371 823 4408 raro
843 4353 881 4407 sic
899 4373 992 4422 eorpus
1010 4352 1114 4405 dictum
1132 4352 1160 4405 et
1177 4370 1300 4419 corpora.
