2904 4996
456 344 579 392 ιιιιιινιο
603 343 823 393 ουοοιιιντιο.
1154 325 1217 391 679

153 497 185 561 2.
230 499 422 565 Αίθαλόεν
451 498 489 564 τὸ
518 498 666 565 ἐπίθετον
694 499 746 563 καὶ
773 498 825 563 ἐπὶ
856 499 1030 578 μελάθρου·
1064 493 1147 582 αὐτή
1182 495 1213 562 θ’

68 607 290 684 αἰθαλόεντος
311 604 398 693 ὑπὲρ
419 607 581 693 μεγάροιο
603 608 796 692 μελάθρων.
841 611 892 673 καὶ
914 610 966 673 ἐπὶ
989 612 1097 687 ετοᾶε,
1126 611 1215 689 παρὰ

66 720 106 784 τὸ
135 720 268 800 αἰθάλην
296 722 382 800 ἔχειν
411 720 476 785 ἀπὸ
504 724 564 784 τοῦ
593 720 764 799 καιομένου
793 720 910 798 πυρόε·
940 719 971 783 οί
997 720 1059 799 γὰρ
1086 722 1216 785 παλαιοί

68 830 130 894 οὐκ
152 830 298 910 ἐχρῶντο
314 832 412 915 ἐλαίῳ
435 832 486 895 καὶ
508 830 633 914 λύχνῳ,
657 829 740 895 ἀλλὰ
761 831 875 897 ξύλοιε.
910 832 960 895 καὶ
975 830 1131 909 Ὅμηροε·
1153 829 1213 913 νή-

27 951 54 988 ¹⁰
68 955 158 1022 ησαν
180 939 265 1018 ξύλα
287 942 405 1022 πολλοὶ,
430 938 521 1022 φόως
543 937 574 1002 τ’
598 942 677 1022 ἔμεν
697 936 757 1023 ἠύέ
778 939 953 1024 θέρεσθαι.
984 943 1034 1006 διὸ
1057 943 1107 1006 καὶ
1129 962 1215 1020 εεεη-

67 1051 199 1128 μείωται
220 1054 317 1131 τὸέν
340 1059 379 1137 τῇ
402 1052 563 1136 Ὀδυεεείᾳ
590 1047 736 1133 χρύσεον
758 1049 884 1133 λύχνον
905 1052 1040 1133 ἔχουσα.

153 1161 184 1225 3.
228 1162 349 1228 Αίνοε
376 1165 428 1228 καὶ
456 1163 608 1242 παροιμία
635 1163 791 1243 διαφέρει.
821 1162 840 1226 ὁ
868 1164 925 1241 μέν
952 1163 1014 1241 γὰρ
1038 1161 1130 1230 αίνόε
1152 1164 1216 1228 ἐετι

67 1272 166 1347 λόγοε
195 1274 275 1338 κατὰ
310 1273 487 1341 ἀνόπλαειν
518 1274 648 1352 μυθικὴν
676 1272 742 1339 ἀπὸ
770 1272 902 1349 ἀλόγων
929 1274 1025 1340 ζώων
1052 1274 1071 1353 ἢ
1099 1277 1213 1354 φυτῶν

5 1382 10 1388 ’
67 1383 152 1461 πρὸ(
174 1381 367 1463 ἀνθρώπους
390 1385 564 1464 είρημένοε.
589 1383 662 1450 οἷον
685 1383 752 1449 ἀπὸ
774 1386 831 1463 μέν
854 1384 986 1462 ἀλόγων
1008 1384 1120 1462 ζώων,
1153 1384 1214 1449 ιίίε-

64 1623 104 1675 τὸ
121 1623 175 1690 ἀγη
194 1623 209 1676 δ
229 1624 356 1691 εημαίνει
373 1625 428 1689 τὴν
446 1625 592 1690 ἔκπληξιν·
619 1624 674 1690 ἄγη
694 1624 726 1688 μ’
744 1624 813 1688 ἔχει·
831 1622 937 1688 ἀγηροε
956 1624 1000 1675 καί
1019 1622 1148 1689 ἀγαυροε.
1167 1625 1214 1676 ού-

64 1733 126 1770 πωε
144 1717 304 1782 ήρωδιανόε
322 1718 354 1770 ἐν
372 1723 414 1785 τῷ
435 1719 499 1784 περλ
518 1720 629 1784 παθῶν,
648 1719 728 1784 δηλοῖ
746 1718 777 1770 δὲ
795 1717 905 1770 καὶτὸν
922 1716 1111 1783 ὑπερήφανον
1128 1719 1213 1784 ἥεεαν

64 1810 200 1876 ἀγαύρου.
218 1840 251 1848 —-
275 1809 369 1864 Habet
386 1809 574 1879 Etymologici
597 1810 685 1865 codex
703 1808 871 1865 Sorbonicus
889 1825 907 1863 ο
925 1807 1082 1864 Gaisfordio
1101 1808 1213 1863 demum

64 1905 301 1957 commemoratus
320 1902 414 1956 adnot.
435 1902 471 1957 ad
489 1921 515 1972 p.
536 1906 564 1969 θ,
583 1910 628 1969 31;
652 1903 805 1972 particulas
827 1903 938 1956 tantum
956 1901 1021 1957 Orio
1039 1920 1066 1972 p.
1088 1908 1132 1969 14,
1152 1909 1165 1955 1
1184 1905 1214 1958 εί

63 1996 111 2049 Et.
125 1995 282 2049 Gudianum
300 2015 327 2067 p.
342 2003 366 2063 3,
379 2003 420 2050 29.
435 2004 475 2056 36,
495 2028 528 2036 -
547 1999 630 2052 ὄεεαν
648 1999 773 2064 ἀγαύρου
791 1994 954 2050 Hesiodium
972 1997 1015 2049 est
1033 1995 1139 2066 Theog.
1153 2001 1211 2050 832.

63 2092 221 2143 Accentum
238 2090 313 2143 vocis
336 2091 444 2146 servavi

137 2225 276 2281 Αἰθαλόεν
293 2230 328 2281 τό
348 2229 487 2282 ἐπίθετον.
512 2232 557 2283 καί
575 2229 771 2295 ἐπιμελάθρου.
795 2228 868 2294 αὺτή
887 2228 917 2281 δ’
934 2226 1118 2282 αἰθαλόεντος
1139 2229 1212 2296 ὑπέρ

63 2365 201 2432 μεγάροιο
221 2365 379 2461 μελάθρων.
398 2368 443 2419 καί
456 2298 565 2420 ἐπιεάτῑο·
584 2367 648 2432 περὶ
667 2363 786 2431 αίθάλην
799 2364 857 2418 ἀπὸ
870 2368 922 2417 τοθ
940 2365 1090 2429 καιομένου
1109 2366 1210 2431 πυρός’

61 2483 92 2536 οί
112 2484 164 2548 γάρ
183 2486 300 2537 παλαιοί
318 2461 516 2554 οβ’(κέχρηντο
534 2485 622 2538 ἐλαίω
640 2486 686 2538 καί
705 2485 801 2549 λύχνω
820 2485 865 2537 καί
884 2483 1006 2538 ἀξύλοιε·
1031 2486 1077 2537 καί
1095 2484 1211 2551 ὅμηροε,

61 2577 172 2642 νόηεαν
191 2577 236 2643 (ἴε.
255 2579 361 2645 νὴηεαν
378 2581 461 2646 mrg.)
485 2580 554 2633 ξυλά
577 2579 682 2633 πολλά·
707 2579 788 2643 φόωε
812 2579 844 2632 τέ
868 2578 919 2643 μέν
943 2577 987 2644 (st.
1006 2579 1091 2644 θέμεν
1114 2579 1210 2646 mrg.)·

60 2688 80 2751 ή
104 2688 135 2740 δέ
154 2688 291 2754 θέρεεθαι·
310 2691 368 2750 διὸ(
387 2674 418 2766 ῧί
436 2694 472 2756 τῆ
491 2690 522 2743 ἐν
540 2694 576 2756 τῆ
595 2671 665 2756 &bs
686 2705 803 2754 χρυεεον
821 2689 926 2755 λύχνον
945 2690 1053 2754 ἐχουεα.
1068 2710 1102 2736 =
1118 2687 1211 2757 Etym.

60 2796 137 2850 Gud.
160 2814 189 2866 p.
210 2802 250 2864 15,
268 2804 300 2852 55
323 2801 352 2853 οί
369 2799 461 2868 Είρια.
481 2800 517 2854 M.
537 2817 562 2853 v.
582 2801 683 2864 Λιγνύε
705 2817 732 2868 p.
752 2803 815 2865 ⁶65,
833 2803 865 2853 35
968 2805 984 2852 6
1008 2799 1091 2868 αὐτὴ]
1111 2798 1209 2867 Οιίγοο.

59 2909 77 2957 χ
99 2895 150 2944 239
245 2897 260 2945 8
279 2892 398 2961 αίθάλην
422 2894 507 2961 ἔχειν]
527 2892 647 2961 αίθάλην
665 2895 701 2959 μὴ
722 2894 795 2959 ἔχειν
813 2892 857 2945 Et.
875 2892 912 2945 M.
932 2892 1034 2961 αἰθάλη
1053 2891 1124 2945 Gud.

58 2989 76 3036 9
97 2985 217 3052 νὴηεαν]
238 2984 288 3038 θἰί.
309 3003 325 3038 τ
343 2990 376 3039 64
446 2993 478 3040 10
495 2988 564 3041 Διὸ(
582 2991 655 3054 εῆμα
674 2987 764 3053 ἐντῷ
783 2987 886 3040 Ὀδυεε.
905 2984 975 3039 Gud.
994 2985 1046 3038 Est
1063 3002 1080 3037 τ
1098 2990 1131 3039 34

132 3119 224 3185 Αἴνοε.
257 3125 301 3175 καί
325 3123 459 3189 παροιμία
481 3123 618 3189 διαφέρει·
646 3123 662 3175 ὁ
687 3123 738 3187 μέν
764 3124 817 3189 γάρ
846 3122 926 3175 αἶνο(
949 3122 1007 3176 ἐετί
1030 3122 1114 3186 λόγοε
1138 3123 1210 3175 κατὰ

58 3215 236 3267 ἀναπόλυειν
255 3219 374 3283 μυθικὴν
393 3217 451 3271 ἀπὸ
470 3217 584 3282 ἀλόγων
602 3217 687 3271 Ζώων
705 3217 838 3282 ἢφυτῶν
857 3217 928 3282 πρὸ(
947 3215 1116 3281 ἀνθρώπου(
1136 3215 1208 3282 εἰρη-

59 3309 157 3373 μένοε.
192 3308 254 3362 οῖον
277 3309 335 3363 ἀπό
361 3311 411 3375 μέν
434 3304 549 3375 ἀλόγων
572 3310 669 3374 Ζιύων,
694 3310 789 3376 ὥεπερ
812 3309 970 3376 ἀρχίλοχοε·
993 3308 1074 3362 αίνόε
1096 3325 1138 3362 τι(
1162 3308 1208 3361 ἀν-

59 3402 191 3467 θρώπων
215 3403 253 3454 ιθ(
276 3404 325 3470 ἄρ’
346 3404 473 3470 ἀλώπηξ.
501 3403 621 3468 ἢάετὸε
645 3404 784 3457 ξυνωνίαν
808 3404 915 3456 ἔθεντο.
937 3403 983 3455 καί
1007 3401 1128 3466 ἡείοδοε·
1156 3407 1208 3455 νθν

59 3496 92 3548 δ’
111 3495 194 3548 αίνον
213 3497 353 3561 βαειλεθε’
376 3498 447 3563 ἐρέω
470 3498 580 3551 νοέουει
600 3500 644 3550 καί
663 3498 770 3551 αὐτοῖς·
795 3496 850 3549 ὧδ’
872 3496 934 3564 ἴρηξ
957 3497 1136 3562 προεέειπεν·
1160 3496 1208 3563 ἀη·

59 3589 132 3642 δάνα
147 3591 358 3657 ποικιλόδειρον.
377 3591 434 3644 ἀπὸ
447 3592 477 3644 δὲ
490 3595 592 3657 φυτῶν
612 3593 650 3643 ὼε
669 3595 711 3644 τω
731 3591 808 3658 (περὶ
825 3591 908 3657 mrg.)
928 3590 1103 3655 καλλιμάχω·
1122 3590 1207 3644 ἀκουε

58 3684 92 3736 δέ
112 3683 164 3734 τὸν
187 3684 269 3736 αἶνον
288 3684 418 3748 ἐγκονται
437 3685 573 3753 (εἷκονται
592 3664 805 3752 ιιικμλῖμώλω
828 3684 940 3750 δάφνην
965 3683 1062 3750 ἐλαίην
1085 3683 1161 3737 είκάε
1181 3684 1206 3737 οἱ

59 3777 150 3828 πάλαι
173 3778 251 3829 λυδοί
274 3756 498 3841 &Mitem
522 3782 567 3832 καί
590 3780 625 3832 τὰ
644 3780 718 3845 ἑξῆε·
743 3780 799 3832 ἐετι
818 3779 834 3831 ὁ
852 3777 931 3830 αἶνοε
951 3778 1136 3844 ἐξηπλωμένη
1156 3795 1206 3829 πα-

56 3869 155 3936 ροιμία
174 3872 219 3922 καί
239 3872 309 3933 μετά
327 3864 480 3939 διηγήεεωε
498 3873 685 3940 ἀπαρτίζουεα
702 3873 737 3924 τὸ
754 3871 920 3936 νοούμενον,
940 3872 1010 3937 πρὸ(
1030 3871 1207 3937 παραμυθίαν

55 3965 107 4028 τέ,
132 3965 177 4015 καί
201 3963 343 4029 ὠφέλειαν
366 3969 427 4017 τῶν
452 3966 626 4033 ἀνθρώπων·
650 3965 784 4032 παροιμία
806 3965 837 4018 δέ
858 3966 913 4030 τὴν
932 3965 989 4018 ἀπὸ
1008 3968 1058 4017 τοῠ
1079 3965 1205 4029 κεφάλου

56 4057 109 4111 ἐπί
127 4057 162 4108 τό
181 4063 276 4123 χεῖρον
294 4058 442 4126 ἀναφορὰν
466 4061 522 4127 ἔχει
546 4060 695 4116 ἐνδέουεαν
717 4064 769 4113 τοθ
788 4058 882 4138 αἴνου·
902 4060 947 4111 καί
965 4061 1020 4125 τὴν
1039 4061 1144 4113 ἔξωθεν
1163 4059 1205 4113 ἐν-

53 4193 218 4259 δεχομένην
245 4196 405 4260 μετάβαειν·
433 4196 495 4250 οἷον
524 4198 590 4261 μένε
614 4199 679 4261 βοθε
703 4197 774 4250 ποτέ
798 4144 887 4263 BQ
909 4211 1005 4248 recens
1029 4193 1135 4263 addito)
1160 4199 1205 4249 καί

53 4286 150 4341 κιεεόε
174 4287 241 4351 μετ’
263 4288 437 4356 ἀνθεετήρια.
459 4312 494 4336 =
516 4289 607 4357 Etym.
632 4288 703 4343 Gud.
721 4306 748 4358 p.
770 4295 814 4356 19,
839 4295 870 4344 19
893 4306 955 4342 eum
972 4288 1120 4361 Ammonio
1142 4306 1170 4357 p.
1189 4295 1205 4340 θ

52 4379 217 4448 ceterisque
241 4380 424 4451 scriptoribus
446 4399 464 4437 ο
484 4383 606 4452 Bergkio
629 4382 791 4453 compositis
817 4383 895 4440 Ροοί,
922 4384 973 4451 lyr.
997 4400 1025 4452 p.
1049 4388 1099 4438 δύο
1121 4381 1163 4436 ed.
1189 4390 1204 4436 2
