2880 4994
377 352 523 402 scurrus
547 352 695 400 carnicis
720 352 900 403 umsrvna
1153 336 1215 399 los

69 507 172 572 video
218 506 301 582 Quid
334 507 421 570 enim
454 507 560 569 rufam
591 507 725 570 barbam
758 507 792 570 in
829 511 937 570 statua
975 506 1213 570 commemorari

71 615 258 681 attinebat?
279 616 382 681 Immo
409 616 622 701 intelligenda
649 620 698 681 est
720 638 873 701 persona,
903 638 998 700 quam
1020 616 1132 679 Pollux
1155 616 1249 680 1V.v

72 727 132 790 142
156 728 299 807 (άτυρον
322 727 470 803 ἀγένειον
493 730 641 791 vocatam
663 726 759 810 dicit,
789 728 825 791 in
851 748 946 810 quam
969 726 1113 809 apprime
1136 726 1214 790 illud

68 860 88 900 a
118 837 252 901 iuvenili
280 837 412 901 lascivia
439 836 570 901 ductum
597 858 716 902 nomen
744 838 866 918 criproc
894 837 1040 920 quadrat.
1084 837 1214 916 Πυῤῥό(

68 947 157 1010 enim
172 947 300 1029 dicitur,
325 948 376 1011 cui
398 948 502 1030 prima
518 947 639 1032 lanugo
662 948 786 1012 crescit.
811 947 893 1012 Vide
906 945 1157 1010 Valckenarirurr
1173 946 1213 1009 ad

68 1057 204 1121 Theocr.
234 1057 340 1121 Adon.
376 1081 407 1141 p.
437 1058 511 1122 409.
560 1057 608 1121 De
641 1058 771 1142 reliquis
799 1057 1041 1142 epigrammatis
1072 1057 1214 1120 versibus

68 1167 154 1231 idem
176 1168 255 1231 mihi
278 1166 312 1231 in
333 1168 398 1231 tuis
422 1168 612 1232 coniecturis
635 1168 769 1250 accidit,
798 1167 881 1251 quod
904 1167 964 1231 tibi
987 1166 1021 1230 in
1043 1167 1139 1231 meis:
1166 1167 1213 1231 ni·

70 1277 117 1340 liil
139 1281 244 1360 muto,
268 1277 339 1361 sed,
364 1283 400 1342 ut
422 1278 575 1360 arbitror,
606 1278 673 1341 iure
696 1276 829 1342 meliori.
874 1276 959 1340 Nam
988 1280 1021 1341 et
1048 1278 1213 1362 aliquanto

68 1387 237 1471 pauciora,
262 1392 296 1452 et
318 1388 456 1470 leniora,
486 1391 518 1451 et
545 1388 579 1451 in
603 1388 717 1471 quibus
737 1387 822 1451 nihil
844 1387 1003 1471 offendas,
1027 1409 1046 1450 a
1069 1410 1119 1451 me
1142 1410 1213 1471 pro·

69 1498 175 1580 posita
197 1501 283 1561 sunt.
320 1497 394 1581 Ipse
416 1497 536 1562 videas
567 1500 706 1575 Ἤγαγεν
729 1498 772 1563 εἰ(
794 1499 917 1577 μνήμην
940 1519 1039 1581 quare
1061 1502 1212 1581 mutetur,

69 1608 160 1671 nulla
182 1629 295 1671 caussa
323 1611 381 1690 est,
417 1611 449 1671 et
477 1608 545 1692 ipse
572 1611 647 1672 tuae
677 1609 878 1672 coniecturae
910 1608 1055 1672 diffidere
1084 1608 1210 1672 videris

68 1717 158 1781 ldem
180 1718 333 1782 fateberis
356 1718 394 1782 de
417 1719 576 1802 particula
598 1720 643 1784 τέ.
688 1717 770 1781 Tum
797 1718 881 1802 quod
910 1721 946 1781 tu
968 1719 1107 1801 reponiS,
1140 1720 1212 1785 εὔα-

68 1833 125 1893 δεν
148 1829 267 1909 ἡρώων
289 1806 399 1894 τύποξ
414 1829 475 1908 οὐχ
498 1830 556 1908 ἑνί,
578 1830 628 1893 vel
643 1831 814 1914 propterea
830 1828 1023 1892 dubitationi
1039 1829 1212 1893 obnoxium

68 1941 133 2021 est,
163 1939 238 2021 quia
264 1959 317 2018 μοι
347 1942 511 2002 extrusum
538 1912 612 2022 est3⁸
630 1939 733 2023 magis
761 1943 867 2001 autem
896 1942 1027 2023 propter
1060 1941 1120 2019 οὐχ
1153 1941 1210 2007 ἑνί.

68 2047 155 2111 Nam
183 2051 220 2112 ut
248 2049 308 2112 hoc
336 2052 455 2132 totum,
484 2049 601 2132 populo
628 2049 786 2132 placuisse
815 2048 954 2112 Sosithei
981 2049 1124 2133 fabulas,
1160 2051 1212 2114 hic

68 2161 145 2241 apte
169 2162 447 2241 commemoretur,
471 2159 555 2242 quod
570 2158 717 2243 equidem
731 2179 831 2242 nego,
856 2158 942 2243 quis,
962 2148 1113 2242 obsecro,
1128 2161 1211 2244 quod

68 2268 258 2351 simpliciter
279 2269 467 2353 infinitaque
489 2270 583 2335 εὔαδε
606 2269 773 2333 dicendum
801 2272 886 2349 erat,
916 2269 999 2332 male
1026 2273 1133 2333 autem
1161 2272 1212 2334 vel

68 2377 179 2441 addito
208 2382 281 2444 πᾶα
309 2378 483 2463 diceretur,
519 2379 551 2442 id
584 2379 681 2443 etiam
714 2380 773 2458 οὐχ
807 2380 853 2445 ἑνὶ
882 2379 977 2443 εὔαδε
1005 2379 1107 2463 dicat,
1151 2404 1212 2465 quo

67 2509 120 2550 me
150 2487 256 2552 iudice
283 2488 364 2552 nihil
399 2489 504 2572 potuit
533 2490 683 2574 frigidius
715 2489 863 2552 inveniri.
916 2490 1036 2553 contra
1069 2490 1144 2573 quid
1177 2491 1211 2554 in

68 2597 130 2660 hoc
162 2598 431 2683 reprehendatur,
467 2601 561 2666 εὔαδέ
599 2620 654 2680 μοι
685 2601 810 2680 briocum
843 2599 944 2664 uiuo(
971 2601 1007 2666 ἐν
1035 2603 1118 2681 χερί,
1146 2623 1212 2664 non

68 2706 172 2771 video.

154 2817 190 2882 P.
215 2820 245 2883 l.
269 2819 357 2895 Quae
380 2820 419 2883 de
441 2820 652 2903 Alexandria,
675 2820 816 2904 Ephesio
839 2825 871 2885 et
893 2821 1019 2904 Aetolo,
1043 2820 1134 2905 dicis,
1152 2822 1209 2903 sic,

68 2932 106 2990 ut
134 2928 230 3012 dicis,
260 2930 492 3014 quodammodo
525 2931 610 2995 inter
637 2953 670 2994 se
697 2935 857 3016 pugnant.
901 2931 989 3006 Quae
1022 2931 1062 2995 de
1095 2932 1211 2995 Aetolo

67 3040 179 3122 affers,
203 3040 271 3103 veri
293 3041 396 3104 simile
417 3041 557 3123 faciunt,
582 3062 640 3124 pro
662 3040 803 3124 Ephesio
826 3063 897 3104 eum
920 3041 1120 3105 nominatum
1143 3063 1210 3105 esse

66 3149 103 3212 in
127 3148 182 3243 iis,
207 3150 262 3234 qui
285 3151 319 3213 in
341 3152 479 3215 Aratum
502 3151 709 3236 scripserunt.

153 3259 191 3322 P.
219 3262 267 3326 ll.
306 3260 408 3325 Valde
430 3261 545 3345 probo,
569 3283 651 3345 (luae
674 3261 846 3345 diligenter
861 3265 1073 3346 accurateque
1094 3263 1134 3326 de
1158 3286 1209 3328 vo·

66 3369 183 3432 cabulo
204 3371 320 3450 κότμοτ
348 3372 460 3435 scribis
467 3423 476 3454 ,
505 3372 559 3436 sed
588 3359 789 3436 Parmenidis
822 3373 926 3436 locum
962 3373 1113 3437 audacius
1141 3377 1210 3439 ten-

64 3479 162 3561 tasti,
191 3501 293 3564 neque
320 3482 428 3545 omisit
456 3482 694 3566 Fullebornius,
729 3482 812 3566 quod
844 3504 915 3546 eum
948 3483 1027 3547 dicis
1055 3478 1208 3550 omisisse.

65 3588 151 3665 Quid
174 3593 282 3654 autem
304 3591 376 3675 illa,
400 3593 481 3673 ἀτὰρ
503 3594 630 3661 κάκεῖνο
653 3596 725 3658 κατ’
747 3593 851 3658 adro?
887 3592 968 3657 Puto
995 3596 1028 3658 te
1049 3595 1145 3680 haec,
1175 3600 1211 3659 ut

64 3722 130 3784 par
152 3704 236 3783 erat,
261 3723 332 3765 cunr
355 3704 560 3787 sequentibus
589 3703 745 3787 iunxisse,
775 3703 858 3787 quod
885 3708 995 3768 tumen
1024 3705 1129 3769 dicere
1157 3707 1209 3769 de·

64 3811 184 3875 hebes:
207 3811 301 3876 aliter
323 3813 409 3877 enim
431 3814 580 3898 mirarer,
604 3814 687 3898 quod
709 3835 775 3878 non
797 3814 977 3898 scripsisses
1000 3817 1092 3881 ἀντία
1113 3820 1147 3883 δ’
1169 3817 1209 3882 αὖ

61 3924 184 3989 νυκτὸ(
205 3925 340 3990 πυκινὸν
362 3927 472 4004 δέμαεε
500 3925 555 3989 aed
583 3947 679 4008 quum
702 3925 768 3988 sint
795 3925 974 4009 iungenda,
1002 3927 1103 3991 multo
1130 3927 1208 3990 faci-

60 4033 129 4096 lior
151 4032 332 4097 emendatio
355 4035 388 4097 in
411 4039 561 4119 promptu
583 4039 667 4098 crat:

578 4257 661 4339 ἀτὰρ
681 4256 810 4324 κάκεῖνο
832 4261 905 4326 κατ’
926 4251 1007 4326 αὐτό

221 4366 313 4434 ἀντία
335 4369 433 4436 νύκτα
455 4373 517 4435 διαὶ
539 4373 674 4437 πυκινὸν
697 4373 792 4451 δέμας
815 4372 956 4453 ἐμβριθές
979 4394 1021 4438 τε.
