<?xml version="1.0" encoding="UTF-8"?>
<!DOCTYPE html PUBLIC "-//W3C//DTD XHTML 1.0 Transitional//EN"
    "http://www.w3.org/TR/xhtml1/DTD/xhtml1-transitional.dtd">
<html xmlns="http://www.w3.org/1999/xhtml" xml:lang="en" lang="en">
 <head>
  <title>
</title>
<meta http-equiv="Content-Type" content="text/html;charset=utf-8" />
  <meta name='ocr-system' content='tesseract 3.04.00' />
  <meta name='ocr-capabilities' content='ocr_page ocr_carea ocr_par ocr_line ocrx_word'/>
</head>
<body>
  <div class='ocr_page' id='page_1' title='image "./fridericiritsch04wachgoog_0583.png"; bbox 0 0 2896 4996; ppageno 0'>
   <div class='ocr_carea' id='block_1_1' title="bbox 224 326 1074 392">
    <p class='ocr_par' dir='ltr' id='par_1_1' title="bbox 224 326 1074 392">
     <span class='ocr_line' id='line_1_1' title="bbox 224 326 1074 392; baseline -0.001 -2"><span class='ocrx_word' id='word_1_1' title='bbox 224 326 286 390; x_wconf 84' lang='lat'>568</span> <span class='ocrx_word' id='word_1_2' title='bbox 511 341 770 392; x_wconf 81' lang='lat' dir='ltr'>uuouonourvu</span> <span class='ocrx_word' id='word_1_3' title='bbox 792 342 1074 392; x_wconf 81' lang='lat' dir='ltr'>vruuonouuusu.</span> 
     </span>
    </p>
   </div>
   <div class='ocr_carea' id='block_1_2' title="bbox 118 492 1370 1131">
    <p class='ocr_par' dir='ltr' id='par_1_2' title="bbox 118 492 1370 1131">
     <span class='ocr_line' id='line_1_2' title="bbox 224 492 1368 581; baseline 0.004 -23"><span class='ocrx_word' id='word_1_4' title='bbox 224 494 295 579; x_wconf 89' lang='lat' dir='ltr'>cipe</span> <span class='ocrx_word' id='word_1_5' title='bbox 322 495 376 576; x_wconf 78' lang='grc' dir='ltr'>ἐφ’</span> <span class='ocrx_word' id='word_1_6' title='bbox 404 493 453 560; x_wconf 83' lang='lat' dir='ltr'>ol&lt;</span> <span class='ocrx_word' id='word_1_7' title='bbox 481 492 540 560; x_wconf 86' lang='grc' dir='ltr'>οὐκ</span> <span class='ocrx_word' id='word_1_8' title='bbox 566 494 639 575; x_wconf 87' lang='grc' dir='ltr'>ἔχει.</span> <span class='ocrx_word' id='word_1_9' title='bbox 682 493 757 558; x_wconf 90' lang='lat' dir='ltr'>Nou</span> <span class='ocrx_word' id='word_1_10' title='bbox 784 498 891 558; x_wconf 87' lang='lat' dir='ltr'>autem</span> <span class='ocrx_word' id='word_1_11' title='bbox 917 494 950 558; x_wconf 89' lang='lat' dir='ltr'>id</span> <span class='ocrx_word' id='word_1_12' title='bbox 972 495 1114 581; x_wconf 80' lang='lat' dir='ltr'>agimus,</span> <span class='ocrx_word' id='word_1_13' title='bbox 1142 501 1181 561; x_wconf 91' lang='lat' dir='ltr'>ut</span> <span class='ocrx_word' id='word_1_14' title='bbox 1206 520 1299 563; x_wconf 90' lang='lat' dir='ltr'>suum</span> <span class='ocrx_word' id='word_1_15' title='bbox 1322 500 1368 563; x_wconf 92' lang='lat' dir='ltr'>illi</span> 
     </span>
     <span class='ocr_line' id='line_1_3' title="bbox 224 604 713 689; baseline -0.002 -20"><span class='ocrx_word' id='word_1_16' title='bbox 224 604 354 670; x_wconf 78' lang='lat' dir='ltr'>dialecti</span> <span class='ocrx_word' id='word_1_17' title='bbox 375 624 477 689; x_wconf 88' lang='lat' dir='ltr'>genus</span> <span class='ocrx_word' id='word_1_18' title='bbox 499 604 713 669; x_wconf 74' lang='lat' dir='ltr'><strong>restituamus.</strong></span> 
     </span>
     <span class='ocr_line' id='line_1_4' title="bbox 311 715 1368 804; baseline 0.006 -27"><span class='ocrx_word' id='word_1_19' title='bbox 311 715 350 779; x_wconf 88' lang='lat'>18</span> <span class='ocrx_word' id='word_1_20' title='bbox 378 715 559 796; x_wconf 76' lang='grc' dir='ltr'>φρονίμου(</span> <span class='ocrx_word' id='word_1_21' title='bbox 587 715 606 779; x_wconf 87' lang='grc' dir='ltr'>ὁ</span> <span class='ocrx_word' id='word_1_22' title='bbox 636 715 761 797; x_wconf 85' lang='grc' dir='ltr'>φθόνοτ</span> <span class='ocrx_word' id='word_1_23' title='bbox 788 715 996 801; x_wconf 84' lang='grc' dir='ltr'>ἀπαλλάττει]</span> <span class='ocrx_word' id='word_1_24' title='bbox 1017 716 1109 782; x_wconf 89' lang='lat' dir='ltr'>Haec</span> <span class='ocrx_word' id='word_1_25' title='bbox 1130 718 1282 804; x_wconf 76' lang='lat' dir='ltr'>intellegi</span> <span class='ocrx_word' id='word_1_26' title='bbox 1315 742 1368 783; x_wconf 88' lang='lat' dir='ltr'>ne·</span> 
     </span>
     <span class='ocr_line' id='line_1_5' title="bbox 118 807 1370 910; baseline 0.007 -23"><span class='ocrx_word' id='word_1_27' title='bbox 118 899 122 907; x_wconf 26' lang='lat'><strong>¹</strong></span> <span class='ocrx_word' id='word_1_28' title='bbox 224 828 353 910; x_wconf 88' lang='lat' dir='ltr'>queunt.</span> <span class='ocrx_word' id='word_1_29' title='bbox 399 824 500 890; x_wconf 84' lang='lat' dir='ltr'>Recte</span> <span class='ocrx_word' id='word_1_30' title='bbox 522 825 606 909; x_wconf 91' lang='lat' dir='ltr'>apud</span> <span class='ocrx_word' id='word_1_31' title='bbox 629 811 790 889; x_wconf 74' lang='lat' dir='ltr'>Waliium</span> <span class='ocrx_word' id='word_1_32' title='bbox 812 849 844 909; x_wconf 91' lang='lat' dir='ltr'><strong>p.</strong></span> <span class='ocrx_word' id='word_1_33' title='bbox 860 825 924 891; x_wconf 82' lang='lat'>499</span> <span class='ocrx_word' id='word_1_34' title='bbox 946 827 1126 908; x_wconf 71' lang='grc' dir='ltr'>φρονίμου(</span> <span class='ocrx_word' id='word_1_35' title='bbox 1148 807 1293 906; x_wconf 83' lang='grc' dir='ltr'>ὁλόγοε</span> <span class='ocrx_word' id='word_1_36' title='bbox 1315 834 1370 909; x_wconf 73' lang='lat' dir='ltr'>uic</span> 
     </span>
     <span class='ocr_line' id='line_1_6' title="bbox 224 935 549 1016; baseline 0 -16"><span class='ocrx_word' id='word_1_37' title='bbox 224 935 326 1016; x_wconf 77' lang='grc' dir='ltr'>λύπη(</span> <span class='ocrx_word' id='word_1_38' title='bbox 348 935 549 1002; x_wconf 83' lang='grc' dir='ltr'>ἀπαλλάττει.</span> 
     </span>
     <span class='ocr_line' id='line_1_7' title="bbox 312 1045 1288 1131; baseline 0.008 -22"><span class='ocrx_word' id='word_1_39' title='bbox 312 1045 351 1109; x_wconf 88' lang='grc'>19</span> <span class='ocrx_word' id='word_1_40' title='bbox 372 1046 529 1126; x_wconf 80' lang='grc' dir='ltr'>ἀνδρῶν</span> <span class='ocrx_word' id='word_1_41' title='bbox 551 1045 585 1110; x_wconf 81' lang='grc' dir='ltr'>δ’</span> <span class='ocrx_word' id='word_1_42' title='bbox 608 1045 783 1113; x_wconf 84' lang='grc' dir='ltr'>ἀπίττιυν</span> <span class='ocrx_word' id='word_1_43' title='bbox 806 1047 927 1125; x_wconf 84' lang='grc' dir='ltr'>ὅρκον</span> <span class='ocrx_word' id='word_1_44' title='bbox 950 1048 1007 1112; x_wconf 84' lang='grc' dir='ltr'>είε</span> <span class='ocrx_word' id='word_1_45' title='bbox 1029 1048 1133 1129; x_wconf 83' lang='grc' dir='ltr'>ὕδωρ</span> <span class='ocrx_word' id='word_1_46' title='bbox 1154 1051 1288 1131; x_wconf 85' lang='grc' dir='ltr'>γράφε</span> 
     </span>
    </p>
   </div>
   <div class='ocr_carea' id='block_1_3' title="bbox 224 1154 1374 1682">
    <p class='ocr_par' dir='ltr' id='par_1_3' title="bbox 224 1154 1372 1462">
     <span class='ocr_line' id='line_1_8' title="bbox 225 1154 1370 1245; baseline 0.003 -25"><span class='ocrx_word' id='word_1_47' title='bbox 225 1177 298 1220; x_wconf 88' lang='lat' dir='ltr'>vere</span> <span class='ocrx_word' id='word_1_48' title='bbox 330 1154 492 1239; x_wconf 88' lang='lat' dir='ltr'>Hauptius</span> <span class='ocrx_word' id='word_1_49' title='bbox 525 1155 694 1239; x_wconf 83' lang='lat' dir='ltr'>supplevit.</span> <span class='ocrx_word' id='word_1_50' title='bbox 750 1155 810 1219; x_wconf 82' lang='lat' dir='ltr'>Est</span> <span class='ocrx_word' id='word_1_51' title='bbox 843 1156 926 1220; x_wconf 88' lang='lat' dir='ltr'>inter</span> <span class='ocrx_word' id='word_1_52' title='bbox 959 1157 1129 1222; x_wconf 79' lang='lat' dir='ltr'>Menandri</span> <span class='ocrx_word' id='word_1_53' title='bbox 1163 1158 1257 1225; x_wconf 80' lang='lat' dir='ltr'>Sent.</span> <span class='ocrx_word' id='word_1_54' title='bbox 1286 1160 1370 1245; x_wconf 84' lang='lat' dir='ltr'>sing.</span> 
     </span>
     <span class='ocr_line' id='line_1_9' title="bbox 224 1264 1372 1353; baseline 0.003 -22"><span class='ocrx_word' id='word_1_55' title='bbox 224 1290 253 1331; x_wconf 85' lang='lat' dir='ltr'>v.</span> <span class='ocrx_word' id='word_1_56' title='bbox 270 1265 313 1332; x_wconf 83' lang='grc'>25</span> <span class='ocrx_word' id='word_1_57' title='bbox 335 1269 368 1330; x_wconf 88' lang='lat' dir='ltr'>ct</span> <span class='ocrx_word' id='word_1_58' title='bbox 389 1264 424 1329; x_wconf 91' lang='lat' dir='ltr'>in</span> <span class='ocrx_word' id='word_1_59' title='bbox 439 1264 594 1330; x_wconf 86' lang='lat' dir='ltr'>Brunckii</span> <span class='ocrx_word' id='word_1_60' title='bbox 611 1265 744 1330; x_wconf 85' lang='lat' dir='ltr'>Gnomis</span> <span class='ocrx_word' id='word_1_61' title='bbox 766 1266 974 1331; x_wconf 77' lang='lat' dir='ltr'>monostichis</span> <span class='ocrx_word' id='word_1_62' title='bbox 996 1267 1069 1351; x_wconf 83' lang='grc'>346,</span> <span class='ocrx_word' id='word_1_63' title='bbox 1092 1268 1155 1332; x_wconf 90' lang='lat' dir='ltr'>nisi</span> <span class='ocrx_word' id='word_1_64' title='bbox 1179 1269 1266 1353; x_wconf 90' lang='lat' dir='ltr'>quud</span> <span class='ocrx_word' id='word_1_65' title='bbox 1288 1274 1372 1335; x_wconf 87' lang='lat' dir='ltr'>utru-</span> 
     </span>
     <span class='ocr_line' id='line_1_10' title="bbox 225 1376 932 1462; baseline 0.001 -22"><span class='ocrx_word' id='word_1_66' title='bbox 225 1398 285 1462; x_wconf 91' lang='lat' dir='ltr'>que</span> <span class='ocrx_word' id='word_1_67' title='bbox 307 1376 377 1440; x_wconf 90' lang='lat' dir='ltr'>loco</span> <span class='ocrx_word' id='word_1_68' title='bbox 399 1376 531 1456; x_wconf 73' lang='lat' dir='ltr'>duspurc</span> <span class='ocrx_word' id='word_1_69' title='bbox 553 1378 589 1442; x_wconf 81' lang='grc' dir='ltr'>δὲ</span> <span class='ocrx_word' id='word_1_70' title='bbox 613 1377 750 1456; x_wconf 84' lang='grc' dir='ltr'>φαύλων</span> <span class='ocrx_word' id='word_1_71' title='bbox 773 1377 932 1441; x_wconf 85' lang='lat' dir='ltr'>scribitur.</span> 
     </span>
    </p>

    <p class='ocr_par' dir='ltr' id='par_1_4' title="bbox 225 1486 1374 1682">
     <span class='ocr_line' id='line_1_11' title="bbox 312 1486 1374 1570; baseline 0.005 -20"><span class='ocrx_word' id='word_1_72' title='bbox 312 1487 352 1551; x_wconf 87' lang='lat'>19</span> <span class='ocrx_word' id='word_1_73' title='bbox 373 1487 476 1568; x_wconf 83' lang='grc' dir='ltr'>μικραὶ</span> <span class='ocrx_word' id='word_1_74' title='bbox 496 1487 635 1570; x_wconf 86' lang='grc' dir='ltr'>χάριτετ]</span> <span class='ocrx_word' id='word_1_75' title='bbox 653 1486 828 1551; x_wconf 87' lang='lat' dir='ltr'>Democriti</span> <span class='ocrx_word' id='word_1_76' title='bbox 851 1487 935 1570; x_wconf 86' lang='lat' dir='ltr'>apud</span> <span class='ocrx_word' id='word_1_77' title='bbox 950 1487 1126 1551; x_wconf 85' lang='lat' dir='ltr'>Maximum</span> <span class='ocrx_word' id='word_1_78' title='bbox 1141 1491 1176 1552; x_wconf 86' lang='lat' dir='ltr'>et</span> <span class='ocrx_word' id='word_1_79' title='bbox 1190 1489 1374 1555; x_wconf 85' lang='lat' dir='ltr'>Antonium</span> 
     </span>
     <span class='ocr_line' id='line_1_12' title="bbox 225 1596 1374 1682; baseline 0.002 -20"><span class='ocrx_word' id='word_1_80' title='bbox 225 1620 257 1682; x_wconf 87' lang='lat' dir='ltr'><strong>p.</strong></span> <span class='ocrx_word' id='word_1_81' title='bbox 282 1596 334 1679; x_wconf 89' lang='grc'>96,</span> <span class='ocrx_word' id='word_1_82' title='bbox 360 1597 398 1661; x_wconf 87' lang='lat'>18</span> <span class='ocrx_word' id='word_1_83' title='bbox 426 1600 458 1661; x_wconf 87' lang='lat' dir='ltr'>et</span> <span class='ocrx_word' id='word_1_84' title='bbox 480 1596 578 1662; x_wconf 90' lang='lat' dir='ltr'>Orell.</span> <span class='ocrx_word' id='word_1_85' title='bbox 610 1618 642 1679; x_wconf 90' lang='lat' dir='ltr'><strong>p.</strong></span> <span class='ocrx_word' id='word_1_86' title='bbox 665 1596 723 1679; x_wconf 83' lang='lat'>86,</span> <span class='ocrx_word' id='word_1_87' title='bbox 752 1597 822 1661; x_wconf 90' lang='lat' dir='ltr'>sine</span> <span class='ocrx_word' id='word_1_88' title='bbox 848 1597 978 1661; x_wconf 88' lang='lat' dir='ltr'>nomine</span> <span class='ocrx_word' id='word_1_89' title='bbox 1005 1598 1145 1662; x_wconf 86' lang='lat' dir='ltr'>auctoris</span> <span class='ocrx_word' id='word_1_90' title='bbox 1174 1600 1263 1682; x_wconf 87' lang='lat' dir='ltr'>apud</span> <span class='ocrx_word' id='word_1_91' title='bbox 1285 1600 1374 1664; x_wconf 86' lang='lat' dir='ltr'>Wal-</span> 
     </span>
    </p>
   </div>
   <div class='ocr_carea' id='block_1_4' title="bbox 158 1705 1385 4432">
    <p class='ocr_par' dir='ltr' id='par_1_5' title="bbox 226 1705 1375 2008">
     <span class='ocr_line' id='line_1_13' title="bbox 226 1705 1375 1792; baseline 0.004 -22"><span class='ocrx_word' id='word_1_92' title='bbox 226 1707 309 1771; x_wconf 88' lang='lat' dir='ltr'>zium</span> <span class='ocrx_word' id='word_1_93' title='bbox 331 1729 362 1791; x_wconf 90' lang='lat' dir='ltr'>p.</span> <span class='ocrx_word' id='word_1_94' title='bbox 385 1707 448 1771; x_wconf 77' lang='grc'>497</span> <span class='ocrx_word' id='word_1_95' title='bbox 477 1710 509 1770; x_wconf 91' lang='lat' dir='ltr'>et</span> <span class='ocrx_word' id='word_1_96' title='bbox 536 1706 729 1790; x_wconf 81' lang='lat' dir='ltr'>Georgidem</span> <span class='ocrx_word' id='word_1_97' title='bbox 758 1705 969 1792; x_wconf 83' lang='lat' dir='ltr'>Gnomologio</span> <span class='ocrx_word' id='word_1_98' title='bbox 997 1729 1018 1771; x_wconf 87' lang='lat' dir='ltr'>a</span> <span class='ocrx_word' id='word_1_99' title='bbox 1046 1706 1260 1791; x_wconf 81' lang='lat' dir='ltr'>Boissonadio</span> <span class='ocrx_word' id='word_1_100' title='bbox 1290 1711 1375 1775; x_wconf 84' lang='lat' dir='ltr'>edito</span> 
     </span>
     <span class='ocr_line' id='line_1_14' title="bbox 226 1815 1375 1901; baseline 0.004 -20"><span class='ocrx_word' id='word_1_101' title='bbox 226 1817 349 1882; x_wconf 86' lang='lat' dir='ltr'>Aneed.</span> <span class='ocrx_word' id='word_1_102' title='bbox 373 1817 389 1881; x_wconf 93' lang='lat' dir='ltr'>I</span> <span class='ocrx_word' id='word_1_103' title='bbox 411 1840 443 1901; x_wconf 91' lang='lat' dir='ltr'>p.</span> <span class='ocrx_word' id='word_1_104' title='bbox 460 1817 511 1881; x_wconf 91' lang='grc'>61.</span> <span class='ocrx_word' id='word_1_105' title='bbox 555 1815 694 1892; x_wconf 87' lang='lat' dir='ltr'>Quorum</span> <span class='ocrx_word' id='word_1_106' title='bbox 716 1838 792 1899; x_wconf 88' lang='lat' dir='ltr'>pars</span> <span class='ocrx_word' id='word_1_107' title='bbox 813 1821 887 1900; x_wconf 86' lang='lat' dir='ltr'>post</span> <span class='ocrx_word' id='word_1_108' title='bbox 908 1819 1121 1899; x_wconf 87' lang='grc' dir='ltr'>λαμβάνουειν</span> <span class='ocrx_word' id='word_1_109' title='bbox 1144 1818 1238 1883; x_wconf 83' lang='lat' dir='ltr'>addit</span> <span class='ocrx_word' id='word_1_110' title='bbox 1262 1821 1298 1887; x_wconf 84' lang='grc' dir='ltr'>ἐν</span> <span class='ocrx_word' id='word_1_111' title='bbox 1320 1842 1375 1886; x_wconf 88' lang='grc' dir='ltr'>πε-</span> 
     </span>
     <span class='ocr_line' id='line_1_15' title="bbox 227 1928 367 2008; baseline -0.007 -15"><span class='ocrx_word' id='word_1_112' title='bbox 227 1928 367 2008; x_wconf 85' lang='grc' dir='ltr'>ριετάτει.</span> 
     </span>
    </p>

    <p class='ocr_par' dir='ltr' id='par_1_6' title="bbox 310 2036 1375 2125">
     <span class='ocr_line' id='line_1_16' title="bbox 310 2036 1375 2125; baseline 0.003 -24"><span class='ocrx_word' id='word_1_113' title='bbox 310 2037 353 2102; x_wconf 89' lang='grc'>20</span> <span class='ocrx_word' id='word_1_114' title='bbox 374 2038 566 2122; x_wconf 84' lang='grc' dir='ltr'>κρείττονετ]</span> <span class='ocrx_word' id='word_1_115' title='bbox 588 2036 683 2121; x_wconf 81' lang='lat' dir='ltr'>Apud</span> <span class='ocrx_word' id='word_1_116' title='bbox 699 2037 859 2101; x_wconf 88' lang='lat' dir='ltr'>Walzium</span> <span class='ocrx_word' id='word_1_117' title='bbox 879 2059 910 2120; x_wconf 90' lang='lat' dir='ltr'>p.</span> <span class='ocrx_word' id='word_1_118' title='bbox 927 2037 992 2101; x_wconf 89' lang='grc'>494</span> <span class='ocrx_word' id='word_1_119' title='bbox 1012 2040 1044 2101; x_wconf 83' lang='lat' dir='ltr'>et</span> <span class='ocrx_word' id='word_1_120' title='bbox 1059 2037 1260 2124; x_wconf 86' lang='lat' dir='ltr'>Georgidem</span> <span class='ocrx_word' id='word_1_121' title='bbox 1274 2062 1307 2125; x_wconf 88' lang='lat' dir='ltr'>p.</span> <span class='ocrx_word' id='word_1_122' title='bbox 1324 2042 1375 2106; x_wconf 85' lang='grc'>49.</span> 
     </span>
    </p>

    <p class='ocr_par' dir='ltr' id='par_1_7' title="bbox 158 2147 1378 2236">
     <span class='ocr_line' id='line_1_17' title="bbox 158 2147 1378 2236; baseline 0.007 -28"><span class='ocrx_word' id='word_1_123' title='bbox 158 2155 210 2209; x_wconf 83' lang='lat' dir='ltr'>Vll</span> <span class='ocrx_word' id='word_1_124' title='bbox 279 2158 282 2165; x_wconf 85' lang='lat'>&#39;</span> <span class='ocrx_word' id='word_1_125' title='bbox 310 2148 352 2212; x_wconf 93' lang='grc'>22</span> <span class='ocrx_word' id='word_1_126' title='bbox 375 2149 405 2213; x_wconf 87' lang='grc' dir='ltr'>οἱ</span> <span class='ocrx_word' id='word_1_127' title='bbox 437 2148 696 2232; x_wconf 81' lang='grc' dir='ltr'>πεπαιδευμένοι]</span> <span class='ocrx_word' id='word_1_128' title='bbox 729 2147 932 2212; x_wconf 87' lang='lat' dir='ltr'>Simillimum</span> <span class='ocrx_word' id='word_1_129' title='bbox 957 2147 1035 2211; x_wconf 90' lang='lat' dir='ltr'>illud</span> <span class='ocrx_word' id='word_1_130' title='bbox 1068 2148 1260 2215; x_wconf 82' lang='lat' dir='ltr'>Aristotelis</span> <span class='ocrx_word' id='word_1_131' title='bbox 1294 2152 1378 2236; x_wconf 87' lang='lat' dir='ltr'>apud</span> 
     </span>
    </p>

    <p class='ocr_par' dir='ltr' id='par_1_8' title="bbox 227 2257 889 2345">
     <span class='ocr_line' id='line_1_18' title="bbox 227 2257 889 2345; baseline 0 -22"><span class='ocrx_word' id='word_1_132' title='bbox 227 2259 406 2345; x_wconf 84' lang='lat' dir='ltr'>Diogenem</span> <span class='ocrx_word' id='word_1_133' title='bbox 428 2257 468 2341; x_wconf 89' lang='lat' dir='ltr'>V,</span> <span class='ocrx_word' id='word_1_134' title='bbox 496 2259 544 2333; x_wconf 85' lang='lat'>19,</span> <span class='ocrx_word' id='word_1_135' title='bbox 567 2257 739 2322; x_wconf 85' lang='lat' dir='ltr'>Arsenium</span> <span class='ocrx_word' id='word_1_136' title='bbox 760 2280 792 2341; x_wconf 90' lang='lat' dir='ltr'>p.</span> <span class='ocrx_word' id='word_1_137' title='bbox 818 2258 889 2323; x_wconf 88' lang='grc'>121.</span> 
     </span>
    </p>

    <p class='ocr_par' dir='ltr' id='par_1_9' title="bbox 227 2367 1378 2560">
     <span class='ocr_line' id='line_1_19' title="bbox 312 2367 1378 2454; baseline 0.005 -23"><span class='ocrx_word' id='word_1_138' title='bbox 312 2368 354 2434; x_wconf 81' lang='grc'>26</span> <span class='ocrx_word' id='word_1_139' title='bbox 374 2368 507 2453; x_wconf 87' lang='grc' dir='ltr'>ταύτόν]</span> <span class='ocrx_word' id='word_1_140' title='bbox 530 2368 669 2453; x_wconf 86' lang='lat' dir='ltr'>Diogeni</span> <span class='ocrx_word' id='word_1_141' title='bbox 691 2368 842 2431; x_wconf 85' lang='lat' dir='ltr'>tribuitur</span> <span class='ocrx_word' id='word_1_142' title='bbox 864 2391 883 2431; x_wconf 86' lang='lat' dir='ltr'>a</span> <span class='ocrx_word' id='word_1_143' title='bbox 906 2367 991 2431; x_wconf 85' lang='lat' dir='ltr'>Max.</span> <span class='ocrx_word' id='word_1_144' title='bbox 1016 2370 1049 2431; x_wconf 90' lang='lat' dir='ltr'>et</span> <span class='ocrx_word' id='word_1_145' title='bbox 1063 2367 1140 2433; x_wconf 83' lang='lat' dir='ltr'>Ant.</span> <span class='ocrx_word' id='word_1_146' title='bbox 1157 2368 1184 2432; x_wconf 86' lang='lat' dir='ltr'>L</span> <span class='ocrx_word' id='word_1_147' title='bbox 1202 2391 1237 2454; x_wconf 93' lang='lat' dir='ltr'>p.</span> <span class='ocrx_word' id='word_1_148' title='bbox 1256 2371 1310 2454; x_wconf 78' lang='lat'>76,</span> <span class='ocrx_word' id='word_1_149' title='bbox 1331 2372 1378 2436; x_wconf 91' lang='grc'>14.</span> 
     </span>
     <span class='ocr_line' id='line_1_20' title="bbox 227 2477 864 2560; baseline -0.002 -18"><span class='ocrx_word' id='word_1_150' title='bbox 227 2478 336 2542; x_wconf 86' lang='lat' dir='ltr'>Habes</span> <span class='ocrx_word' id='word_1_151' title='bbox 359 2479 455 2542; x_wconf 87' lang='lat' dir='ltr'>ctiam</span> <span class='ocrx_word' id='word_1_152' title='bbox 477 2479 512 2542; x_wconf 93' lang='lat' dir='ltr'>in</span> <span class='ocrx_word' id='word_1_153' title='bbox 535 2477 713 2542; x_wconf 86' lang='lat' dir='ltr'>Walzianis</span> <span class='ocrx_word' id='word_1_154' title='bbox 735 2501 766 2560; x_wconf 93' lang='lat' dir='ltr'><strong>p.</strong></span> <span class='ocrx_word' id='word_1_155' title='bbox 790 2477 864 2542; x_wconf 84' lang='lat'>498.</span> 
     </span>
    </p>

    <p class='ocr_par' dir='ltr' id='par_1_10' title="bbox 227 2587 1382 2888">
     <span class='ocr_line' id='line_1_21' title="bbox 313 2587 1382 2672; baseline 0.005 -20"><span class='ocrx_word' id='word_1_156' title='bbox 313 2588 353 2653; x_wconf 80' lang='lat'>27</span> <span class='ocrx_word' id='word_1_157' title='bbox 374 2588 477 2653; x_wconf 84' lang='grc' dir='ltr'>ἵππου</span> <span class='ocrx_word' id='word_1_158' title='bbox 493 2590 563 2672; x_wconf 80' lang='grc' dir='ltr'>μὲν]</span> <span class='ocrx_word' id='word_1_159' title='bbox 579 2587 744 2652; x_wconf 88' lang='lat' dir='ltr'>Plutarchi</span> <span class='ocrx_word' id='word_1_160' title='bbox 759 2587 862 2651; x_wconf 86' lang='lat' dir='ltr'>fertur</span> <span class='ocrx_word' id='word_1_161' title='bbox 877 2587 961 2671; x_wconf 88' lang='lat' dir='ltr'>apud</span> <span class='ocrx_word' id='word_1_162' title='bbox 976 2587 1062 2652; x_wconf 86' lang='lat' dir='ltr'>Max.</span> <span class='ocrx_word' id='word_1_163' title='bbox 1079 2592 1113 2652; x_wconf 88' lang='lat' dir='ltr'>et</span> <span class='ocrx_word' id='word_1_164' title='bbox 1128 2590 1210 2653; x_wconf 88' lang='lat' dir='ltr'>Ant.</span> <span class='ocrx_word' id='word_1_165' title='bbox 1226 2590 1382 2657; x_wconf 81' lang='lat' dir='ltr'><strong>CXXXV</strong></span> 
     </span>
     <span class='ocr_line' id='line_1_22' title="bbox 228 2696 1381 2783; baseline 0.007 -22"><span class='ocrx_word' id='word_1_166' title='bbox 228 2721 259 2783; x_wconf 89' lang='lat' dir='ltr'>p.</span> <span class='ocrx_word' id='word_1_167' title='bbox 284 2696 356 2781; x_wconf 88' lang='grc'>230,</span> <span class='ocrx_word' id='word_1_168' title='bbox 380 2698 432 2781; x_wconf 92' lang='grc'>46,</span> <span class='ocrx_word' id='word_1_169' title='bbox 457 2699 525 2762; x_wconf 91' lang='lat' dir='ltr'>sine</span> <span class='ocrx_word' id='word_1_170' title='bbox 548 2698 677 2762; x_wconf 89' lang='lat' dir='ltr'>nomine</span> <span class='ocrx_word' id='word_1_171' title='bbox 700 2701 805 2761; x_wconf 85' lang='lat' dir='ltr'>exstat</span> <span class='ocrx_word' id='word_1_172' title='bbox 832 2698 916 2781; x_wconf 91' lang='lat' dir='ltr'>apud</span> <span class='ocrx_word' id='word_1_173' title='bbox 939 2697 1100 2762; x_wconf 87' lang='lat' dir='ltr'>Walzium</span> <span class='ocrx_word' id='word_1_174' title='bbox 1121 2721 1154 2782; x_wconf 93' lang='lat' dir='ltr'>p.</span> <span class='ocrx_word' id='word_1_175' title='bbox 1178 2699 1259 2766; x_wconf 92' lang='grc'>498.</span> <span class='ocrx_word' id='word_1_176' title='bbox 1290 2703 1381 2769; x_wconf 79' lang='lat' dir='ltr'>Cete-</span> 
     </span>
     <span class='ocr_line' id='line_1_23' title="bbox 227 2807 539 2888; baseline 0.003 -16"><span class='ocrx_word' id='word_1_177' title='bbox 227 2830 298 2872; x_wconf 88' lang='lat' dir='ltr'>rum</span> <span class='ocrx_word' id='word_1_178' title='bbox 319 2807 422 2872; x_wconf 83' lang='lat' dir='ltr'>scribe</span> <span class='ocrx_word' id='word_1_179' title='bbox 444 2813 539 2888; x_wconf 85' lang='grc' dir='ltr'>κρῖνε.</span> 
     </span>
    </p>

    <p class='ocr_par' dir='ltr' id='par_1_11' title="bbox 313 2917 1381 3003">
     <span class='ocr_line' id='line_1_24' title="bbox 313 2917 1381 3003; baseline 0.006 -22"><span class='ocrx_word' id='word_1_180' title='bbox 313 2918 354 2982; x_wconf 89' lang='grc'>28</span> <span class='ocrx_word' id='word_1_181' title='bbox 377 2920 420 2984; x_wconf 78' lang='lat' dir='ltr'>stt</span> <span class='ocrx_word' id='word_1_182' title='bbox 443 2920 618 3003; x_wconf 81' lang='grc' dir='ltr'>ὠφέλειαν]</span> <span class='ocrx_word' id='word_1_183' title='bbox 641 2922 696 2997; x_wconf 84' lang='grc' dir='ltr'>τῆτ</span> <span class='ocrx_word' id='word_1_184' title='bbox 726 2921 831 2998; x_wconf 72' lang='grc' dir='ltr'>ψυχῆς</span> <span class='ocrx_word' id='word_1_185' title='bbox 853 2918 978 2981; x_wconf 86' lang='lat' dir='ltr'>videtur</span> <span class='ocrx_word' id='word_1_186' title='bbox 1000 2917 1171 2983; x_wconf 72' lang='lat' dir='ltr'>excidisset</span> <span class='ocrx_word' id='word_1_187' title='bbox 1201 2921 1248 2985; x_wconf 85' lang='lat' dir='ltr'>cf.</span> <span class='ocrx_word' id='word_1_188' title='bbox 1273 2945 1305 2987; x_wconf 82' lang='lat' dir='ltr'>v.</span> <span class='ocrx_word' id='word_1_189' title='bbox 1333 2923 1381 2987; x_wconf 83' lang='grc'>12.</span> 
     </span>
    </p>

    <p class='ocr_par' dir='ltr' id='par_1_12' title="bbox 230 3026 1385 3330">
     <span class='ocr_line' id='line_1_25' title="bbox 314 3026 1382 3116; baseline 0.006 -25"><span class='ocrx_word' id='word_1_190' title='bbox 314 3028 356 3092; x_wconf 91' lang='grc'>29</span> <span class='ocrx_word' id='word_1_191' title='bbox 377 3030 418 3093; x_wconf 87' lang='grc' dir='ltr'>οἱ</span> <span class='ocrx_word' id='word_1_192' title='bbox 447 3029 605 3113; x_wconf 84' lang='grc' dir='ltr'>ἀληθινοὶ]</span> <span class='ocrx_word' id='word_1_193' title='bbox 638 3028 815 3092; x_wconf 86' lang='lat' dir='ltr'>Democriti</span> <span class='ocrx_word' id='word_1_194' title='bbox 844 3026 928 3111; x_wconf 87' lang='lat' dir='ltr'>apud</span> <span class='ocrx_word' id='word_1_195' title='bbox 955 3026 1041 3090; x_wconf 85' lang='lat' dir='ltr'>Mar.</span> <span class='ocrx_word' id='word_1_196' title='bbox 1072 3030 1105 3091; x_wconf 87' lang='lat' dir='ltr'>et</span> <span class='ocrx_word' id='word_1_197' title='bbox 1132 3030 1216 3093; x_wconf 89' lang='lat' dir='ltr'>Ant.</span> <span class='ocrx_word' id='word_1_198' title='bbox 1249 3055 1283 3115; x_wconf 93' lang='lat' dir='ltr'>p.</span> <span class='ocrx_word' id='word_1_199' title='bbox 1307 3033 1382 3116; x_wconf 91' lang='grc'>214,</span> 
     </span>
     <span class='ocr_line' id='line_1_26' title="bbox 231 3136 1385 3221; baseline 0.004 -18"><span class='ocrx_word' id='word_1_200' title='bbox 231 3141 271 3203; x_wconf 91' lang='grc'>14</span> <span class='ocrx_word' id='word_1_201' title='bbox 293 3143 326 3205; x_wconf 87' lang='lat' dir='ltr'>et</span> <span class='ocrx_word' id='word_1_202' title='bbox 348 3137 521 3203; x_wconf 81' lang='lat' dir='ltr'>Arsenium</span> <span class='ocrx_word' id='word_1_203' title='bbox 544 3161 575 3221; x_wconf 92' lang='lat' dir='ltr'>p.</span> <span class='ocrx_word' id='word_1_204' title='bbox 595 3138 665 3202; x_wconf 87' lang='grc'><strong>193.</strong></span> <span class='ocrx_word' id='word_1_205' title='bbox 701 3137 763 3201; x_wconf 90' lang='lat' dir='ltr'>Pro</span> <span class='ocrx_word' id='word_1_206' title='bbox 783 3138 862 3203; x_wconf 80' lang='grc' dir='ltr'>ἰδία(</span> <span class='ocrx_word' id='word_1_207' title='bbox 884 3158 922 3200; x_wconf 85' lang='lat' dir='ltr'>ex</span> <span class='ocrx_word' id='word_1_208' title='bbox 945 3136 1008 3200; x_wconf 87' lang='lat' dir='ltr'>illis</span> <span class='ocrx_word' id='word_1_209' title='bbox 1030 3137 1240 3204; x_wconf 87' lang='lat' dir='ltr'>scribendum</span> <span class='ocrx_word' id='word_1_210' title='bbox 1263 3144 1385 3221; x_wconf 81' lang='grc' dir='ltr'>ἡδείαε,</span> 
     </span>
     <span class='ocr_line' id='line_1_27' title="bbox 230 3247 1353 3330; baseline 0 -14"><span class='ocrx_word' id='word_1_211' title='bbox 230 3273 296 3316; x_wconf 82' lang='grc' dir='ltr'>που</span> <span class='ocrx_word' id='word_1_212' title='bbox 318 3251 428 3330; x_wconf 79' lang='grc' dir='ltr'>ἡδίουτ</span> <span class='ocrx_word' id='word_1_213' title='bbox 452 3270 524 3313; x_wconf 90' lang='lat' dir='ltr'>cum</span> <span class='ocrx_word' id='word_1_214' title='bbox 546 3247 686 3312; x_wconf 88' lang='lat' dir='ltr'>Walzio:</span> <span class='ocrx_word' id='word_1_215' title='bbox 710 3251 876 3330; x_wconf 85' lang='lat' dir='ltr'>praeterea</span> <span class='ocrx_word' id='word_1_216' title='bbox 899 3247 947 3315; x_wconf 83' lang='grc' dir='ltr'>ὧν</span> <span class='ocrx_word' id='word_1_217' title='bbox 969 3248 1026 3327; x_wconf 82' lang='grc' dir='ltr'>μὲν</span> <span class='ocrx_word' id='word_1_218' title='bbox 1050 3252 1353 3319; x_wconf 84' lang='grc' dir='ltr'>τυναπολαύοντεε.</span> 
     </span>
    </p>

    <p class='ocr_par' dir='ltr' id='par_1_13' title="bbox 312 3356 1276 3444">
     <span class='ocr_line' id='line_1_28' title="bbox 312 3356 1276 3444; baseline 0.001 -19"><span class='ocrx_word' id='word_1_219' title='bbox 312 3360 352 3444; x_wconf 84' lang='grc'>31</span> <span class='ocrx_word' id='word_1_220' title='bbox 377 3360 474 3444; x_wconf 82' lang='grc' dir='ltr'>ἔοικε]</span> <span class='ocrx_word' id='word_1_221' title='bbox 498 3358 638 3423; x_wconf 84' lang='lat' dir='ltr'>Socratis</span> <span class='ocrx_word' id='word_1_222' title='bbox 661 3358 781 3421; x_wconf 87' lang='lat' dir='ltr'>dietum</span> <span class='ocrx_word' id='word_1_223' title='bbox 803 3356 887 3440; x_wconf 86' lang='lat' dir='ltr'>apud</span> <span class='ocrx_word' id='word_1_224' title='bbox 910 3358 1081 3422; x_wconf 84' lang='lat' dir='ltr'>Stobaeum</span> <span class='ocrx_word' id='word_1_225' title='bbox 1103 3357 1192 3442; x_wconf 84' lang='lat' dir='ltr'><strong>XVI,</strong></span> <span class='ocrx_word' id='word_1_226' title='bbox 1219 3360 1276 3426; x_wconf 80' lang='grc'>27.</span> 
     </span>
    </p>

    <p class='ocr_par' dir='ltr' id='par_1_14' title="bbox 228 3467 1384 4432">
     <span class='ocr_line' id='line_1_29' title="bbox 286 3467 1382 3563; baseline 0.002 -29"><span class='ocrx_word' id='word_1_227' title='bbox 286 3555 289 3563; x_wconf 32' lang='lat'>‚</span> <span class='ocrx_word' id='word_1_228' title='bbox 313 3470 355 3534; x_wconf 90' lang='grc'>32</span> <span class='ocrx_word' id='word_1_229' title='bbox 377 3472 470 3549; x_wconf 88' lang='grc' dir='ltr'>λιμὴν</span> <span class='ocrx_word' id='word_1_230' title='bbox 492 3470 563 3553; x_wconf 78' lang='grc' dir='ltr'>μὲν]</span> <span class='ocrx_word' id='word_1_231' title='bbox 587 3468 719 3553; x_wconf 85' lang='lat' dir='ltr'>Legitur</span> <span class='ocrx_word' id='word_1_232' title='bbox 740 3468 826 3531; x_wconf 84' lang='lat' dir='ltr'>inter</span> <span class='ocrx_word' id='word_1_233' title='bbox 846 3467 1028 3551; x_wconf 82' lang='lat' dir='ltr'>Damophili</span> <span class='ocrx_word' id='word_1_234' title='bbox 1049 3468 1168 3547; x_wconf 89' lang='grc' dir='ltr'>Ὅμοια</span> <span class='ocrx_word' id='word_1_235' title='bbox 1189 3490 1225 3552; x_wconf 90' lang='lat' dir='ltr'>p.</span> <span class='ocrx_word' id='word_1_236' title='bbox 1244 3472 1382 3536; x_wconf 86' lang='lat' dir='ltr'>60rell.</span> 
     </span>
     <span class='ocr_line' id='line_1_30' title="bbox 229 3578 1383 3667; baseline 0.001 -22"><span class='ocrx_word' id='word_1_237' title='bbox 229 3582 275 3645; x_wconf 87' lang='lat' dir='ltr'>sio</span> <span class='ocrx_word' id='word_1_238' title='bbox 304 3579 457 3664; x_wconf 88' lang='lat' dir='ltr'>scriptum</span> <span class='ocrx_word' id='word_1_239' title='bbox 486 3581 577 3659; x_wconf 87' lang='grc' dir='ltr'>λιμὴν</span> <span class='ocrx_word' id='word_1_240' title='bbox 608 3580 665 3659; x_wconf 78' lang='grc' dir='ltr'>μὲν</span> <span class='ocrx_word' id='word_1_241' title='bbox 688 3578 792 3661; x_wconf 81' lang='grc' dir='ltr'>πλοίῳ</span> <span class='ocrx_word' id='word_1_242' title='bbox 815 3578 930 3659; x_wconf 83' lang='grc' dir='ltr'>ὅρμοε,</span> <span class='ocrx_word' id='word_1_243' title='bbox 961 3579 1020 3661; x_wconf 86' lang='grc' dir='ltr'>βίῳ</span> <span class='ocrx_word' id='word_1_244' title='bbox 1042 3580 1077 3643; x_wconf 82' lang='grc' dir='ltr'>δὲ</span> <span class='ocrx_word' id='word_1_245' title='bbox 1099 3579 1210 3660; x_wconf 89' lang='grc' dir='ltr'>φιλία,</span> <span class='ocrx_word' id='word_1_246' title='bbox 1241 3581 1383 3667; x_wconf 87' lang='lat' dir='ltr'>itemque</span> 
     </span>
     <span class='ocr_line' id='line_1_31' title="bbox 228 3667 1383 3772; baseline 0.003 -19"><span class='ocrx_word' id='word_1_247' title='bbox 228 3690 313 3754; x_wconf 86' lang='lat' dir='ltr'>inter</span> <span class='ocrx_word' id='word_1_248' title='bbox 336 3689 505 3753; x_wconf 87' lang='lat' dir='ltr'>Walziana</span> <span class='ocrx_word' id='word_1_249' title='bbox 533 3712 565 3772; x_wconf 89' lang='lat' dir='ltr'>p.</span> <span class='ocrx_word' id='word_1_250' title='bbox 588 3688 669 3771; x_wconf 91' lang='grc'>498,</span> <span class='ocrx_word' id='word_1_251' title='bbox 698 3687 761 3750; x_wconf 86' lang='lat' dir='ltr'>nisi</span> <span class='ocrx_word' id='word_1_252' title='bbox 789 3687 872 3771; x_wconf 88' lang='lat' dir='ltr'>quod</span> <span class='ocrx_word' id='word_1_253' title='bbox 895 3708 953 3771; x_wconf 91' lang='lat' dir='ltr'>pro</span> <span class='ocrx_word' id='word_1_254' title='bbox 980 3689 1070 3769; x_wconf 90' lang='grc' dir='ltr'>φιλία</span> <span class='ocrx_word' id='word_1_255' title='bbox 1098 3687 1143 3751; x_wconf 91' lang='lat' dir='ltr'>ibi</span> <span class='ocrx_word' id='word_1_256' title='bbox 1166 3692 1218 3752; x_wconf 83' lang='lat' dir='ltr'>cst</span> <span class='ocrx_word' id='word_1_257' title='bbox 1243 3667 1383 3758; x_wconf 77' lang='grc' dir='ltr'>ἀλυπίαε</span> 
     </span>
     <span class='ocr_line' id='line_1_32' title="bbox 229 3796 1383 3886; baseline 0.001 -23"><span class='ocrx_word' id='word_1_258' title='bbox 229 3804 396 3884; x_wconf 85' lang='lat' dir='ltr'>praeterea</span> <span class='ocrx_word' id='word_1_259' title='bbox 428 3799 463 3862; x_wconf 95' lang='lat' dir='ltr'>in</span> <span class='ocrx_word' id='word_1_260' title='bbox 490 3798 659 3862; x_wconf 89' lang='lat' dir='ltr'>Menandri</span> <span class='ocrx_word' id='word_1_261' title='bbox 694 3796 869 3862; x_wconf 83' lang='lat' dir='ltr'>Sententiis</span> <span class='ocrx_word' id='word_1_262' title='bbox 898 3798 1113 3883; x_wconf 71' lang='lat' dir='ltr'>singularibus</span> <span class='ocrx_word' id='word_1_263' title='bbox 1145 3820 1175 3862; x_wconf 85' lang='grc' dir='ltr'>ν.</span> <span class='ocrx_word' id='word_1_264' title='bbox 1200 3800 1270 3865; x_wconf 89' lang='grc'>318</span> <span class='ocrx_word' id='word_1_265' title='bbox 1298 3802 1383 3886; x_wconf 88' lang='lat' dir='ltr'>apud</span> 
     </span>
     <span class='ocr_line' id='line_1_33' title="bbox 230 3907 1384 3989; baseline 0.003 -16"><span class='ocrx_word' id='word_1_266' title='bbox 230 3909 427 3974; x_wconf 89' lang='lat' dir='ltr'>Meinckium</span> <span class='ocrx_word' id='word_1_267' title='bbox 450 3909 511 3972; x_wconf 87' lang='lat' dir='ltr'>sic:</span> <span class='ocrx_word' id='word_1_268' title='bbox 536 3911 628 3988; x_wconf 87' lang='grc' dir='ltr'>λιμὴν</span> <span class='ocrx_word' id='word_1_269' title='bbox 651 3909 768 3973; x_wconf 87' lang='grc' dir='ltr'>πλοίου</span> <span class='ocrx_word' id='word_1_270' title='bbox 791 3910 863 3987; x_wconf 81' lang='grc' dir='ltr'>μὲν,</span> <span class='ocrx_word' id='word_1_271' title='bbox 887 3907 1006 3973; x_wconf 88' lang='grc' dir='ltr'>ἀλυπία</span> <span class='ocrx_word' id='word_1_272' title='bbox 1026 3909 1059 3972; x_wconf 84' lang='lat' dir='ltr'>b&#39;</span> <span class='ocrx_word' id='word_1_273' title='bbox 1082 3907 1182 3988; x_wconf 76' lang='grc' dir='ltr'>ὅρμοι</span> <span class='ocrx_word' id='word_1_274' title='bbox 1208 3911 1299 3989; x_wconf 65' lang='grc' dir='ltr'>βίους</span> <span class='ocrx_word' id='word_1_275' title='bbox 1324 3913 1384 3977; x_wconf 89' lang='lat' dir='ltr'>hac</span> 
     </span>
     <span class='ocr_line' id='line_1_34' title="bbox 230 4016 1383 4102; baseline 0.003 -17"><span class='ocrx_word' id='word_1_276' title='bbox 230 4025 337 4085; x_wconf 87' lang='lat' dir='ltr'>autern</span> <span class='ocrx_word' id='word_1_277' title='bbox 369 4019 473 4082; x_wconf 86' lang='lat' dir='ltr'>forma</span> <span class='ocrx_word' id='word_1_278' title='bbox 506 4019 589 4102; x_wconf 85' lang='lat' dir='ltr'>apud</span> <span class='ocrx_word' id='word_1_279' title='bbox 624 4016 867 4082; x_wconf 85' lang='lat' dir='ltr'>Boissonadium</span> <span class='ocrx_word' id='word_1_280' title='bbox 900 4017 1022 4081; x_wconf 86' lang='lat' dir='ltr'>Anecd.</span> <span class='ocrx_word' id='word_1_281' title='bbox 1056 4017 1072 4081; x_wconf 92' lang='lat' dir='ltr'>I</span> <span class='ocrx_word' id='word_1_282' title='bbox 1103 4041 1134 4100; x_wconf 93' lang='lat' dir='ltr'>p.</span> <span class='ocrx_word' id='word_1_283' title='bbox 1172 4018 1253 4084; x_wconf 76' lang='lat'>156:</span> <span class='ocrx_word' id='word_1_284' title='bbox 1288 4023 1383 4101; x_wconf 81' lang='grc' dir='ltr'>λιμήν</span> 
     </span>
     <span class='ocr_line' id='line_1_35' title="bbox 230 4127 1383 4211; baseline -0.002 -14"><span class='ocrx_word' id='word_1_285' title='bbox 230 4132 347 4197; x_wconf 90' lang='grc' dir='ltr'>πλοίου</span> <span class='ocrx_word' id='word_1_286' title='bbox 376 4131 492 4210; x_wconf 83' lang='grc' dir='ltr'>ὅρμοτ,</span> <span class='ocrx_word' id='word_1_287' title='bbox 521 4131 591 4210; x_wconf 89' lang='grc' dir='ltr'>βίου</span> <span class='ocrx_word' id='word_1_288' title='bbox 619 4131 653 4193; x_wconf 85' lang='grc' dir='ltr'>δ’</span> <span class='ocrx_word' id='word_1_289' title='bbox 680 4128 811 4194; x_wconf 77' lang='grc' dir='ltr'>ἀλυπίαε</span> <span class='ocrx_word' id='word_1_290' title='bbox 846 4128 909 4191; x_wconf 78' lang='lat' dir='ltr'>rrisi</span> <span class='ocrx_word' id='word_1_291' title='bbox 937 4127 1018 4211; x_wconf 94' lang='lat' dir='ltr'>quod</span> <span class='ocrx_word' id='word_1_292' title='bbox 1046 4127 1092 4191; x_wconf 92' lang='lat' dir='ltr'>ibi</span> <span class='ocrx_word' id='word_1_293' title='bbox 1119 4128 1154 4190; x_wconf 93' lang='lat' dir='ltr'>in</span> <span class='ocrx_word' id='word_1_294' title='bbox 1184 4129 1258 4193; x_wconf 89' lang='lat' dir='ltr'>cod.</span> <span class='ocrx_word' id='word_1_295' title='bbox 1284 4138 1312 4193; x_wconf 73' lang='lat' dir='ltr'><em>A</em></span> <span class='ocrx_word' id='word_1_296' title='bbox 1335 4136 1383 4195; x_wconf 85' lang='lat' dir='ltr'>est</span> 
     </span>
     <span class='ocr_line' id='line_1_36' title="bbox 230 4237 1381 4320; baseline -0.002 -14"><span class='ocrx_word' id='word_1_297' title='bbox 230 4246 289 4306; x_wconf 84' lang='grc' dir='ltr'>τοῦ</span> <span class='ocrx_word' id='word_1_298' title='bbox 312 4241 428 4306; x_wconf 90' lang='grc' dir='ltr'>πλοίου</span> <span class='ocrx_word' id='word_1_299' title='bbox 451 4243 483 4304; x_wconf 89' lang='lat' dir='ltr'>ct</span> <span class='ocrx_word' id='word_1_300' title='bbox 503 4243 561 4304; x_wconf 85' lang='grc' dir='ltr'>τοῦ</span> <span class='ocrx_word' id='word_1_301' title='bbox 585 4240 671 4320; x_wconf 85' lang='grc' dir='ltr'>βίου,</span> <span class='ocrx_word' id='word_1_302' title='bbox 694 4240 729 4302; x_wconf 92' lang='lat' dir='ltr'>in</span> <span class='ocrx_word' id='word_1_303' title='bbox 751 4238 904 4303; x_wconf 86' lang='lat' dir='ltr'>Meinckii</span> <span class='ocrx_word' id='word_1_304' title='bbox 927 4240 1034 4302; x_wconf 88' lang='lat' dir='ltr'>autem</span> <span class='ocrx_word' id='word_1_305' title='bbox 1055 4237 1105 4301; x_wconf 88' lang='lat' dir='ltr'>vel</span> <span class='ocrx_word' id='word_1_306' title='bbox 1120 4237 1231 4320; x_wconf 79' lang='lat' dir='ltr'>potius</span> <span class='ocrx_word' id='word_1_307' title='bbox 1248 4239 1381 4305; x_wconf 82' lang='lat' dir='ltr'>Schnei-</span> 
     </span>
     <span class='ocr_line' id='line_1_37' title="bbox 231 4347 1381 4432; baseline 0.001 -18"><span class='ocrx_word' id='word_1_308' title='bbox 231 4350 298 4415; x_wconf 90' lang='lat' dir='ltr'>deri</span> <span class='ocrx_word' id='word_1_309' title='bbox 326 4349 568 4416; x_wconf 85' lang='lat' dir='ltr'>Vindobonensi</span> <span class='ocrx_word' id='word_1_310' title='bbox 596 4354 654 4416; x_wconf 83' lang='grc' dir='ltr'>τοῦ</span> <span class='ocrx_word' id='word_1_311' title='bbox 683 4350 753 4432; x_wconf 88' lang='grc' dir='ltr'>βίου</span> <span class='ocrx_word' id='word_1_312' title='bbox 782 4349 882 4430; x_wconf 82' lang='grc' dir='ltr'>ὅρμοε</span> <span class='ocrx_word' id='word_1_313' title='bbox 909 4352 968 4414; x_wconf 84' lang='grc' dir='ltr'>τοῦ</span> <span class='ocrx_word' id='word_1_314' title='bbox 997 4347 1067 4429; x_wconf 88' lang='grc' dir='ltr'>βίου</span> <span class='ocrx_word' id='word_1_315' title='bbox 1094 4348 1141 4414; x_wconf 71' lang='lat' dir='ltr'>b&#39;v</span> <span class='ocrx_word' id='word_1_316' title='bbox 1156 4347 1296 4428; x_wconf 87' lang='grc' dir='ltr'>ἀλυπία,</span> <span class='ocrx_word' id='word_1_317' title='bbox 1332 4372 1381 4415; x_wconf 83' lang='lat' dir='ltr'>su·</span> 
     </span>
    </p>
   </div>
   <div class='ocr_carea' id='block_1_5' title="bbox 0 0 1459 4996">
    <p class='ocr_par' dir='ltr' id='par_1_15' title="bbox 0 0 1459 4996">
     <span class='ocr_line' id='line_1_38' title="bbox 0 0 1459 4996; baseline 0 0"><span class='ocrx_word' id='word_1_318' title='bbox 0 0 1459 4996; x_wconf 95' lang='lat' dir='ltr'> </span> 
     </span>
    </p>
   </div>
  </div>
 </body>
</html>
