3008 5002
551 351 668 409 nuqua
691 351 909 398 rrarsoooao.
1240 335 1298 398 189

246 503 298 565 Ad
320 500 618 564 Aristarcheam
641 498 859 584 quaestionem
881 524 967 564 nunc
989 502 1054 564 iam
1068 502 1299 564 transeundum

160 616 261 692 esset,
285 612 348 674 nisi
370 633 485 674 novam
508 611 757 692 disputationem
781 611 964 674 chartarum
987 612 1156 695 angustiae
1179 611 1298 675 dissua-

159 723 284 785 derent.
329 721 367 784 In
390 720 474 784 aliud
504 720 603 804 igitur
625 724 750 802 tempus
773 744 853 803 quae
876 724 1001 783 restant
1023 721 1146 802 dilatis,
1177 721 1298 783 curabi-

159 855 230 894 mus
258 834 293 893 ut
322 829 508 893 destitutam
535 852 621 892 nunc
648 830 846 912 provinciam
874 830 1076 913 diligentiae,
1108 853 1202 913 quarn
1230 831 1299 893 fieri

160 942 221 1004 hoc
254 941 323 1003 loco
355 943 519 1022 potuerat,
557 939 743 1002 recolamus
801 938 897 1026 [Casu
928 940 1067 1020 factum,
1105 940 1187 1021 quod
1211 939 1299 1002 haec

160 1050 328 1134 promissio
351 1054 500 1112 eventum
528 1071 592 1111 non
621 1048 743 1111 habuit.
790 1048 923 1111 Interim
953 1049 1177 1113 retractandae
1208 1049 1299 1111 hrrius

160 1160 356 1242 quaestionis
393 1159 493 1221 otium
530 1158 621 1220 nobis
665 1159 743 1221 fecit
779 1158 881 1223 Maur.
921 1158 1090 1222 Solmiidtii
1130 1159 1299 1242 diligentia

162 1269 321 1352 Philologi
344 1272 368 1330 t.
392 1268 456 1331 VH
477 1291 508 1350 p.
533 1269 596 1332 360
618 1267 699 1356 sqq]

165 1426 363 1433 .--w

163 1504 233 1557 Iuba
250 1505 376 1569 metrico,
394 1522 456 1557 curn
468 1521 518 1557 nos
531 1504 652 1557 stamina
663 1505 774 1556 tantum
787 1504 925 1570 quaedam
938 1504 1152 1557 tetendissemus
1166 1504 1299 1558 curiosius

164 1614 249 1663 quam
266 1600 331 1650 ante
349 1598 453 1650 factum
471 1599 532 1650 crat
550 1596 721 1663 quaerendo,
745 1614 807 1649 mox
825 1598 932 1650 intexto
951 1598 1106 1650 subtemine
1125 1600 1154 1650 et
1175 1598 1300 1665 pleniora

162 1692 192 1742 et
210 1708 243 1743 ex
261 1693 340 1758 parte
359 1690 477 1743 rectiora
495 1689 575 1742 multi
593 1688 757 1743 docuerunt:
793 1690 928 1757 Bergkius
940 1690 1029 1743 Musei
1045 1691 1110 1758 phil.
1130 1691 1217 1744 Rhen.
1236 1691 1299 1743 nori

162 1783 173 1834 Ι
188 1800 215 1850 p.
228 1789 277 1835 374
290 1800 358 1850 sqq,
377 1783 407 1835 B.
427 1785 474 1835 ten
491 1782 577 1834 Brink
595 1782 623 1833 in
641 1783 726 1835 lubae
743 1782 876 1835 Maurusii
893 1783 1016 1848 reliquiis
1029 1783 1175 1836 Vltraieeti
1192 1783 1299 1836 ermesis

162 1893 189 1928 a.
210 1881 286 1939 1854,
309 1875 470 1928 Leutschius
493 1874 632 1942 Philologi
654 1875 679 1926 ΙΙ
701 1893 728 1943 p.
748 1881 797 1927 746
820 1891 894 1941 sqq,
917 1875 1104 1928 Rossbachius
1126 1876 1155 1928 in
1179 1876 1300 1944 disputa-

160 1967 239 2020 sone
266 1967 301 2020 a
324 1967 537 2035 Hephaestionis
564 1951 744 2020 litationis
770 1967 1054 2021 austerissimae
1078 1986 1101 2021 a.
1129 1975 1192 2022 isar
1216 1969 1300 2034 eura,

161 2064 276 2128 praeter
298 2062 404 2113 ceteros
427 2063 521 2113 autem
542 2060 676 2113 Honricus
698 2060 802 2113 Keilius
826 2058 1024 2123 Quaestionum
1050 2078 1167 2128 gramm.
1190 2061 1300 2129 Lipsiae

162 2171 188 2205 a.
211 2158 275 2206 1860
292 2153 468 2221 vulgatarum
485 2172 512 2221 p.
533 2159 548 2206 6
568 2170 626 2219 sqq.
653 2153 714 2205 coll.
737 2153 832 2206 adnot.
856 2152 893 2205 ad
915 2152 1086 2205 Priscianum
1107 2157 1126 2206 t.
1148 2154 1172 2205 ΙΙ
1194 2171 1221 2221 p.
1240 2160 1297 2205 411.

161 2246 204 2297 De
229 2263 343 2312 quorum
366 2245 601 2314 disputationibus
624 2246 751 2299 omnibus
770 2247 845 2299 resto
868 2244 968 2298 iudicio
987 2246 1007 2298 l.
1026 2246 1059 2298 H.
1079 2245 1186 2314 Lipsius
1209 2246 1298 2298 existi·

162 2338 251 2391 mavit
261 2338 289 2390 in
302 2338 472 2391 Fleckeiscni
484 2339 582 2391 annal.
597 2339 663 2407 phil.
677 2340 696 2391 t.
711 2344 741 2391 81
757 2342 844 2404 (1860)
854 2356 880 2406 p.
895 2343 943 2391 607
957 2355 1017 2404 sqq.
1036 2338 1161 2391 Accessit
1170 2339 1299 2406 deinceps

162 2431 254 2484 bonae
275 2431 363 2498 frugis
381 2431 478 2498 plenus
496 2430 700 2484 Waohsmuthii
723 2431 751 2482 iu
770 2431 868 2484 Philol.
886 2430 949 2483 XVI
967 2449 994 2499 p.
1014 2436 1063 2484 648
1081 2449 1141 2498 sqq.
1164 2448 1300 2484 commen-

160 2523 292 2587 tariolus,
310 2539 397 2591 nuper
416 2528 509 2577 autem
528 2524 639 2577 uberior
651 2523 809 2591 Westphali
824 2524 964 2576 enarratio
981 2523 1033 2576 Rei
1051 2524 1183 2577 metricae
1202 2524 1254 2577 vol.
1274 2525 1299 2576 ΙΙ

161 2619 235 2684 part.
255 2623 270 2668 2
289 2619 374 2681 (1865)
393 2635 420 2684 p.
442 2623 489 2669 145
508 2634 568 2683 sqq.
586 2616 710 2684 inscita]

632 2758 832 2766 ...ψ-...ι

231 2835 403 2905 [Moderandi
419 2835 629 2905 corrigendique
646 2838 811 2906 typothetae
828 2854 923 2892 cinam
940 2855 1048 2892 mecum
1066 2838 1191 2908 partiens
1211 2838 1301 2891 ocula-

160 2928 285 2982 tissimus
303 2930 406 2984 amious
424 2931 552 2983 Alfredus
570 2930 764 2983 Fleckeisenus
787 2931 916 2997 quoniam
938 2931 967 2983 in
986 2931 1192 2984 stichometriac
1210 2947 1300 2982 esem-

161 3022 216 3091 plis
229 3023 422 3092 suprapositis
440 3022 576 3089 quaedam
593 3023 734 3077 desiderat
746 3041 763 3076 a
775 3022 982 3077 Schneirlewino
995 3030 1091 3076 nostro
1104 3023 1169 3075 alirn
1183 3040 1300 3075 comme-

160 3119 274 3169 morata
295 3134 356 3169 cum
378 3117 406 3169 in
429 3116 514 3168 Nunt.
537 3116 590 3168 litt.
610 3116 735 3183 Gottiug.
755 3132 779 3169 a.
800 3117 1210 3184 1838m.Dec.p.2061tum
1232 3114 1299 3168 Con·

159 3209 350 3262 iectaneomm
373 3209 432 3261 erit.
457 3207 604 3275 (editorum
623 3226 647 3261 a.
670 3211 743 3275 1839)
762 3228 789 3277 p.
809 3216 857 3262 176
876 3226 926 3275 sq,
948 3209 1017 3261 haec
1040 3207 1181 3261 sciendum
1199 3208 1242 3260 est
1263 3208 1300 3259 ad

160 3302 317 3369 simplicem
335 3302 485 3354 canniuum
503 3301 705 3354 metiendorum
723 3301 859 3354 rationem
879 3305 1012 3370 spectare.
1049 3302 1120 3354 Nam
1140 3301 1173 3352 de
1191 3299 1299 3351 Solonis

160 3394 255 3462 elegia
267 3394 446 3447 celeberrima
458 3411 544 3462 agens
557 3394 720 3446 Plutarchus
739 3394 767 3446 in
783 3394 841 3446 vita
854 3393 908 3446 Sol.
923 3412 945 3446 o.
960 3402 975 3448 8
991 3400 1078 3447 τοῦτο
1097 3395 1126 3446 δὲ
1143 3396 1177 3445 τὸ
1195 3393 1300 3459 ποίημα

158 3487 253 3553 inquit
272 3487 390 3551 (αλαμίε
408 3489 608 3553 ἐπιγέγραπται
627 3490 671 3539 καὶ
690 3488 817 3552 ετίχων
836 3488 961 3539 ἑκατόν
980 3488 1035 3540 terr
1054 3487 1207 3552 χαριέντως
1226 3486 1300 3537 πάνυ

160 3583 371 3645 πεποιημένων.
405 3580 476 3633 Item
488 3579 673 3647 Euphorionis
692 3579 820 3632 caminis
838 3577 952 3631 ahardus
971 3578 1094 3646 singulos
1113 3577 1198 3631 libros
1211 3577 1234 3628 V
1248 3579 1300 3629 διὰ

159 3674 284 3738 χιλίων
302 3675 395 3727 ἐπῶν
412 3673 582 3742 perscriptos
605 3673 688 3726 fuisse
707 3672 806 3725 Suidas
825 3690 848 3725 v.
868 3671 1018 3738 Εὐφορίων
1040 3671 1161 3723 testatur
1179 3673 1252 3724 reete
1272 3673 1301 3722 et

159 3765 326 3819 emendatus
348 3770 377 3819 et
398 3766 559 3834 explicatus.
608 3764 666 3829 Quo
694 3765 889 3832 Bernharrlyus
912 3764 1056 3817 Niebuhrii
1083 3781 1165 3817 suasu
1192 3763 1301 3816 addidit

159 3836 350 3923 Turdetanos,
370 3860 416 3925 qui
434 3859 571 3912 Strabone
590 3863 702 3912 asistere
721 3859 768 3912 lib.
788 3859 834 3922 ΙΙΙ,
855 3866 876 3923 1,
895 3863 909 3908 6
929 3876 954 3924 p.
972 3864 1017 3909 139
1031 3857 1092 3910 Cas.
1110 3862 1161 3923 τῆ(
1180 3861 1299 3909 παλαιὰ(

159 3954 272 4018 μνήμη(
296 3954 386 4017 ἔχουει
409 3954 606 4018 (υγγράμματα
630 3955 674 4004 καὶ
698 3953 841 4018 ποιήματα
864 3954 909 4003 καὶ
928 3953 1032 4013 νόμον(
1055 3952 1206 4015 ἐμμέτρου(
1228 3951 1299 4003 ἑξα-

158 4047 341 4110 κιεχιλίων
360 4046 451 4097 ἐπῶν
470 4048 533 4109 (ποιι
553 4047 636 4111 έτών)
656 4047 694 4098 ὥ(
712 4045 794 4111 quau]
