2948 4996
531 314 672 360 ricimer
696 312 843 359 sciurus.
1195 297 1257 358 423

199 469 370 532 Maluimus
398 470 505 531 autem
532 466 625 530 huius
654 464 886 529 emendationis
913 464 1137 528 necessitatem
1161 468 1257 527 antea

112 581 333 644 demonstrare
361 599 399 641 ex
427 578 497 662 ipso
520 576 674 640 Diodoro:
703 597 789 640 nunc
812 574 902 659 quasi
925 575 1084 638 cumulum
1112 574 1257 638 addimus

112 689 362 773 Thucydidis
392 688 627 752 auctoritatem.
671 687 703 750 A
725 708 786 769 quo
808 686 892 770 quod
913 688 1108 769 postremam
1130 685 1256 748 Perdic-

114 821 172 863 cae
194 799 391 863 mentionem
411 799 535 861 factam
557 817 626 860 esse
648 800 804 879 putarimt
826 817 946 877 omnes,
971 795 1024 879 qui
1046 795 1081 858 in
1104 794 1256 859 Archelai

112 913 255 974 aetatem
276 908 520 993 inquisiverunt,
544 907 599 971 lib.
616 906 664 970 VI
687 928 714 970 c.
729 908 764 989 7,
788 907 826 970 de
849 928 911 990 quo
933 905 1055 968 dictum
1077 907 1126 968 est
1147 927 1254 988 supra,

110 1020 270 1084 falluntur
306 1019 391 1082 haud
425 1016 639 1081 mediocriter.
694 1016 819 1100 Nempe
855 1014 1099 1100 praetermissus
1136 1018 1185 1079 est
1221 1015 1256 1079 in

112 1129 234 1193 Dukeri
256 1129 361 1194 indice
382 1152 413 1192 v.
438 1127 653 1192 Perdiccas
675 1127 763 1191 locus
785 1127 840 1190 lib.
857 1126 921 1190 VH
937 1148 964 1190 ο.
982 1126 1017 1208 9,
1042 1148 1136 1210 quem
1157 1127 1256 1191 miror
1276 1146 1305 1191 12¹

111 1240 212 1304 etiam
223 1238 340 1303 Naelrii
362 1238 564 1323 diligentiam
586 1237 826 1322 subterfugisse,
851 1236 1080 1302 Choeriliorum
1102 1259 1134 1320 p.
1150 1237 1192 1302 25
1207 1260 1253 1321 sq.

110 1372 178 1413 non
207 1349 463 1434 improbabiliter
496 1348 534 1412 de
563 1347 722 1412 Archelao
750 1347 954 1431 disputantis.
1010 1345 1118 1410 Verba
1148 1350 1255 1411 autem

109 1459 305 1543 Thucydidis
328 1460 407 1523 haec
429 1461 520 1522 sunt:
553 1459 588 1524 ἐν
611 1460 646 1522 δὲ
668 1464 714 1543 τῷ
738 1458 825 1543 αὐτῷ
853 1459 937 1538 θέρει
963 1459 1152 1524 τελευτῶντι
1180 1457 1255 1542 (hoc

109 1572 162 1634 est
184 1569 300 1653 olymp.
323 1569 408 1651 XCI,
432 1570 467 1653 3)
491 1570 541 1633 καὶ
563 1568 699 1634 Εὐετίυιν
723 1568 742 1633 ὁ
766 1569 941 1647 ετρατηγὸτ
963 1569 1137 1646 Ἀθηναίων
1160 1570 1255 1649 μετὰ

108 1681 334 1759 Περδίκκου
357 1679 546 1759 ττρατεύτοιτ
569 1679 623 1743 ἐπ’
646 1678 835 1759 Ἀμφίπολιν
858 1700 885 1741 e.
902 1700 933 1762 q.
950 1700 975 1741 s.
1022 1677 1142 1753 Quibus
1165 1678 1254 1742 doce-

109 1795 165 1853 tur
187 1790 404 1873 apertissime,
434 1789 545 1853 eodem
572 1788 812 1872 olympiadis
835 1787 919 1854 XCI
947 1810 1049 1851 anno
1071 1790 1193 1853 tertio
1222 1795 1254 1854 et

110 1899 297 1964 Perdiccam
319 1900 385 1964 vita
408 1899 540 1963 cessisse
568 1901 601 1962 et
628 1897 674 1961 ad
697 1898 907 1982 imperium
935 1899 1157 1964 accessisse
1180 1902 1252 1964 Ar-

110 2009 303 2092 chelaum,
333 2010 388 2094 qui
409 2009 537 2094 quidem
558 2030 659 2093 regno
681 2008 822 2092 praefuit
842 2031 941 2092 usque
970 2009 1010 2071 ad
1032 2010 1073 2073 ol.
1099 2009 1196 2094 XCV,
1225 2015 1250 2075 l.

108 2119 225 2203 Itaque
251 2123 288 2182 ut
314 2119 375 2183 hoc
403 2119 500 2183 etiam
528 2118 658 2201 addam,
687 2118 770 2202 quod
797 2141 816 2182 a
843 2119 931 2182 nullo
959 2119 1025 2182 vidi
1052 2120 1251 2203 adnotatum,

108 2250 207 2312 quam
234 2229 310 2292 solis
339 2229 553 2293 defectionem
575 2228 727 2293 Archelai
755 2231 860 2292 aetate
889 2228 1042 2293 accidisse
1064 2234 1177 2295 narrat
1199 2231 1251 2296 Se·
1320 2305 1331 2319 ⁶

109 2360 191 2402 neca
210 2339 252 2404 ‚de
274 2339 437 2404 beneficiis
458 2339 500 2422 V,
523 2340 560 2422 6,
585 2360 622 2402 ea
645 2338 789 2423 apprime
812 2339 947 2423 quadrat
968 2340 1003 2403 in
1025 2340 1151 2424 imperii
1173 2345 1251 2405 tem-

109 2470 169 2532 pus
185 2449 334 2514 Archelai
358 2449 404 2512 ita
426 2452 462 2513 nt
485 2471 504 2512 a
525 2449 619 2514 nobis
634 2449 756 2514 factum
771 2453 820 2513 est
843 2449 1126 2534 circumscriptum.
1158 2453 1251 2516 Acci-

108 2558 158 2622 dit
180 2559 266 2623 enim
287 2559 343 2623 illa
368 2559 481 2623 ultimo
503 2560 579 2623 belli
601 2559 865 2642 Peloponnesiaci
888 2581 991 2644 anno,
1020 2561 1081 2626 boc
1103 2566 1251 2627 estante

109 2668 262 2733 Archelai
284 2673 420 2734 mortem
442 2670 536 2734 annis
559 2672 718 2755 quattuor.
764 2668 813 2735 tt.
829 2669 955 2734 Petavii
978 2670 1090 2736 Doctr.
1111 2675 1210 2757 temp.
1234 2674 1250 2738 I

108 2801 140 2861 p.
164 2779 237 2844 495,

194 2889 289 2952 Nunc
312 2889 437 2955 demum
464 2891 504 2953 ad
527 2889 730 2954 Athenaeum
753 2890 829 2955 licet
850 2885 983 2973 reverti,
1013 2892 1048 2954 in
1071 2892 1158 2956 cuius
1181 2913 1249 2956 ver-

108 2998 157 3061 bis
179 2999 446 3064 reconcinnsndis
468 3023 582 3084 parum
603 2999 664 3063 sibi
687 3000 808 3064 cavisse
824 3000 1047 3066 Casaubonum
1070 3003 1248 3067 censuimus

107 3130 215 3191 supra.
259 3109 476 3174 Memorabilis
500 3114 548 3174 est
570 3113 677 3174 autem
700 3109 993 3196 Schweighaeuseri
1021 3113 1246 3197 incogitantia.

106 3217 142 3280 Is
165 3218 250 3281 enim
271 3220 399 3283 tametsi
422 3219 573 3284 Archelai
599 3224 736 3284 mortem
757 3243 925 3304 perperam
953 3221 993 3284 ad
1015 3222 1250 3299 Aristocratem

106 3326 294 3392 archontem
322 3328 558 3421 astasaubono
585 3330 698 3394 referri
727 3334 812 3394 recte
834 3331 959 3394 monuit
987 3331 1094 3395 adnot.
1129 3356 1161 3416 p.
1184 3334 1248 3398 234

105 3436 170 3500 vol.
193 3436 259 3520 111,
288 3442 486 3503 tamennon
508 3440 601 3504 modo
624 3439 804 3504 Gasauboni
827 3442 1034 3525 scripturam,
1064 3443 1246 3507 coniectura

104 3547 339 3632 excogitatam,
378 3550 413 3613 in
440 3550 608 3613 verborum
638 3551 911 3615 continuationem
937 3551 1098 3616 Athenaei
1126 3554 1247 3638 recepit

103 3679 229 3720 summa
256 3658 490 3723 inconstantia:
527 3661 644 3746 quippe
673 3664 757 3724 certe
790 3663 853 3726 ἕω(
880 3663 1080 3740 Ἀντιγένους
1107 3665 1246 3728 scriben-

102 3766 183 3829 dum
204 3770 274 3831 erat
295 3767 365 3832 loco
380 3768 500 3834 Calliae
524 3769 775 3836 Casanboniani:
799 3772 853 3835 sed
876 3772 984 3854 etiam,
1008 3774 1157 3857 quoniam
1179 3798 1245 3842 τεε-
1282 3770 1285 3774 ’

101 3878 326 3956 caperratum
352 3879 584 3943 restituendum
613 3902 680 3944 esse
708 3881 791 3964 apud
819 3881 993 3946 Diodorum
1021 3883 1184 3949 Dodwello
1212 3890 1245 3950 et

102 3985 146 4048 W
150 3986 321 4072 esselingio
344 3988 455 4069 credit,
479 3989 555 4053 licet
577 3992 618 4053 ab
641 3995 902 4074 argumentorum
923 3993 955 4056 vi
971 3993 1049 4056 satis
1071 3994 1242 4077 destitutis,

100 4096 154 4158 vel
178 4095 239 4158 hac
261 4098 386 4161 ratione
410 4098 531 4163 Calliae
553 4122 671 4163 nomen
694 4105 778 4164 recte
801 4123 834 4165 se
857 4102 974 4166 habere
996 4107 1147 4188 nugatur,
1172 4127 1243 4169 curn

98 4206 203 4270 etiam
225 4207 267 4270 ol.
292 4206 381 4271 Xon
403 4210 482 4273 anni
504 4210 598 4292 primi
621 4209 741 4274 archon
763 4210 841 4274 item
863 4211 981 4276 Callias
1002 4213 1109 4278 fuerit.
1156 4214 1243 4290 Quae

98 4316 310 4400 computandi
333 4318 415 4382 ratio
443 4320 521 4382 adeo
543 4320 658 4385 fefellit
680 4320 782 4385 virum
810 4322 927 4407 alioqui
954 4345 1020 4387 non
1049 4324 1240 4410 imperitum,
