2904 4996
490 371 649 418 sunnone
673 370 845 417 (κακίων.
1178 354 1239 418 729

97 523 313 588 contendendi
337 528 412 587 sunt
434 547 463 587 v.
490 524 549 587 727
573 546 640 607 sqq.
678 522 865 608 [Vulgatem
887 524 921 587 iu
945 524 1005 608 Op.
1031 529 1064 588 ct
1086 524 1115 587 d.
1141 525 1238 608 scrip·

95 639 203 699 turam
226 634 333 697 dedita
348 655 445 718 opero
468 633 611 697 defendit
633 655 745 697 censor
767 634 889 717 opellae
912 637 1041 697 nostrae
1057 635 1091 698 in
1107 634 1239 698 Diumis

96 745 296 810 scholasticis
319 767 348 807 a.
376 744 457 809 1832
478 767 510 827 p.
533 744 595 807 942
618 766 664 828 sq.
710 743 779 807 Nec
802 766 821 807 a
843 720 1049 827 simplicitate
1072 745 1154 827 epici
1176 767 1239 808 ser-

63 854 218 936 monis,
242 855 322 918 alias
345 853 560 918 dubitationes
582 857 618 916 ut
640 854 801 936 omittam,
830 855 994 937 proposita
1016 853 1092 917 olim
1116 855 1240 918 coniec-
1325 843 1328 848 ’

96 970 170 1028 tura
197 988 263 1029 non
291 968 398 1048 potest
425 965 530 1028 aliena
559 963 668 1027 videri.
714 963 882 1027 Leniorem
910 964 996 1027 viam
1022 964 1153 1027 memini
1177 968 1240 1028 stu-

97 1075 221 1139 diorum
244 1074 433 1138 Halensium
460 1073 580 1138 socium
609 1073 831 1137 suavissimum
853 1073 1043 1138 Mauricium
1066 1073 1244 1157 Seyffer-⁴

96 1189 176 1248 tum
198 1183 345 1248 suadere:
382 1187 440 1264 τὴν
468 1186 502 1250 δ’
524 1186 635 1264 ἑτέρην
664 1223 707 1232 -
735 1185 895 1264 προτέρην
922 1187 979 1264 μὲν
1008 1184 1153 1260 ἐγείνατο
1177 1185 1240 1249 Νὺξ

96 1297 247 1376 ἐρεβεννή
277 1333 321 1345 -
351 1299 446 1374 θῆκεν
485 1295 567 1375 ἔριν
608 1294 762 1374 Κρονίδη(
800 1295 954 1374 ὑψίζυγος
1115 1296 1239 1360 πολλόν

97 1405 238 1492 ἀμείνω]

183 1575 231 1638 De
253 1574 426 1639 Hesiodo
457 1576 553 1639 aliam
576 1575 736 1658 quandam
758 1575 953 1638 sententiam
975 1596 1079 1638 meam
1102 1575 1242 1638 breviter
1260 1590 1292 1636 3-1

100 1685 302 1770 significabo.
348 1685 603 1770 Theogoniac
633 1685 717 1748 enim
749 1706 856 1748 versus
889 1683 1055 1747 lor—112
1088 1685 1134 1749 sio
1165 1688 1242 1768 puto

99 1796 357 1879 transponendos
381 1818 463 1864 csse:

185 1951 308 2030 χαίρετε
331 1929 434 2016 τέκνα
449 1952 545 2032 Διὸς,
570 1951 644 2015 δότε
668 1949 700 2012 δ’
722 1949 904 2027 ἱμερόεςςαν
928 1947 1052 2030 ἀοιδήν,
1194 1958 1242 2008 lor

182 2059 291 2125 εἴπατε
314 2062 360 2139 δ’,
384 2061 428 2125 ὡς
450 2065 640 2140 ταπρῶτα
662 2059 729 2125 θεοί
751 2059 801 2122 καί
825 2060 844 2122 Γ
846 2061 899 2122 αῑα
921 2059 1070 2134 γένοντο,
1196 2067 1243 2127 108
1300 2139 1302 2143 ι

183 2171 233 2234 καὶ
255 2171 400 2249 Ποταμοῖ
427 2173 478 2235 καὶ
499 2171 628 2235 Πόντος
650 2168 812 2248 ἀπείριτος
835 2168 958 2246 οἴδματι
980 2169 1068 2233 θύων

184 2281 299 2359 Ἄςτρα
321 2302 355 2345 τε
378 2281 609 2358 λαμπετόωντα
632 2281 681 2343 καί
704 2279 852 2357 Οὐρανὸς
875 2274 969 2357 εὐρὺς
993 2279 1139 2357 ὕπερθεν.

184 2390 300 2454 κλείετε
324 2392 355 2454 δ’
379 2390 551 2456 ἀθανάτων
573 2391 661 2469 ἱερὸν
685 2390 781 2479 γένος
802 2389 869 2453 αἰὲν
893 2389 1028 2469 ἐόντων,
1194 2398 1241 2448 105

85 2520 93 2534 ·
184 2501 215 2563 οἳ
240 2501 297 2578 Γῆς
319 2500 506 2576 ἐξεγένοντο
530 2484 579 2564 καὶ
602 2500 754 2580 Οὐρανοῦ
777 2498 996 2581 ἀςτερόεντος,

183 2610 332 2674 Νυκτός
354 2631 393 2675 τε
416 2614 589 2690 δνοφερῆς,
613 2610 670 2674 οὕς
693 2611 725 2673 θ’
748 2610 888 2688 ἁλμυρὸς
910 2609 1025 2689 ἔτρεφε
1048 2610 1182 2674 πόντος

184 2719 229 2784 ὡς
250 2721 284 2783 δ’
306 2720 429 2801 ἄφενος
453 2722 608 2785 δάςςαντο
631 2725 694 2785 κτλ.
1195 2730 1242 2780 112

94 2873 136 2936 ln
152 2893 255 2956 versu,
270 2873 332 2956 ‘qui
349 2873 444 2956 vulgo
460 2877 509 2936 est
528 2875 597 2956 1075
621 2874 717 2957 plane
741 2872 892 2935 abhorret
908 2873 948 2936 ab
965 2873 1073 2955 epicae
1089 2870 1242 2935 orationis

94 2983 293 3066 proprietate
329 2983 496 3047 collocatio
530 2984 698 3047 verborum
728 2983 848 3047 Νυκτός
876 2983 926 3046 καὶ
955 2987 1134 3063 δνοφερῆςε
1170 3003 1242 3064 quo-

98 3092 184 3156 circa
208 3093 375 3156 Eduardus
399 3093 582 3158 Gerherdus
604 3093 791 3156 Lectionum
814 3092 965 3176 Apollon.
993 3114 1024 3174 p.
1041 3093 1082 3156 58
1107 3092 1244 3155 correxit

98 3205 149 3267 καὶ
174 3205 207 3267 Ν.
224 3209 288 3267 δν.;
313 3204 395 3286 quod
419 3227 483 3267 non
506 3203 690 3286 displiceret
697 3202 793 3284 ,nisi
816 3202 850 3265 in
872 3201 992 3264 Aldino
1014 3202 1152 3284 itemque
1176 3201 1243 3265 Ste-

95 3313 264 3396 phaniano
297 3314 470 3396 exemplari
501 3316 661 3398 legeretur
691 3313 812 3377 Νυκτός
846 3314 880 3376 δὲ
913 3316 1086 3391 δνοφερῆς.
1132 3311 1243 3393 Itaque

97 3424 134 3485 in
157 3422 240 3485 idem
263 3422 341 3522 illud
369 3427 403 3489 τὲ
426 3424 536 3488 κατίετο
562 3422 698 3487 fortasse
726 3422 851 3485 ratione
874 3421 1024 3485 incidisse
1046 3421 1082 3484 L.
1106 3421 1242 3484 Diodor-

94 3534 172 3595 fium
201 3532 293 3596 video
329 3531 413 3619 [post
443 3534 676 3616 Gaisfordium,
711 3533 767 3616 qui
802 3531 879 3595 illud
907 3532 1005 3595 tacite
1033 3534 1199 3614 receperat
1226 3554 1242 3594 e

95 3641 274 3726 Theophila
302 3642 342 3705 ad
366 3644 474 3707 Autol.
498 3644 541 3726 ΙΙ,
565 3643 608 3731 11].
655 3643 800 3726 Denique
824 3641 902 3705 eieci
925 3662 1051 3705 versum
1077 3644 1153 3723 111,
1189 3641 1241 3724 qui

94 3754 162 3815 iam
184 3774 279 3835 supro
302 3752 471 3837 legebatur
492 3756 565 3836 post
587 3776 616 3817 ν.
640 3753 733 3838 45.*)

163 4025 188 4090 *)
213 4022 373 4091 [Verissime
396 4024 504 4078 monuit
523 4027 554 4077 d.
575 4025 749 4078 Hermannus
775 4024 874 4092 Opusc.
899 4023 951 4088 Vt,
976 4030 984 4075 1
1010 4040 1037 4091 p.
1061 4028 1105 4075 161
1130 4022 1242 4076 omnino

92 4118 194 4170 horum
214 4134 341 4171 versuum
360 4118 558 4171 tractationem
576 4136 631 4171 non
650 4117 735 4171 fuisse
754 4117 790 4170 ab
804 4134 837 4170 ea
850 4115 1013 4183 quaestione
1032 4115 1241 4183 seiungendum,
1309 4135 1316 4148 ⁸

90 4225 166 4277 quac
193 4211 236 4264 est
260 4209 294 4263 do
323 4209 496 4264 diversorum
517 4210 737 4279 prooemiorum
752 4209 780 4262 in
805 4226 888 4262 unam
917 4209 1038 4278 speciem
1061 4209 1243 4262 conflatorum

88 4319 238 4370 compage.
278 4302 318 4356 De
342 4320 397 4370 qna
420 4303 583 4370 quaestione
604 4303 670 4357 'vido
688 4321 773 4369 nunc,
797 4305 828 4355 ut
851 4302 880 4355 in
903 4303 993 4355 tribus
1012 4303 1170 4356 nominibus
1189 4302 1242 4372 pri-

88 4395 216 4449 moribus
236 4397 394 4462 subsistam,
413 4396 504 4465 ipsum
517 4398 746 4452 Hermannum
766 4397 811 4451 ‘de
825 4396 938 4465 Hesiodi
954 4395 1135 4467 'theogoniae
1152 4397 1242 4450 forma
