2896 4996
213 310 276 374 592
597 326 643 371 nn
667 326 737 373 oao
761 327 805 373 ar
828 326 970 374 onroua.

215 479 291 561 ipsis
320 478 472 561 exemplis
501 478 632 561 debere,
667 479 702 542 in
735 478 848 562 quibus
876 479 1005 562 plenam
1034 477 1190 543 habemus
1220 480 1364 543 nominis

214 588 494 673 significationem.
541 588 602 653 Sed
624 591 660 651 ut
688 589 850 673 paulisper
872 589 1064 672 largiamur,
1088 589 1194 672 ipsum
1218 591 1364 653 Alexan-

214 699 341 763 drinum
369 699 614 783 grammaticum
642 699 759 783 quippe
788 699 889 763 altero
917 701 1097 783 graviorem
1126 701 1271 783 satisque
1297 724 1363 764 om-

214 810 308 872 nibus
335 813 448 873 notum
473 830 514 873 ne
542 810 667 893 eguisse
696 809 822 892 quidem
851 808 1054 893 diligentiore
1083 810 1227 873 nominis
1251 811 1363 874 defini·

214 923 312 1002 tione,
337 920 473 984 alterum
496 924 608 984 contra
630 923 666 983 ut
687 920 879 983 mediocrem
905 919 1098 1004 magistrum
1119 920 1241 1004 illoque
1263 921 1363 1006 longe

214 1030 398 1093 inferiorem
425 1032 570 1114 (propter
596 1030 656 1093 boo
684 1029 787 1113 ipsum
810 1052 829 1092 a
852 1029 949 1093 Suida
978 1029 1127 1093 videlicet
1154 1031 1362 1113 praetermis-

214 1142 297 1224 sum)
331 1163 397 1203 non
425 1141 565 1223 potuisse
594 1141 656 1203 nisi
686 1141 810 1203 adiecto
833 1140 963 1203 nomine
985 1140 1101 1224 gentili
1125 1139 1292 1203 Milesium
1316 1141 1362 1204 in·

214 1251 339 1335 tellegi:
374 1253 484 1314 tamen
505 1250 589 1313 idem
611 1251 796 1334 priusquam
819 1250 1039 1331 concedamus,
1064 1250 1206 1332 primum
1229 1273 1361 1334 respon-

215 1360 282 1424 deri
303 1361 397 1423 nobis
419 1360 479 1423 hoc
501 1361 661 1441 iubemus,
691 1360 744 1443 qui
767 1361 897 1424 tandem
924 1362 1047 1424 factum
1070 1363 1122 1443 sit,
1147 1361 1233 1443 quod
1257 1383 1362 1424 exem-

215 1470 275 1554 plis
297 1471 428 1534 minime
450 1471 561 1555 paucis
584 1473 679 1554 (quae
701 1472 787 1535 infra
811 1472 1002 1555 consignata
1024 1472 1154 1555 quaere)
1179 1471 1215 1534 in
1239 1472 1361 1556 Magno

216 1580 402 1644 Gudianove
424 1581 646 1665 Etymologico
669 1582 768 1661 Ὦρος
790 1582 927 1664 positrmr
951 1584 999 1644 est
1021 1581 1230 1664 simpliciter,
1259 1583 1360 1661 Ὦρος

216 1693 234 1756 ὁ
258 1694 408 1770 Μιλήειο(
432 1695 540 1754 autem
562 1693 611 1754 vel
634 1692 718 1775 apud
741 1692 899 1755 Zonaram
921 1691 1055 1775 legitur,
1086 1691 1136 1754 vel
1158 1692 1196 1754 in
1220 1691 1358 1755 Bekkeri

166 1819 198 1866 10
217 1801 402 1885 Bloohiique
418 1802 575 1886 excerptis
591 1803 747 1865 Parisinis
763 1806 796 1866 et
807 1801 1045 1866 Hauniensibus
1061 1801 1218 1864 affertur?
1234 1801 1359 1865 Deinde

216 1913 293 1974 illud
315 1912 420 1995 ipsum
442 1935 503 1996 quo
520 1912 613 1976 modo
635 1913 869 1977 demonstretur
891 1913 971 1976 scire
988 1912 1142 1996 cupimuS,
1166 1912 1359 1975 volucriora

215 2023 265 2085 vel
288 2024 436 2107 graviora
458 2025 509 2087 vel
531 2045 727 2107 quocumque
749 2023 841 2086 inodo
864 2023 1111 2105 praestabiliora.
1123 2044 1193 2086 esse
1214 2045 1298 2106 quae
1320 2023 1358 2085 ad

217 2133 329 2216 Orum,
360 2157 455 2217 quarn
483 2155 563 2217 quae
592 2133 632 2197 ad
655 2134 753 2198 Orum
781 2133 940 2196 Milesium
963 2133 997 2196 in
1019 2132 1256 2216 Etymologicis
1280 2134 1357 2196 refe

216 2249 344 2308 rantur:
378 2267 511 2328 quorum
533 2251 658 2308 nosmet
680 2266 834 2308 summam
857 2243 1000 2307 videmur
1023 2242 1287 2306 convenientiam
1308 2243 1358 2306 de

216 2355 430 2438 prehendisse.
462 2355 599 2419 Accedit
620 2358 727 2418 antem
749 2353 915 2418 eiusmodi
938 2356 1163 2438 argumentum
1187 2353 1357 2436 quoddam,

216 2466 299 2549 quod
322 2466 407 2529 vinci
431 2469 584 2550 nequeat,
613 2466 674 2529 hoc
697 2465 840 2549 quidem,
870 2464 953 2548 quod
981 2485 1062 2547 quae
1085 2463 1215 2547 singula
1238 2464 1358 2546 scripta

218 2576 282 2640 Oro
298 2576 517 2639 Alexandrino
533 2576 645 2640 Suidas
667 2576 791 2658 tribuit,
815 2575 926 2638 eadem
947 2575 981 2638 in
1004 2573 1240 2657 Etymologicis
1264 2574 1358 2656 plane

217 2690 250 2749 et
273 2689 459 2749 constanter
486 2688 627 2750 citantur
654 2690 818 2768 tamquam
846 2685 902 2750 Ori
931 2684 1066 2766 Milesii,
1101 2683 1161 2746 hoc
1191 2687 1241 2746 est
1265 2686 1359 2763 ὀρθο-

216 2799 366 2878 γραφικά,
389 2800 461 2877 περὶ
482 2798 663 2877 διχρόνων,
686 2796 800 2879 quibus
823 2795 937 2859 addere
960 2796 1067 2860 ἐθνικά
1096 2815 1162 2856 non
1185 2794 1358 2876 dubitabit,

216 2908 270 2991 qui
292 2910 375 2991 quod
398 2929 448 2971 res
471 2908 541 2990 ipsa
563 2907 675 2971 suadet
698 2910 730 2970 et
752 2928 810 2970 nos
833 2904 1064 2990 disputabimus
1086 2904 1192 2987 infra,
1223 2904 1360 2989 diligen·

216 3022 265 3081 ter
287 2997 501 3102 perpenderit.

301 3128 388 3203 Quae
419 3151 490 3193 curn
519 3129 566 3191 ita
593 3128 674 3211 sint,
707 3149 773 3203 non
799 3126 972 3191 verendum
1000 3129 1049 3190 est
1078 3146 1120 3189 ne
1153 3125 1361 3191 artificiosius

217 3239 380 3302 videamur
407 3261 503 3323 quam
531 3239 661 3303 criticae
684 3238 745 3301 arti
770 3236 1010 3301 convenientius
1033 3256 1146 3320 agere,
1179 3259 1254 3300 cum
1278 3238 1362 3319 elap

216 3349 259 3412 sis
293 3350 413 3433 aliquot
441 3350 491 3414 vel
524 3349 628 3413 verbis
656 3349 706 3411 vel
739 3348 882 3412 versibus
909 3347 987 3410 duas
1014 3346 1267 3430 pronuntiamus
1296 3347 1362 3411 Sui-

217 3459 275 3523 dae
303 3461 485 3524 notationes
513 3481 681 3543 perperam
710 3459 881 3540 coaluisse,
914 3457 960 3521 sic
988 3457 1056 3519 fere
1083 3456 1156 3519 illas
1182 3457 1363 3542 antiquitus

216 3571 368 3653 scriptas:

216 3680 315 3759 Ὧρος
343 3664 582 3760 Ἀλεξανδρὲύε,
604 3680 827 3759 γραμματικός,
850 3679 1020 3743 παιδεύεα(
1049 3678 1084 3742 ἐν
1116 3679 1365 3746 Κωνεταντίνου

301 3792 392 3855 πόλει
415 3840 691 3856 ..........
716 3790 853 3873 (ἔγραψε
876 3839 1001 3852 .....
1003 3789 1016 3870 l

216 3900 313 3980 Ὠρο(
338 3902 488 3979 Μιλήειοε
511 3952 517 3965 .
541 3952 547 3964 .
572 3908 596 3965 .“
601 3951 787 3964 .......
811 3901 933 3979 ἔγραψε
961 3899 1032 3977 περὶ
1055 3899 1239 3977 διχρόνων,
1276 3902 1366 3966 tumr

300 4013 340 4074 τὰ
362 4012 469 4075 ἐθνικὰ
491 4013 633 4089 λεκτέον,
658 4012 759 4075 tricae
782 4031 809 4073 e.
834 4031 864 4092 q.
889 4007 953 4093 s.*)

301 4268 325 4333 ²⁸)
353 4267 441 4335 [Hanc
463 4265 630 4321 sententiam
657 4283 713 4334 qna
734 4263 975 4333 Bernhardyus
997 4261 1098 4317 fiducia
1124 4260 1154 4316 in
1185 4266 1369 4323 enarratione

217 4359 318 4415 Suidne
330 4368 351 4414 t.
365 4361 398 4427 H,
413 4367 425 4413 1
438 4377 466 4429 p.
482 4365 546 4416 1285
564 4359 687 4415 ‘omnino
706 4377 800 4415 carere
818 4356 1028 4429 probabilitate’
1041 4357 1251 4428 pronuntiavit,
1270 4362 1370 4416 eadem
