3008 5002
242 309 301 373 184
533 307 537 315 '
644 326 690 371 nn
714 326 988 373 Ιςτιιτιοιιατιιιλ·

240 479 268 542 Ε
291 478 523 543 Schwaraianis
546 482 652 541 autem
673 480 909 542 commentariis
932 482 1208 544 commemoranda
1231 505 1268 544 ea
1292 486 1377 563 sunt,

128 580 130 585 ’
174 564 321 672 iniquae
349 590 402 651 ille
424 587 673 670 interpretandis
701 589 841 654 ἁπλοῖς
870 590 997 669 βιβλίοις
1025 590 1238 655 bibliothecae
1261 592 1379 676 Perga-

241 721 353 762 menae
382 698 491 761 attulit
518 721 548 780 p.
578 698 629 762 65.
685 698 769 760 Nam
801 720 871 761 eum
906 700 1057 762 usitatrun
1090 700 1188 764 fuerit
1217 703 1380 784 complura

241 809 402 871 volumina
419 808 577 870 communi
593 808 720 871 vinculo
737 808 888 891 colligare
909 809 942 871 in
958 831 1056 872 unum
1073 831 1186 892 eorpus
1208 811 1379 893 quoddam,

168 941 172 949 ·
241 921 327 983 ἁπλᾶ
342 918 504 1001 intellegit
518 918 646 1000 singula
662 917 823 980 volumina
840 923 929 981 extra
945 920 1022 982 istos
1037 920 1207 983 fasciculos
1222 925 1379 1003 spectata.

241 1028 324 1091 Vide
346 1027 555 1092 Corollarium
578 1030 723 1089 nestrum
746 1049 776 1108 p.
801 1029 843 1089 34
867 1028 963 1116 [1521

326 1252 356 1314 5.
398 1247 445 1309 De
472 1247 624 1309 librorum
653 1247 856 1311 multitudine
884 1251 917 1311 et
944 1251 1082 1329 ambitu,
1113 1272 1190 1332 quos
1217 1251 1383 1333 reliquisse

242 1358 361 1442 singuli
384 1356 511 1439 quidam
534 1357 704 1438 scriptores
727 1357 889 1438 feruntur,
919 1358 1055 1421 diximus
1079 1358 1162 1421 Bibl.
1187 1361 1239 1422 Al.
1264 1382 1296 1442 p.
1324 1361 1385 1424 130

243 1491 310 1552 sqq.
329 1466 399 1531 coll.
420 1466 489 1547 119,
507 1466 560 1528 ubi
577 1488 654 1548 <quos
670 1465 927 1531 Zoroastreorum
943 1468 1095 1530 librorum
1111 1490 1219 1531 versus
1236 1469 1385 1532 2000000

243 1577 421 1661 posuimus,
452 1576 480 1637 ei
508 1597 639 1638 numero
668 1576 784 1658 aliquid
816 1577 1008 1641 firmamenti
1038 1578 1165 1640 aliunde
1193 1578 1383 1663 accedere*l

245 1685 464 1769 comperimus,
510 1684 786 1748 Praetermisimus
811 1691 916 1748 autem
934 1686 1088 1770 Diogenis
1110 1687 1208 1750 verba
1226 1688 1384 1769 quaedam

244 1795 402 1859 Prooemii
428 1796 481 1856 16:
511 1796 560 1857 καί
583 1795 691 1872 οἱμὲν
719 1796 826 1861 αὐτῶν
853 1799 1023 1861 κατέλιπον
1048 1798 1274 1874 ὑπομνήματα,
1304 1799 1334 1861 οί
1356 1801 1385 1862 δ’
1446 1834 1451 1841 ·

245 1907 330 1970 ὅλως
359 1906 398 1968 οὐ
422 1905 625 1982 ςυνέγραψαν
773 1907 802 1969 ol
830 1910 865 1970 δὲ
888 1907 950 1971 ἀνὰ
972 1909 1006 1971 ἓν
1033 1907 1290 1984 ςυγγράψαντες,
1321 1909 1385 1970 Μέ-

245 2021 361 2089 λιςςος7
394 2015 610 2092 Παρμενίδης,
645 2016 874 2092 Ἀναξαγόρας·
908 2018 1014 2080 πολλὰ
1047 2019 1080 2079 δὲ
1114 2017 1246 2093 Ζήνων,
1281 2019 1384 2080 πλείω

246 2125 453 2205 Ξενοφάνης,
492 2124 592 2187 πλείω
626 2124 841 2201 Δημόκριτος,
878 2127 978 2189 πλείω
1017 2127 1246 2204 Ἀριςτοτέλης,
1284 2127 1384 2190 πλείω

245 2235 444 2313 Ἐπίκουρος,
479 2234 580 2297 πλείω
612 2234 802 2311 Χρύςιππος.
853 2234 931 2297 (lum
966 2234 1014 2295 liis
1044 2234 1264 2297 contendenda
1298 2240 1384 2316 sunt,

245 2366 325 2427 quae
354 2343 437 2425 apud
466 2342 598 2405 cundem
629 2342 806 2425 Diogenem
830 2345 979 2427 leguntur
1002 2343 1046 2423 X,
1076 2343 1132 2407 25:
1160 2346 1209 2407 καὶ
1233 2346 1386 2409 Ἀπολλό-

246 2461 351 2531 δωρος
374 2454 392 2516 ὁ
415 2453 657 2530 κηποτάραννος
680 2454 815 2527 γέγονεν
832 2455 1014 2531 ἐλλόγιμος,
1037 2456 1074 2517 ὃς
1097 2454 1177 2532 ὑπὲρ
1200 2455 1386 2531 τετρακόςια

247 2565 427 2641 ςυνέγραψε
450 2563 552 2641 βιβλία
576 2611 634 2623 ...
659 2562 775 2639 Ζήνων
799 2584 832 2626 τε
849 2565 866 2626 δ
883 2564 1034 2647 (ιδιίινιος
1058 2563 1215 2642 ἀκροατὴς
1232 2565 1385 2628 Ἀπολλο-

247 2676 356 2751 δώρου
378 2671 590 2751 πολυγράφος
618 2672 699 2748 ἀνήρ
723 2674 830 2733 ...et
853 2673 872 2744 β
895 2672 951 2731 ‘lo'z
978 2675 1094 2748 γέγονε
1122 2675 1157 2736 δὲ
1180 2674 1198 2736 δ
1222 2677 1386 2751 πολυγρα-

248 2781 434 2863 φώτατοςὸ
451 2781 648 2856 Ἐπίκουρος,
672 2783 795 2845 πάντας
811 2781 1088 2860 ὑπερβαλλόμενος
1104 2784 1215 2858 πλήθει
1239 2784 1385 2862 βιβλίων·

247 2895 408 2970 κύλινδροι
436 2895 492 2968 μὲν
522 2892 583 2969 γάρ
614 2892 695 2969 πρὸς
723 2892 798 2953 τοὺς
827 2892 1022 2968 τριακοςίους
1051 2892 1105 2955 εἰςί
1213 2893 1328 2970 ἐζήλου
1351 2896 1386 2956 δὲ

248 3005 346 3066 αὐτὸν
364 3002 544 3078 Χρύςιππος
560 3001 595 3063 ἐν
611 3001 828 3080 πολυγραφίᾳ.
855 2999 942 3083 Ergo
958 3002 977 3064 δ
993 3002 1292 3080 πολυγραφώτατος
1309 3002 1385 3064 illud

247 3110 523 3193 interpretandum
534 3112 618 3186 πλὴν
633 3110 826 3187 Χρυςίππου.
852 3110 931 3183 Qun]
947 3113 1052 3172 aulem
1064 3109 1141 3171 illud
1152 3132 1219 3171 esse
1231 3110 1385 3190 dicamus,

248 3221 330 3304 quod
353 3220 449 3282 etiam
469 3217 651 3301 Apollodori
675 3218 763 3280 libris
787 3218 1031 3301 quadringentis
1047 3221 1239 3301 superantur
1254 3219 1385 3302 Epicuri

248 3333 393 3393 trecenta
409 3328 592 3390 volumina?
619 3326 708 3402 Quod
725 3327 770 3389 ita
786 3330 912 3390 tantum
928 3333 1013 3391 recte
1027 3350 1060 3390 se
1076 3329 1223 3408 haberet,
1241 3329 1267 3391 si
1285 3331 1386 3394 κυλίν-

248 3447 345 3519 δρους
368 3440 478 3501 liceret
493 3444 610 3500 cortices
631 3437 847 3518 interpretari.
887 3439 1020 3501 λίνοιο
1042 3438 1143 3499 maior
1166 3438 1276 3500 haberi
1293 3461 1387 3521 quam

250 3551 371 3630 βιβλίου
383 3546 470 3611 nullo
483 3552 577 3628 paeto
589 3548 758 3624 κυλίνδρου
770 3547 880 3609 modus
894 3552 1008 3629 potest,
1023 3550 1057 3609 ut
1072 3569 1133 3629 quo
1148 3547 1218 3630 ipsa
1231 3555 1389 3612 υοΙιωιυιιδ·

251 3659 339 3721 notio
354 3657 547 3719 declaretur:
571 3655 601 3717 id
624 3655 706 3737 quod
728 3660 814 3717 recte
830 3658 946 3720 Comes
962 3657 1123 3739 perspexit
1139 3657 1223 3738 apud
1239 3651 1389 3721 Schaefe-

252 3797 451 3805 -n-——ssr--m

318 3862 342 3926 *1
366 3861 497 3928 Apprime
520 3866 592 3917 enim
615 3866 642 3917 in
669 3866 741 3918 hune
764 3883 908 3918 numerum
932 3867 1071 3930 convenit,
1101 3866 1175 3932 quod
1197 3867 1307 3919 Masndi
1333 3870 1392 3936 (qui

251 3955 341 4007 medio
361 3956 416 4007 sere
436 3958 545 4009 sacculo
563 3957 676 4017 Xvixit)
694 3959 879 4011 Alexandrum
899 3960 1031 4025 Magnum
1050 3958 1172 4027 prodidit
1190 3960 1277 4013 libros
1290 3961 1393 4015 Zoroa-

252 4050 340 4100 streos
368 4048 395 4099 in
418 4048 508 4101 Persis
531 4051 687 4118 repperisse
710 4052 799 4104 aureis
822 4051 921 4103 litteris
945 4054 972 4103 in
998 4058 1078 4104 12000
1101 4051 1181 4103 coriis
1209 4053 1391 4122 perscriptos.

252 4140 479 4194 Commodissime
502 4144 574 4195 eninr
594 4144 764 4209 singulorum
777 4144 919 4213 *coriorum
943 4144 1026 4196 fuisse
1048 4149 1094 4197 107
1112 4162 1208 4197 versus
1233 4146 1393 4200 credentur.

252 4231 391 4284 Debemus
413 4233 492 4285 huius
510 4235 549 4286 rei
568 4236 709 4297 notitiam,
732 4253 835 4302 quaec
855 4236 941 4288 Notit.
961 4241 989 4289 et
1007 4239 1127 4304 excerpt.
1152 4255 1208 4287 mss
1228 4237 1300 4290 Bibl.
1321 4240 1392 4307 Reg.

252 4324 305 4375 vol.
327 4325 382 4390 lp.
402 4332 432 4376 ‘21
452 4326 541 4392 petita
559 4331 613 4391 est,
637 4328 816 4380 eruditissimi
833 4329 957 4395 collegae
977 4328 1125 4381 Christiani
1144 4329 1261 4382 Lasseni
1279 4329 1393 4384 indicio.
