3008 5002
551 337 587 382 m
610 337 891 384 nmsromrmrsn.
1230 322 1291 386 227

152 490 215 552 tire
242 487 368 551 videtur
395 487 656 552 Schneidewinus
685 490 705 552 l.
737 511 763 553 c.
787 512 819 574 p.
844 490 915 572 952,
946 491 999 574 qui
1027 490 1185 554 miscellos
1215 513 1293 575 quos

152 595 287 664 dicimus
309 600 445 685 [codices
478 600 598 682 opponi
630 600 827 683 simplicibus
861 601 916 663 ait.
976 601 1020 663 Et
1052 602 1139 684 prior
1167 601 1294 686 quidem

152 711 316 774 sententia
344 710 390 773 ita
419 714 616 792 comparata·
633 714 697 792 est,
733 714 769 773 ut
798 732 835 774 ea
862 733 943 794 quae
975 716 1087 774 contra
1120 711 1295 795 disputavit

153 820 381 903 Bemhardyus
403 820 424 883 l.
450 843 489 902 c.,
519 821 674 903 aquibus
702 843 759 883 sua
789 820 934 884 defendit
961 820 1155 885 Ritschelius
1178 820 1294 887 Coroll.

154 955 186 1015 p.
202 932 244 996 34
259 953 341 1015 sqq,
363 953 429 994 non
450 930 642 1013 impeditura
657 935 765 994 essent
793 932 959 1015 quominus
982 954 1052 995 eam
1074 932 1293 1016 amplecterer,

153 1041 247 1105 modo
262 1042 364 1124 riam,
388 1063 451 1125 qua
467 1040 507 1104 ad
521 1041 619 1104 rerba
641 1044 715 1124 apte
737 1043 1043 1125 accommodaretur,
1069 1042 1294 1126 conspicerem.

154 1151 239 1216 Nam
262 1174 334 1216 curn
361 1152 464 1215 latina
491 1151 604 1234 rerba,
630 1147 652 1214 'a
675 1152 787 1234 quibus
815 1153 976 1236 profectus
995 1158 1068 1217 erat
1090 1152 1294 1233 RitscheliuS,

154 1284 220 1326 non
254 1263 324 1326 sinc
357 1262 492 1326 artificio
525 1262 560 1325 in
589 1283 659 1326 earn
692 1285 787 1346 quam
819 1263 910 1345 posui
943 1263 1137 1326 sententiam
1170 1262 1296 1326 deflecti

154 1376 289 1457 queant,
313 1377 382 1436 tum
405 1375 515 1456 aperte
530 1372 741 1436 adversantur
755 1394 882 1457 graeca.
921 1372 1056 1437 Viderat
1076 1375 1135 1437 hoc
1151 1372 1296 1437 Ritsche·

154 1485 216 1547 lius
239 1488 272 1547 et
293 1483 446 1547 auxilium
467 1484 599 1566 petebat
614 1505 633 1545 a
649 1482 787 1547 Parisini
810 1483 928 1547 codicis
951 1483 1110 1566 scriptura
1125 1488 1296 1562 ευμμιγῶν,

154 1616 212 1677 pro
240 1617 302 1678 qua
326 1594 500 1674 (υμμὶκτων
527 1593 591 1656 dici
620 1597 822 1676 oportuerat,
852 1595 878 1657 ai
901 1593 982 1656 varii
1004 1594 1055 1657 vel
1083 1594 1174 1658 mixti
1201 1615 1296 1679 argu-
1315 1601 1364 1649 247

155 1705 256 1769 menti
279 1705 378 1768 libros
401 1703 578 1788 significari
593 1703 710 1766 Tactza
733 1704 893 1767 voluisset.
939 1703 1112 1787 Nunquam
1133 1705 1218 1768 enim
1239 1705 1296 1768 hos

155 1819 327 1894 (spumeis,
357 1815 412 1877 sed
435 1815 621 1893 conaturos(
644 1819 829 1878 constanter
855 1814 1021 1898 appellari.
1067 1814 1236 1899 Largimur
1259 1836 1297 1878 ex

155 1927 214 1989 hoc
242 1947 302 1988 usu
329 1928 416 1988 recta
444 1925 552 2009 colligi
581 1925 664 2008 quod
686 1925 786 1989 voluit
812 1925 881 2005 ille,
911 1928 1068 2003 couniret(
1096 1926 1224 2006 βίβλου(
1251 1925 1297 1988 ita

154 2035 217 2098 dici
226 2085 234 2118 ,
258 2038 295 2098 ut
310 2057 376 2098 non
391 2034 591 2119 singulorum
607 2035 760 2098 librorum
775 2035 898 2099 indoles
914 2035 1096 2118 multiplex,
1121 2035 1176 2099 sed
1196 2036 1297 2099 mixta

155 2145 301 2208 condicio
317 2145 536 2209 universorum
551 2149 706 2229 tanquam
721 2146 979 2225 (υμμεμιγμένων
1001 2149 1177 2229 spectatum
1200 2146 1296 2230 largi-

154 2277 225 2318 mur
246 2257 324 2319 item
352 2276 410 2338 pro
434 2259 583 2338 corrupta
608 2256 645 2318 in
668 2255 883 2319 Ambrosiano
910 2255 1018 2319 codice
1041 2261 1197 2335 capparim
1220 2277 1297 2320 voce

155 2369 315 2445 (υμμιγῶν
338 2366 444 2448 potius
472 2387 567 2449 quam
587 2366 763 2444 (υμμίκτων
785 2365 1016 2430 restituendum
1038 2366 1151 2430 fuisse:
1175 2366 1298 2430 scilicet

153 2498 220 2540 non
243 2476 366 2539 minore
389 2475 579 2539 difficultate
601 2476 803 2539 laborantes
826 2497 907 2560 quae
922 2476 1070 2559 opposita
1092 2480 1167 2540 sunt
1181 2477 1295 2542 ἁπλῶν

153 2589 190 2650 δὲ
218 2588 269 2651 καὶ
297 2586 447 2665 ἀμιεγῶν.
492 2585 577 2649 Nam
604 2590 639 2648 ut
666 2586 804 2665 ἀμιιγεῐ(
832 2587 883 2649 rel
912 2588 1046 2668 ἀμιγεῖς,
1078 2587 1138 2651 hoc
1160 2592 1297 2650 estnon

153 2696 246 2759 mixti
269 2696 320 2759 rel
343 2695 475 2780 digesti,
499 2698 585 2771 recte
607 2695 757 2760 dicantur
778 2696 801 2759 ii
824 2696 913 2778 libri,
938 2697 1090 2779 aquibus
1113 2697 1192 2779 alia,
1216 2719 1296 2780 quae

155 2828 227 2870 cum
254 2806 294 2868 iis
318 2807 489 2870 coniuncta
517 2811 601 2889 erat,
630 2828 705 2889 para
733 2806 871 2870 discreta
893 2810 992 2888 esset,
1021 2807 1118 2870 iidem
1145 2829 1206 2890 quo
1228 2807 1296 2870 iure

153 2916 315 2999 simplices
331 2917 550 2999 appellentur,
575 2920 701 2980 auteur
716 2917 821 2980 minus
837 2920 982 2999 apertum
997 2917 1195 2998 vocabulum,
1213 2918 1295 2999 quod

153 3049 196 3090 ne
210 3026 349 3110 oppositi
366 3027 492 3110 quidem
508 3028 673 3107 (ύμμικτοε
689 3027 772 3091 ratio
787 3027 956 3110 poscebat,
974 3026 1132 3089 addiderit
1147 3025 1294 3107 scriptor,

153 3159 221 3200 non
243 3137 401 3220 intelligo
445 3135 530 3200 Nam
546 3159 618 3201 cum
640 3138 741 3218 βίβλοι
763 3159 829 3201 non
851 3138 913 3220 ipsi
930 3137 1121 3220 scriptorum
1137 3156 1295 3198 commcn-

152 3248 229 3310 tarii
259 3251 292 3310 et
321 3247 463 3311 carmina
485 3251 650 3330 poetarum
677 3248 759 3329 sint,
791 3247 846 3310 sed
873 3247 1051 3328 volumina,
1080 3246 1193 3329 quibus
1216 3245 1296 3309 haec

153 3357 385 3441 comprehensa
398 3360 491 3421 erant
502 3358 559 3442 (cf.
573 3357 784 3422 Ritschelium
799 3357 837 3420 de
853 3357 951 3420 schol.
965 3356 1069 3420 Plaut.
1083 3379 1114 3438 p.
1128 3355 1168 3418 27
1180 3357 1213 3418 et
1223 3354 1293 3418 lnd.

153 3469 228 3532 lect.
250 3467 316 3531 hib.
339 3466 444 3531 Bonn.
467 3491 486 3530 a
508 3469 590 3532 1840
604 3490 636 3550 p.
652 3467 699 3531 IX
721 3466 829 3553 [supra
847 3490 880 3550 p.
897 3466 1005 3553 1861),
1028 3467 1099 3549 ipsa
1120 3464 1293 3545 volumina,

152 3583 325 3662 propterca
346 3578 428 3661 quod
452 3578 580 3663 singula
603 3579 755 3642 librorum
775 3599 852 3661 quos
869 3576 1080 3640 continebant
1101 3575 1295 3657 exemplaria

152 3692 265 3772 erant,
290 3688 419 3772 reliquis
440 3689 475 3752 in
495 3689 555 3753 hoc
577 3710 709 3752 numero
731 3709 797 3751 non
820 3686 1027 3770 computatis,
1052 3685 1209 3769 simplicia
1232 3684 1294 3749 dici

152 3820 356 3883 nequaquam
385 3803 566 3881 potuerunt.
612 3799 724 3883 Itaque
748 3821 818 3862 cum
841 3819 879 3861 aa
901 3818 969 3860 esse
989 3796 1105 3859 debeat
1126 3795 1240 3860 ἁπλῶν
1263 3799 1295 3858 et

152 3910 332 3988 ευμμίκτων
361 3909 528 3973 verborum
556 3909 619 3990 via,
649 3931 729 3992 quae
756 3909 896 3991 ipsorum
922 3906 1118 3969 voluminum
1146 3909 1294 3968 naturam
1356 3960 1358 3964 .

151 4019 291 4104 quodam
314 4017 407 4081 modo
435 4022 567 4103 tangat,
597 4019 749 4082 maiorem
771 4017 1031 4100 probabilitatem
1053 4018 1094 4079 ab
1120 4013 1182 4078 h'ac
1203 4019 1294 4097 parte

151 4129 253 4192 habet
268 4129 371 4192 altera
387 4130 557 4192 sentent-ia.
597 4128 656 4192 Sed
673 4129 799 4192 laborat
814 4149 852 4190 ex
868 4127 931 4189 alia
946 4130 1053 4209 parte,
1070 4124 1152 4209 quod
1168 4127 1294 4187 tantam

151 4261 263 4303 eorum
291 4238 504 4321 voluminum,
534 4261 615 4322 quae
643 4239 839 4301 diversorum
866 4237 1056 4321 scriptorum
1085 4235 1182 4298 libros
1212 4256 1293 4298 com-

151 4349 389 4432 plecterentur,
419 4348 655 4412 multitudinem
678 4348 820 4411 extitisse
843 4346 1045 4411 nullomodo
1068 4345 1153 4409 credi
1177 4348 1292 4427 potest.

1031 4449 1092 4513 15ιμ
