2948 4996
534 306 654 360 oanni
678 306 841 360 6016111.
1198 292 1259 361 391

122 462 185 532 Vbi
209 489 280 531 cum
295 461 464 550 Bergkius,
488 464 566 529 item
588 463 693 528 deleto
706 466 870 547 Πέλοπος,
894 463 948 528 sed
964 466 1091 530 servato
1114 486 1184 529 cum
1207 489 1259 532 πω
1280 479 1295 526 1

120 582 189 640 tum
212 578 323 655 εἰπεῖν,
351 576 469 639 desua
493 576 675 639 coniectura
698 579 818 655 (χῆμα
844 576 988 654 μέγιετον
1010 575 1155 658 scripsit,
1183 576 1261 640 fecit

120 687 154 750 id
175 688 230 751 ille
253 686 380 771 quidem
407 688 443 748 11
471 684 650 768 strophiaas
677 687 809 749 πώποτε
839 686 972 765 βλαετόν
1001 685 1141 768 syllabas
1171 707 1261 750 exae-

120 799 253 881 quaret,
287 796 342 860 sed
371 796 508 859 fortasse
537 795 634 858 etiam
667 816 704 858 eo
731 792 835 858 motus
864 796 912 858 est
938 794 1021 878 quod
1049 816 1121 858 mox
1150 797 1261 859 eadem

121 907 248 986 αὔχημα
269 928 330 969 vox
351 905 435 969 redit
456 927 486 968 1.
511 905 582 969 713.
627 903 748 968 Verum
775 907 831 968 aut
856 904 999 967 fallimur
1021 908 1077 968 aut
1098 904 1207 969 dedita
1228 905 1260 968 id

121 1037 219 1099 opera
241 1018 336 1099 poeta
359 1016 405 1078 sic
426 1014 578 1095 instituit,
602 1036 664 1099 quo
686 1014 806 1078 maiore
830 1036 901 1077 cum
923 1015 954 1077 11
976 1014 1124 1079 beneficii
1142 1037 1160 1078 a
1176 1014 1261 1098 Nep-

120 1129 201 1189 tuno
230 1125 348 1189 conlati
376 1124 609 1208 praestantiam
638 1124 763 1187 efferret
790 1124 825 1187 in
847 1124 933 1188 hunc
960 1125 1105 1189 modum:
1144 1125 1261 1209 ‘splen-

121 1235 232 1299 dorem
254 1235 454 1298 Athenarum
476 1235 665 1316 maximum,
695 1233 749 1317 qni
771 1236 820 1297 est
842 1238 987 1317 equester
1008 1235 1210 1318 navalisque:
1243 1257 1262 1299 o

121 1348 199 1408 nate
222 1344 371 1428 Saturno,
395 1347 463 1408 1116
479 1365 512 1407 es
528 1344 614 1407 enim
636 1344 691 1427 qui
707 1365 743 1407 eo
759 1343 828 1426 ipso
845 1344 880 1407 in
902 1343 1070 1426 splendore
1093 1344 1165 1408 illas
1189 1367 1261 1408 con-

121 1455 301 1519 locaveris.'
345 1453 415 1519 Nea
447 1475 505 1537 per
532 1475 565 1517 sc
586 1453 665 1517 illud
687 1454 814 1537 placere
838 1459 938 1534 (χῆμα
959 1457 1083 1538 potest,
1114 1457 1151 1518 ut
1178 1455 1261 1538 quod

121 1567 179 1627 aut
212 1565 324 1628 misere
357 1565 511 1650 langueat
540 1569 573 1627 61
601 1585 729 1647 prosam
762 1564 867 1647 potius
897 1565 1075 1628 orationem
1108 1565 1259 1649 redoleat,

121 1679 179 1738 aut
204 1674 244 1736 ad
267 1675 372 1758 specie
387 1674 532 1758 equinae,
556 1674 584 1737 si
602 1673 697 1756 forte,
721 1673 914 1758 dignitatem
929 1675 1065 1738 relatum
1088 1677 1173 1738 certe
1195 1697 1262 1739 non

121 1787 270 1863 μέγιετον
293 1785 494 1866 adiectivum,
519 1783 573 1847 sed
597 1784 762 1850 adituros
783 1784 833 1848 161
855 1788 1195 1865 μεγαλοπρεπέεταταν
1210 1786 1261 1849 161

121 1894 251 1978 aliquod
273 1895 375 1958 simile
397 1894 458 1958 sibi
479 1893 674 1978 postulabat.
705 1893 800 1958 lines
824 1898 930 1959 autem
952 1895 1126 1959 modestiae
1147 1896 1262 1959 merito

120 2004 332 2068 iudicabimus
353 2003 535 2068 Nauckium
557 2005 745 2087 excessisse,
776 2005 830 2088 qni
852 2005 981 2088 reliquis
1004 2006 1138 2069 servatis
1161 2006 1261 2070 omni·

119 2114 182 2178 bus
215 2135 295 2197 quae
328 2114 515 2179 convellisse
547 2117 657 2177 nostra
691 2114 908 2197 disputatione
936 2115 1094 2198 videmur,
1132 2116 1196 2179 vim
1230 2120 1263 2179 61

118 2245 237 2287 manus
258 2223 529 2288 innocentissimis
551 2224 713 2288 vocabulis
744 2224 924 2309 eisdemque
953 2225 1151 2310 gravissimis
1177 2226 1262 2289 intu-

118 2334 172 2415 lit,
194 2332 256 2397 hoc
278 2334 517 2398 emendatorum
540 2334 690 2398 nimirum
705 2357 853 2399 versuum
875 2336 1021 2418 exemplo
1042 2335 1204 2418 proposito
1227 2337 1260 2399 in

120 2442 300 2526 appendice
322 2444 470 2508 editionis
493 2443 780 2509 Schneidewiniae:

251 2614 323 2679 οὐδ’
345 2615 381 2680 ἐν
404 2615 528 2694 Δωρίδι
550 2614 637 2701 νάεῳ
659 2615 813 2681 Πέλοπα(
835 2617 967 2682 πώποτε
991 2619 1126 2698 βλαετόν

249 2771 357 2847 δῶρον
379 2767 531 2845 δαίμονος
554 2768 665 2847 εἰπεῖν,
687 2769 914 2849 μεγαλαύχημα
935 2771 1089 2849 μέγιετον.

119 2933 204 3010 Quid
233 2935 318 3029 enim
346 2958 463 3020 quaeso
491 2936 597 3020 aptius
620 2937 660 3000 ad
687 2938 883 3022 singularem
910 2938 1037 3001 landem
1060 2912 1260 3002 Athenarum

119 3044 363 3129 declarandam,
398 3069 504 3131 quam·
520 3046 555 3111 in
583 3050 695 3111 tantae
723 3047 956 3134 magnitudinis
989 3052 1075 3111 terra
1105 3071 1261 3132 nusquam

119 3155 313 3218 naturaliter
339 3157 580 3242 progenitam*)
609 3159 750 3223 nobilem
779 3158 881 3222 oleam
911 3157 997 3223 diei?
1035 3162 1090 3222 aut
1118 3158 1191 3242 quid
1221 3159 1261 3222 ad

189 3401 214 3469 *)
227 3401 300 3455 Nam
316 3419 352 3455 ne
370 3400 437 3469 quid
454 3419 537 3468 erres,
557 3401 597 3457 sic
607 3403 657 3457 illa
674 3406 704 3458 et
721 3403 908 3458 construenda
923 3406 987 3458 sunt
1005 3406 1033 3458 et
1049 3402 1262 3473 interpretanda

119 3495 290 3548 necessario:
320 3495 382 3549 οἷον
406 3497 531 3561 οὐδαμοῦ
562 3498 745 3565 ἀχείρητον
776 3499 921 3564 βλαετόν
951 3515 1022 3551 ποτε
1045 3501 1177 3565 φύτευμα
1197 3499 1260 3550 ἐπα-

120 3589 208 3654 rodus,
235 3587 347 3641 minime
374 3588 412 3642 sic
438 3588 595 3644 divellenda
620 3590 858 3660 interpungendo:
894 3590 956 3644 οἷον
983 3593 1108 3656 οὐδαμοῦ
1141 3592 1261 3656 βλαετόν

120 3684 192 3734 ποτ’
209 3683 352 3746 ἐπακοὺω,
375 3683 501 3748 φύτευμ’
523 3683 673 3751 ἀχεῐρητον
696 3685 797 3738 ἐλαίας.
834 3683 953 3737 Omnino
972 3683 1046 3737 enirn
1070 3686 1098 3737 et
1116 3682 1260 3752 Sophoclis

120 3775 215 3828 aetate
238 3775 267 3827 61
285 3773 332 3827 diu
350 3777 416 3828 1116
434 3776 479 3829 sat
495 3775 606 3844 largum
628 3777 752 3831 olearum
774 3779 940 3846 proventum
959 3776 1044 3830 etiam
1061 3780 1173 3845 praeter
1190 3776 1261 3829 Atti·

122 3883 184 3920 carn
206 3867 291 3921 scrisse
314 3868 376 3934 quis
399 3870 443 3921 cst
465 3869 513 3936 qui
534 3873 637 3938 neget?
674 3869 729 3924 Sed
751 3872 890 3924 communi
911 3872 1001 3924 matre
1019 3869 1113 3922 Attica
1130 3869 1260 3923 oriundas

120 3961 197 4013 fama
215 3959 332 4025 ferebat,
350 3979 407 4015 non
425 3963 609 4027 αὐτόχθονας.
631 3994 664 4001 -
686 3963 762 4017 Neve
781 3963 869 4018 ‘olim'
892 3963 985 4031 potius
1004 3980 1086 4030 quam
1107 3969 1260 4029 ‘umquam’

120 4070 184 4106 cum
201 4052 368 4120 quibusdam
387 4057 457 4108 ποτέ
478 4055 645 4123 particulam
667 4056 864 4126 interpretare,
886 4055 1070 4124 reputandum
1093 4057 1136 4109 est
1157 4055 1187 4107 id
1208 4056 1261 4109 hac

120 4163 188 4199 sane
206 4146 316 4200 ratione
335 4147 393 4200 fieri
410 4148 547 4216 potuisse:
574 4149 636 4203 οἷον
655 4152 751 4204 ἄλλοθι
769 4151 903 4203 ἐπακούω
922 4151 956 4202 οὐ
976 4151 1096 4215 βλαετόν
1114 4166 1198 4217 ποτε,
1222 4149 1261 4203 sic

119 4241 215 4293 111611
234 4240 296 4293 οἷον
314 4241 367 4293 οὐκ
385 4242 518 4295 ἐπακούω
538 4243 636 4297 ἄλλοθί
659 4260 730 4297 ποτε
748 4245 869 4308 βλαετόν
891 4260 946 4296 non
964 4260 1047 4311 posse
1065 4242 1118 4296 nisi
1136 4245 1185 4296 aut
1201 4260 1263 4312 per·

119 4348 202 4386 versa
219 4332 361 4386 sententia
383 4336 432 4387 aut
448 4352 536 4403 prava
553 4335 687 4389 oratione.
