2896 4996
230 302 291 364 616
612 316 658 363 na
682 315 751 363 ono
775 317 819 362 nr
842 315 984 363 01101111.

231 493 302 534 rum
324 471 365 533 ab
381 471 445 535 Oro
469 470 648 553 citatorum,
672 490 766 552 quem
788 473 808 548 ξ
829 468 870 530 26
894 467 1128 551 exhibebimus,
1150 469 1253 532 altero
1276 469 1373 533 etiam

224 581 354 663 'aptiore
386 580 462 662 hoc,
503 580 585 664 quod
619 579 789 642 eorundem
827 578 1083 642 convenientiam
1117 578 1373 643 testimoniorum

232 691 329 753 etiam
345 691 379 753 in
395 691 545 774 congruis
561 690 617 754 Ori
641 693 673 752 et
689 689 817 755 Orionis
839 688 969 752 vocibus
991 710 1058 752 non
1073 689 1170 752 nullis
1193 694 1374 753 monstrare

232 800 317 863 licet.
363 799 409 863 Vt
430 799 598 864 Philoxeni
621 801 656 864 ἐν
679 807 725 884 τῷ
749 801 820 878 περὶ
834 800 1001 878 Ῥωμαίων
1024 802 1191 864 διαλέκτου
1214 822 1245 863 v.
1270 802 1374 880 ξέετη(

232 911 288 975 Or.
320 933 351 992 p.
378 910 453 992 11⁶3,
480 912 534 991 15,
565 911 618 973 Et.
642 911 686 973 M.
711 909 788 991 611,
820 912 853 990 13
881 907 1062 972 Heraclidis
1090 908 1172 992 (non
1200 908 1374 974 Heracliti:

232 1020 303 1083 vide
326 1019 404 1083 Zon.
428 1042 460 1102 p.
481 1020 574 1104 1655)
617 1024 631 1082 t
653 1018 830 1082 Herodiani
852 1041 881 1081 v.
904 1019 1016 1083 (κότοε
1039 1018 1093 1083 Or.
1113 1021 1185 1102 147,
1203 1021 1234 1103 7,
1259 1019 1373 1084 111111.

227 1131 306 1212 719,
330 1131 387 1212 333
409 1129 535 1194 Irenaei
558 1152 587 1193 v.
605 1130 757 1209 oque'oo
781 1130 835 1192 Or.
859 1152 890 1211 p.
910 1130 981 1209 157,
996 1131 1028 1211 4,
1052 1129 1105 1192 Et.
1123 1129 1168 1193 M.
1185 1151 1215 1213 p.
1233 1130 1308 1212 780,
1324 1131 1373 1194 49.

233 1239 342 1304 Vnum
371 1239 438 1302 eius
466 1240 550 1303 modi
578 1239 695 1303 litteris
720 1239 936 1323 ,consignab0,
971 1242 1007 1302 ut
1034 1239 1164 1303 ultimos
1193 1261 1232 1302 ex
1262 1240 1375 1303 animis

234 1350 399 1433 scrupulos
422 1350 566 1412 evellam.
597 1349 646 1412 De
668 1351 853 1429 1111001000
876 1353 948 1432 post
970 1349 1033 1412 alia
1056 1350 1214 1433 quaedam
1236 1351 1285 1414 sic
1308 1372 1374 1414 cum

235 1460 312 1523 Orio
334 1459 467 1523 tradidit
488 1482 520 1542 p.
545 1461 596 1542 68,
620 1460 641 1523 4
664 1463 732 1522 111111
755 1457 895 1522 Zonaras
917 1481 947 1541 p.
975 1459 1071 1524 1001:

472 1654 548 1719 Orio
1020 1652 1162 1718 Zonaras

235 1793 570 1870 ὁδἐῊρωδιανόε
592 1793 627 1859 ἐν
650 1798 696 1874 τῷ
719 1813 791 1871 cop·
818 1792 836 1855 ὁ
868 1793 910 1855 δὲ
942 1792 1185 1869 ‘aportasse
1218 1793 1310 1871 παρὰ
1340 1793 1374 1855 τὸ

235 1903 337 1986 ποείῳ
361 1893 449 1980 supa
470 1903 507 1966 τὸ
529 1903 709 1981 susipeces
731 1924 791 1982 qq·
819 1902 998 1980 susipeces
1019 1923 1125 1983 onero,
1149 1903 1221 1968 οἷον
1246 1902 1329 1980 ἔπαρ
1349 1924 1374 1964 τι

236 2033 294 2088 (ιν,
313 2012 395 2091 trop
411 2034 439 2076 τι
454 2011 504 2089 ὄν,
520 2014 570 2076 καὶ
585 2012 671 2091 ἧπαρ
687 2019 790 2095 τροπῇ
820 2012 859 2077 ὃν
884 2013 932 2076 καὶ
954 2011 1050 2090 ήπαρ.
1078 2014 1098 2091 ἢ
1127 2013 1216 2091 παρὰ
1245 2015 1283 2077 τὸ
1311 2013 1372 2090 itta

236 2127 294 2186 τοῦ
322 2129 338 2186 ἑ
365 2124 408 2187 εἰ(
436 2127 463 2204 ἠ.
496 2124 515 2199 ἢ
544 2125 632 2202 παρὰ
659 2124 696 2187 τὸ
723 2123 792 2200 ἥδω
818 2124 856 2187 τὸ
879 2122 1092 2203 εὐφραίνομαι
1112 2123 1196 2202 ἢδαρ
1211 2126 1264 2187 καὶ
1279 2124 1373 2200 ἧπαρ·

236 2233 317 2312 stop
342 2234 390 2295 καὶ
412 2232 512 2310 ἧπαρ·
541 2235 576 2297 ἐν
599 2234 704 2316 τούτῳ
732 2234 792 2311 γὰρ
820 2233 855 2297 ἐν
878 2234 939 2311 γὰρ
961 2234 1066 2317 τούτῳ
1088 2240 1134 2317 τῷ
1158 2235 1248 2313 μέρει
1270 2235 1308 2297 τὰ
1323 2237 1374 2309 τῆ(

236 2343 275 2407 τὸ
298 2348 353 2421 τῆ(
375 2343 494 2421 ἡδονή(
521 2344 570 2406 καὶ
592 2344 629 2407 τὸ
652 2347 706 2421 τῆ(
729 2342 794 2408 ἐπι·
819 2344 939 2421 ἡδονῇ(
955 2343 1004 2407 καὶ
1020 2347 1076 2420 τῆ(
1090 2344 1258 2421 ἐπιθυμίας
1282 2345 1373 2419 ἔγκει-

237 2453 354 2530 suptar.
820 2473 878 2517 ται.
908 2452 1035 2517 οὕτω(
1060 2452 1178 2531 'apoc
1209 2453 1229 2518 ὁ
1264 2453 1374 2529 Μιλή-

821 2583 913 2628 croc.

239 2774 358 2849 Quibus
396 2775 547 2856 exemplis
574 2775 629 2859 qui
660 2776 752 2859 phua
784 2774 955 2857 desideret,
994 2773 1065 2837 illas
1098 2795 1222 2858 quoque
1252 2775 1373 2840 Orionis

239 2906 331 2948 voces
365 2885 497 2968 iungere
524 2885 641 2968 possit,
676 2906 754 2969 quas
788 2889 808 2966 ξ
833 2887 870 2948 17
900 2884 1080 2968 aperuimus
1112 2886 1309 2967 supplendas
1340 2906 1374 2946 er

239 2995 461 3079 Etymologico
485 3017 563 3078 esse,
588 2998 845 3076 111Ἀρὶεταρχο(
868 2995 997 3059 nomine
1020 3000 1163 3075 (ταμῑνεε
1184 3017 1307 3078 vocem,
1329 2994 1373 3057 vel

240 3109 351 3169 contra
385 3127 423 3168 ex
462 3106 581 3170 Orione
619 3107 829 3190 supplendam
859 3107 1056 3185 Ἡρωδιανό(
1092 3106 1224 3169 nominc
1265 3107 1374 3186 ῥυθμό(

239 3238 350 3279 vocem
370 3215 597 3301 Etymologici.
626 3255 668 3265 —-
698 3216 869 3280 Praeterea
893 3200 1123 3301 aliquantisper
1145 3217 1298 3299 placebat
1318 3222 1372 3279 ter·

240 3326 320 3390 tium
349 3309 574 3411 argumentum
601 3327 769 3411 quoddam.
814 3328 931 3391 Mirum
959 3330 1007 3390 est
1033 3325 1136 3409 enim,
1172 3328 1372 3410 paucissimos

240 3439 368 3499 tantum
400 3437 570 3520 scriptores
598 3438 639 3500 ab
667 3438 786 3501 Orione
813 3439 848 3502 in
876 3437 1093 3501 testimonium
1120 3438 1228 3502 vocari
1255 3438 1314 3501 hac
1335 3436 1371 3497 lo

241 3546 358 3629 quendi
395 3548 513 3612 forma:
552 3548 677 3613 οὕτω(
714 3548 831 3629 εὖρον
868 3549 909 3613 ἐν
942 3587 1000 3631 -,
1037 3547 1135 3631 longe
1172 3548 1371 3632 plurimorum

241 3657 372 3722 uomina
395 3659 444 3720 vel
467 3659 656 3742 simpliciter
678 3660 797 3743 apponi
823 3659 874 3723 vel
896 3660 964 3723 sola
987 3658 1111 3722 adiecta
1134 3659 1261 3724 οὕτω(
1283 3654 1369 3742 parti·

242 3768 323 3830 cula.
369 3767 414 3831 Vt
441 3791 506 3833 non
534 3791 612 3833 sane
640 3770 794 3834 absurdus
821 3770 880 3852 sit,
910 3771 963 3853 qui
992 3770 1112 3853 priores
1141 3768 1225 3832 solos
1249 3769 1289 3832 ab
1309 3768 1369 3849 ipso

191 3884 223 3930 33
241 3878 341 3942 lectos
370 3878 488 3944 Orione
518 3881 671 3964 coniciat,
706 3880 839 3944 aliorum
868 3880 1059 3944 auctoritate
1089 3879 1204 3943 citatos
1232 3879 1366 3961 reliquos.

243 3989 304 4053 Sed
327 3990 354 4053 si
376 4012 486 4054 verum
509 3992 605 4055 fateri
628 3991 786 4074 volumuS,
816 4014 852 4056 eo
875 3992 910 4056 in
937 4012 1055 4076 genere
1077 4011 1118 4053 ne
1141 3989 1203 4053 sibi
1225 3990 1292 4072 ipse
1311 3984 1366 4069 qui·

242 4099 313 4162 dem
337 4101 491 4164 constitit.
537 4101 621 4165 Nam
644 4101 820 4165 Herodiani
843 4104 914 4183 περὶ
937 4107 1051 4166 παθῶν
1075 4104 1108 4163 et
1129 4102 1202 4180 περὶ
1224 4099 1365 4178 dosora·

242 4210 318 4291 piac
347 4210 444 4275 libros
472 4212 601 4276 tametsi
637 4213 827 4296 aliquotiens
854 4213 961 4296 posuit
988 4211 1121 4275 adiectis
1150 4212 1255 4275 οὕτω(
1280 4206 1362 4285 εὗρον

241 4320 346 4384 verbis
368 4344 399 4405 p.
426 4323 454 4405 7,
482 4325 530 4387 10.
558 4325 606 4406 14,
630 4324 660 4387 3.
688 4325 736 4407 17,
764 4324 811 4387 16.
835 4323 887 4406 57,
911 4324 963 4405 34,
989 4323 1086 4406 longe
1108 4326 1218 4386 tamen
1240 4316 1357 4400 saepius,
