2924 4996
229 330 294 396 538
599 347 647 394 na
669 346 799 395 coorca
822 347 999 394 uramara

229 501 316 585 ipsas
331 498 498 564 Vrbinatis
520 499 595 563 libri
611 502 807 564 correcturas
825 500 979 564 habemus
1001 501 1056 585 qui
1077 522 1145 565 non
1158 524 1225 565 nno
1248 504 1384 568 nomine

231 631 426 675 excusemus.
470 609 515 674 Et
537 631 592 674 eae
615 608 757 693 quidem,
786 631 868 695 quac
890 609 1072 694 probabiles
1094 615 1171 676 stmt
1192 614 1246 677 vel
1268 634 1382 678 neces-

201 702 349 804 sariae,
382 723 494 803 utpote
520 720 556 783 in
583 719 689 784 locum
716 724 826 804 aperte
853 720 1008 785 falsorum
1040 721 1252 788 substitutae:
1286 724 1382 788 modo

230 832 297 896 sint
318 852 375 896 eae
391 831 575 895 coniectura
597 830 765 914 inventae,
788 851 849 894 nec
870 832 977 915 potius
991 835 1192 917 propagatae
1216 855 1256 898 cx
1272 856 1380 899 emen-

230 942 354 1006 datiore
377 941 568 1025 archetypo:
597 941 675 1004 satis
704 940 849 1024 seipsae
877 940 1067 1006 defendunt.
1111 941 1236 1005 Earum
1259 948 1379 1028 autem,

222 1024 311 1136 ’quae
338 1054 395 1116 aut
422 1072 679 1135 supervacaneae
707 1054 783 1115 sunt
815 1055 870 1115 aut
903 1051 968 1115 alia
1001 1051 1040 1115 de
1067 1073 1181 1116 caussa
1209 1057 1379 1137 suspectae

230 1166 287 1226 aut
307 1161 480 1227 manifesto
503 1160 621 1244 falsae,
644 1183 720 1244 pars
742 1161 869 1245 quidem
890 1183 957 1226 non
979 1161 1112 1226 obscure
1127 1164 1378 1247 grammaticum

229 1273 338 1356 arguit
359 1272 410 1336 vel
432 1293 532 1355 pravo
554 1271 735 1356 elegantiae
757 1274 790 1335 et
811 1271 920 1336 neseio
942 1271 1030 1337 cuius
1046 1273 1295 1338 convenientiae
1314 1278 1377 1339 stu·

228 1382 281 1446 dio
314 1381 536 1466 indulgentem
569 1384 735 1465 certasque
767 1381 916 1467 loquendi
954 1383 1223 1467 construendique
1256 1385 1376 1449 formas

152 1527 153 1530 ι
228 1492 263 1556 in
286 1491 408 1556 deliciis
430 1491 614 1573 habentem,
637 1492 689 1555 vel
711 1491 809 1556 etiam
824 1513 905 1556 sana
926 1494 960 1556 et
973 1493 1073 1577 plana
1093 1493 1177 1556 male
1198 1516 1266 1558 non
1286 1518 1375 1560 num-

229 1623 324 1688 quam
346 1601 589 1685 intellegentem
611 1623 854 1685 perversamque
882 1601 917 1666 in
938 1604 1065 1687 partem
1093 1602 1373 1687 interpretantem.

230 1711 348 1776 Verum
371 1712 467 1796 longe
489 1711 615 1777 diversa
637 1732 655 1775 e
678 1733 790 1776 caussa
807 1712 982 1795 repetenda
1004 1712 1068 1776 alia
1089 1735 1165 1798 pars
1189 1718 1256 1799 est,
1281 1737 1374 1800 quam

230 1844 298 1888 esse
320 1821 535 1886 excusabilem
552 1821 743 1907 significavi.
777 1822 908 1886 Etenim
930 1822 994 1886 nisi
1014 1823 1123 1887 omnia
1144 1823 1278 1908 fallunt,
1302 1826 1373 1889 talis

227 1932 290 1996 fuit
317 1932 384 1996 eius
414 1931 547 2014 codicia,
581 1954 643 2015 quo
676 1931 743 1996 sive
770 1932 999 2018 grammaticus
1029 1931 1083 1996 ille
1110 1933 1177 1997 sive
1205 1933 1373 1999 Vrhinatis

227 2041 378 2106 librarius
398 2043 565 2125 utebatur,
595 2042 741 2106 condicio
762 2046 813 2125 ut,
844 2064 917 2107 cum
937 2044 1117 2127 temporum
1137 2043 1259 2109 iniuria
1281 2067 1372 2129 quae·

228 2153 302 2217 dam
324 2152 390 2238 legi
413 2174 478 2217 non
497 2155 648 2236 possent,
678 2152 813 2216 evanida
835 2153 1016 2216 litterarum
1037 2153 1176 2237 vestigia
1198 2153 1372 2219 divinando

227 2263 376 2328 rimanda
397 2266 430 2326 et
457 2263 553 2327 dubia
576 2262 762 2346 opinatione
790 2264 824 2326 in
853 2263 993 2345 aliquam
1020 2284 1211 2347 graecorum
1238 2267 1372 2330 vocabu·

227 2373 331 2438 lorum
352 2373 492 2456 speciem
508 2372 689 2457 colligenda
705 2375 828 2456 essent,
851 2371 915 2436 nisi
937 2372 1019 2436 nihil
1036 2373 1237 2456 perscribere
1251 2376 1370 2440 mallet.

228 2482 314 2547 Nam
334 2483 398 2546 nisi
426 2484 472 2547 sic
500 2486 639 2566 statuas,
668 2484 721 2547 vix
749 2482 925 2567 perspicias
953 2483 1007 2566 qui
1034 2483 1165 2571 omnino
1194 2485 1274 2549 oriri
1296 2486 1372 2550 talia

228 2592 393 2677 potuerint
413 2594 506 2677 quale
528 2596 578 2657 eat
598 2593 630 2676 l,
657 2594 744 2678 14ᾧ
773 2593 978 2659 δουλεύων
1006 2614 1064 2677 pro
1092 2595 1194 2660 ὁδοῦ
1223 2596 1297 2675 ὧν,
1324 2597 1372 2660 vel

227 2702 254 2786 Ι,
274 2701 320 2768 v32
341 2725 383 2781 γε
405 2706 424 2769 ὃ
448 2704 509 2768 καί
531 2725 589 2786 pro
610 2705 736 2782 γένοτ.
780 2703 824 2767 Et
847 2704 1016 2768 confirmat
1043 2702 1128 2768 hanc
1154 2705 1371 2770 coniecturam

176 2825 209 2873 23
228 2812 321 2896 illud,
350 2813 433 2897 quod
461 2816 528 2877 tam
555 2814 644 2878 miris
671 2813 838 2898 scripturis
866 2834 961 2898 saepe
989 2812 1147 2877 finitimae
1179 2819 1259 2879 sunt
1292 2816 1372 2880 aliae

227 2925 442 3008 corruptelae,
466 2947 545 3008 quas
560 2924 588 2988 si
603 2924 643 2988 ad
659 2924 835 3008 spatiomm
848 2945 1031 2988 mensuram
1046 2923 1225 2988 dimetiaris
1232 2975 1241 3008 ,
1258 2947 1372 3010 aequa·

226 3033 310 3098 libus
342 3034 410 3097 fere
441 3034 621 3098 intervallis
652 3034 738 3098 inter
768 3055 801 3097 se
834 3033 992 3098 distantes
1023 3034 1182 3117 reperias:
1216 3036 1303 3099 unde
1335 3039 1372 3099 de

227 3146 386 3209 communi
411 3145 594 3210 chartarum
622 3144 695 3207 labe
723 3143 830 3228 aliqua
859 3166 916 3227 per
938 3143 1115 3227 complures
1144 3166 1253 3209 versus
1276 3146 1370 3230 perti-

226 3258 324 3319 nente
345 3258 432 3319 recte
460 3255 593 3339 cogites.
637 3253 735 3318 Velut
763 3253 878 3336 capitis
904 3255 947 3318 32
975 3254 1073 3318 verba
1100 3254 1158 3318 illa
1185 3255 1214 3319 si
1241 3255 1284 3320 ad
1313 3255 1371 3319 hoc

226 3366 405 3449 exemplum
427 3364 607 3448 perscripta
629 3364 737 3428 auimo
762 3363 963 3428 informaris:

471 3546 595 3623 μαθεῖν·
640 3542 777 3619 καίτοιγε
822 3541 880 3608 οὐκ
923 3542 1083 3621 ἀμνήττου

470 3658 526 3734 τῆ(
550 3653 648 3719 οἰκίαι
668 3653 785 3731 ταύτηε
807 3653 979 3733 ἀφειμένη(
1007 3652 1082 3717 οὐδ’

471 3762 605 3844 ἀμοίρου
637 3768 736 3842 τιμῶν
768 3762 819 3829 alc
845 3764 883 3827 τὸ
916 3761 1081 3841 δαιμόνιον

469 3874 566 3951 γένοε
599 3873 658 3937 ὑπ’
690 3873 873 3952 ἀνθρώπων
905 3871 1082 3952 γεραίρεται

224 4049 320 4113 facile
348 4048 516 4135 intelleges
549 4072 611 4134 quo
645 4049 739 4114 modo
768 4071 806 4113 ex
832 4071 897 4113 uno
923 4049 1013 4113 fonte
1041 4071 1173 4114 manare
1207 4053 1377 4134 potuerint

225 4159 325 4226 ἰδεῖν
346 4181 404 4243 pro
426 4163 553 4241 μαθεῖν,
576 4160 670 4227 ἀνευ
692 4182 751 4244 pro
773 4159 907 4240 ἀμοίρου
930 4163 962 4223 et
982 4180 1025 4237 γε
1048 4160 1068 4224 ὃ
1099 4161 1162 4224 καὶ
1182 4182 1243 4244 pro
1264 4163 1377 4240 revoc

226 4290 304 4356 quas
326 4290 392 4333 non
415 4270 527 4336 dubias
550 4270 745 4358 corruptelas
768 4269 852 4336 solus
875 4273 906 4335 B
925 4271 1024 4335 tenet.
