2904 4996
241 338 303 401 700
575 353 621 398 uu
645 352 801 399 uuuuuo
825 352 1049 400 uuisiououo

239 506 367 569 machi
388 506 429 569 fr.
456 505 531 569 183:
560 506 614 569 ubi
637 507 656 584 ἢ
679 505 809 585 ἄφορον
832 505 998 585 φαρόαιειν
1021 503 1075 568 Et.
1101 505 1145 567 M.
1171 527 1203 588 p.
1231 505 1308 587 175,
1330 506 1380 586 51,

240 616 402 700 integrum
424 636 551 679 versum
573 616 709 679 afferens
731 637 764 698 p.
789 614 860 697 788,
884 614 937 678 27.

324 725 361 789 Ρ.
379 726 431 809 89,
450 727 489 789 16
513 728 545 790 ἐξ
560 725 600 791 οὗ
617 727 666 789 καὶ
689 727 829 788 στεῦταί
847 748 897 800 τις
920 726 1074 808 λωβήσαί
1095 741 1144 807 σε,
1170 726 1246 790 οἷον
1263 726 1298 790 ἐν
1319 730 1382 790 τοῑε

241 815 360 914 (τήθεει
382 837 554 919 διανοεῖταί
576 836 784 913 τιεάδικῆεαι
808 837 826 914 ἢ
849 835 969 914 βλάψαι
991 855 1035 899 εε.
1080 833 1146 898 Vbi
1169 857 1214 900 uc
1237 840 1299 901 τοῦ
1321 836 1381 900 ἀοι·

241 950 330 1023 κῆεαι
352 945 429 1027 ΚΜ,
452 947 568 1026 βλάψει
589 944 630 1007 Κ.
660 981 703 994 —-
731 943 856 1008 senarii
879 944 1032 1028 tragici
1054 965 1123 1008 esse
1147 944 1281 1008 initium
1302 945 1381 1008 vide·

241 1060 308 1119 tur:
332 1056 455 1121 ετεῦταί
476 1077 515 1121 τε
538 1056 678 1136 λωβῆταί
701 1075 743 1119 τε.
902 1106 910 1110 -

325 1164 361 1227 P.
379 1164 430 1248 89,
447 1165 489 1229 29
512 1166 556 1229 ὼε
579 1167 628 1230 καὶ
644 1165 790 1244 ἀλλαχοῦ
805 1165 1006 1244 Πίνδαροε
1028 1166 1228 1250 διθυράμβῳ·
1252 1162 1380 1248 άλάγχω

242 1275 527 1358 τοτε”θοριχθεὶς
556 1275 688 1357 ἐπεῖχεν
716 1272 885 1356 ἀλλότρια.
930 1275 1063 1338 Habent
1090 1274 1157 1338 AM
1180 1274 1288 1357 Petr.,
1322 1298 1380 1339 om.

242 1384 337 1451 BOK.
359 1423 402 1434 —-
424 1386 535 1465 ἀλάχω
558 1387 638 1450 ποτὲ
659 1387 833 1466 θωραχθεὶε
848 1385 883 1448 Μ
897 1384 1001 1467 Petr.;
1023 1406 1096 1448 mox
1120 1386 1218 1466 ἔπεχε
1242 1385 1288 1469 Μ,
1311 1387 1380 1451 ἐπέ-

242 1517 294 1576 χεε
317 1495 404 1559 Petr.
431 1534 473 1543 —-
496 1494 588 1557 Adde
611 1516 649 1558 ex
672 1495 896 1581 Etymologieo
919 1495 1122 1580 Angelieano
1145 1517 1246 1578 supra
1269 1519 1301 1579 p.
1322 1496 1381 1559 699

243 1609 393 1689 excerpta
415 1606 522 1688 ibique
545 1605 709 1670 adnotata.

326 1714 363 1779 P.
380 1716 432 1798 93,
455 1715 498 1778 29
519 1717 568 1780 διὸ
592 1717 642 1779 καὶ
665 1716 684 1780 ὁ
708 1716 904 1796 Καλλίμαχοι
928 1716 1034 1795 οὕτω(
1055 1715 1132 1796 ἔφη·
1148 1713 1260 1798 Ἥρης
1281 1712 1380 1796 ἁγνὸν

246 1811 451 1909 ὑφηνάμεναι
485 1830 561 1909 τῇσι
595 1826 721 1910 μέμηλε
755 1825 868 1900 πάτος.
919 1825 1051 1889 Habent
1083 1824 1149 1888 AM
1187 1824 1289 1907 Petr.,
1322 1846 1378 1888 um.

244 1936 339 2001 BuK.
372 1974 415 1985 -
453 1935 516 1999 Vbi
545 1937 613 2014 ἤμιε
636 1937 676 2002 ἂν
700 1938 878 2016 ὑφηὲμεναι
901 1935 1062 2018 Petreius,
1093 1936 1295 2016 ὑφηγέμεναι
1321 1940 1381 2012 utu

242 2047 479 2125 μέμηλαίπατοε
502 2045 546 2108 Μ.
577 2045 697 2108 Veram
720 2047 921 2127 ὑφηνάμεναι
944 2047 1146 2130 scripturam,
1171 2045 1252 2108 item
1275 2048 1379 2124 Ἣραε,

243 2179 281 2218 ex
306 2156 376 2239 ipso
404 2154 603 2219 Buroueiauo
631 2160 782 2240 quattuor
812 2156 906 2219 anuis
934 2160 1009 2219 ante
1036 2156 1105 2239 ipse
1127 2155 1300 2220 Cramerus
1323 2154 1379 2217 edi·

243 2266 333 2330 derat
356 2267 390 2329 in
413 2265 480 2329 ‘the
502 2266 714 2351 Philolugieal
737 2265 893 2328 Museum'
917 2265 963 2330 IV
991 2288 1022 2348 p.
1049 2265 1119 2329 113.
1144 2302 1185 2312 -
1216 2264 1380 2328 Desidera-

242 2377 351 2441 turin
374 2361 672 2442 Call'imucheiu
1094 2442 1097 2450 ,

327 2485 363 2548 P.
382 2486 470 2569 94,2
494 2487 538 2551 ib(
560 2487 609 2554 καὶ
630 2487 792 2551 ἵΗείοδοε·
824 2489 856 2549 Γ
854 2496 910 2549 utu
926 2486 966 2549 (λε’
984 2509 1035 2549 τοι
1057 2488 1194 2567 πρῶτον
1218 2485 1283 2568 μὲν
1306 2485 1382 2566 ἐγεί·

244 2619 324 2659 νατο
349 2599 425 2659 ἴσον
448 2595 550 2680 ἑαυτῇ
576 2593 736 2676 Οὐρανὸν
758 2594 977 2679 ἀστερόεντα,
1009 2595 1066 2658 ἵνα
1094 2618 1153 2678 μιν
1175 2597 1257 2678 περὶ
1279 2594 1381 2659 πάντα

244 2704 410 2790 καλάτττη.
441 2705 505 2770 Vbi
524 2707 664 2782 ἐγεὶνετο
680 2707 720 2788 Κ,
738 2708 861 2783 ἐγίνετο
878 2707 926 2788 Μ;
941 2728 1014 2769 mox
1029 2708 1068 2784 μὴ
1085 2726 1143 2788 pro
1159 2727 1211 2784 μιν
1231 2704 1333 2768 ΒΚΜ.
1346 2741 1382 2754 μ

243 2816 409 2880 Hesiodi
425 2815 547 2900 Theug.
568 2817 627 2879 126
643 2838 702 2899 sq.,
728 2817 816 2880 cuius
838 2839 958 2880 versus·
970 2816 1047 2879 ulios
1069 2818 1169 2879 testes
1185 2815 1382 2879 Muetzellius

243 2927 282 2991 de
305 2926 429 2990 emend.
454 2926 576 3010 Theog.
600 2949 632 3009 p.
656 2926 719 2991 405
741 2949 786 3009 sq.
812 2927 997 3010 composuit.

327 3036 364 3100 P.
391 3037 468 3119 109,
495 3036 533 3098 12
562 3039 612 3101 καὶ
634 3035 792 3101 Ἡείοδοε·
821 3032 896 3100 ἀλλ’
924 3034 1006 3099 ὅταν
1034 3032 1194 3119 ἡβήσειεν
1226 3037 1284 3099 καὶ
1307 3033 1384 3119 ἥβης

242 3148 366 3232 μέτρον
394 3147 510 3210 ἵκοιτο.
556 3146 621 3209 Vbi
643 3146 765 3227 ἡβήεειε
788 3146 834 3228 K;
867 3147 975 3225 ἣκοιτο
999 3144 1103 3209 ΒΚΜ.
1138 3183 1182 3193 -
1217 3144 1383 3211 Hesiodi

243 3259 303 3341 Op.
329 3259 400 3323 133.

327 3367 364 3431 P.
391 3367 461 3449 118,
488 3368 524 3431 11
550 3369 655 3432 καθὼι
677 3370 727 3432 καὶ
756 3367 930 3446 ὁποιητὴ(
953 3367 1062 3448 φηιὶν·
1093 3370 1221 3449 χειρῶν
1251 3359 1386 3451 ὀλλυμέ-

242 3502 313 3542 νων
336 3472 426 3561 ’ἑομει
449 3477 638 3561 πολάεργος
659 3472 793 3560 Ἀθήνη.
838 3476 902 3541 Vbi
924 3478 974 3542 καὶ
989 3498 1050 3540 om.
1069 3474 1180 3558 BKM;
1204 3478 1304 3558 φηεὶν
1327 3499 1385 3540 om.

242 3589 287 3672 Α,
310 3589 545 3668 ἀπολλυμένων
567 3587 672 3670 Petr.;
695 3589 772 3668 ἔρρα
796 3588 844 3671 Μχ
866 3589 1048 3667 πολύεργον
1071 3586 1149 3650 ΚΜ.
1172 3625 1218 3635 -
1242 3587 1387 3651 Eundem

241 3699 433 3763 versiculum
460 3698 597 3762 Ioannes
620 3698 842 3763 Antiochenus
870 3700 904 3762 in
932 3696 1073 3764 Crameri
1101 3696 1229 3761 Auecd.
1260 3698 1335 3762 Pur.
1358 3697 1386 3760 11

243 3832 272 3891 p.
296 3809 358 3873 383
382 3808 481 3871 talem
509 3787 667 3871 servabit:
705 3809 735 3873 οἱ
765 3810 1061 3888 Ἀναξαγόρειοι
1088 3810 1147 3886 τὴν
1177 3810 1321 3888 Ἀθηνᾶν
1350 3811 1389 3873 εἰ(

241 3922 300 3997 τὴν
318 3920 436 3998 τέχνην
452 3921 696 3998 ἀλληγοροῦειν,
720 3918 795 3983 ὅθεν
819 3919 921 3983 καὶτὸ
945 3915 1141 4000 ὀλλυμένων
1156 3921 1288 3999 χειρῶν
1303 3921 1388 4000 ἔρριι

241 4027 426 4111 πολύμητις
443 4025 581 4111 Ἀθήνη.

326 4138 362 4201 Ρ.
389 4139 460 4219 138,
487 4141 502 4200 1
526 4142 585 4217 τὴν
608 4140 643 4203 δὲ
666 4137 772 4216 ἀπαθῆ
795 4139 846 4202 καὶ
867 4139 1040 4203 ἀνώδυνον
1063 4139 1112 4201 καὶ
1135 4141 1324 4220 πολυχαρῆ,
1348 4140 1389 4203 ὼε

242 4250 291 4311 καὶ
308 4249 519 4328 Καλλίμαχοε·
544 4252 595 4311 ἴθι
618 4258 740 4331 appetu
756 4252 930 4330 γυναικῶν
945 4244 1007 4331 τὴν
1022 4243 1105 4311 tub
1120 4243 1167 4329 ἣν
1184 4245 1301 4332 άνιαι,
1331 4257 1391 4314 βυ·

242 4358 415 4440 μοφθόροι
444 4354 688 4442 ὑπερορώωσιν
717 4359 846 4438 ὅμοιον,
874 4360 912 4423 τὸ
943 4356 976 4443 [i.
1000 4379 1027 4421 e.
1053 4358 1183 4439 ,ὅμοιον
1206 4359 1270 4447 τῷ]
1301 4362 1391 4427 ἔνθεν
