2896 4996
223 363 287 427 deo
608 377 654 422 nn
677 375 747 421 ono
771 377 815 421 ar·
838 374 979 422 omonn.

223 535 352 596 notatas
374 534 542 594 revocatur
564 530 676 612 putida
698 529 835 613 quadam
860 529 1039 613 diligentia.
1071 530 1156 594 Nam
1180 553 1263 614 euru,
1287 556 1370 616 quae
1438 600 1444 614 ι

224 667 243 706 a
258 642 418 706 veteribus
441 643 526 719 πάθη
549 640 757 722 vocabantur,
782 641 826 703 eis
843 641 1080 724 contineantur,
1104 664 1184 724 quus
1200 664 1259 706 nos
1275 643 1370 707 hodie

221 762 339 833 fiperus
360 733 577 834 etymolopicas
599 751 813 834 appellamus:
851 774 954 835 neque
976 752 1063 815 enim
1085 754 1213 836 πάθειι,
1240 755 1280 817 de
1301 755 1369 838 qui-

224 865 282 927 bus
311 863 363 927 hic
392 862 544 946 agimus,
562 862 613 924 vel
641 862 837 945 syntecticus
861 866 893 925 et
915 862 1091 927 rhetoricas
1119 864 1241 948 figuras
1270 865 1370 929 adnu-

224 975 408 1056 merebant,
446 994 527 1056 quae
556 977 632 1036 sunt
660 973 790 1055 τρόποι,
825 973 875 1035 vel
899 973 975 1036 illas
1010 975 1239 1038 vocabulorum
1267 982 1371 1039 muta-

223 1086 345 1167 tiones,
370 1107 451 1167 quae
473 1105 530 1168 per
553 1072 798 1166 apostrophum,
826 1083 956 1166 hyphen
979 1088 1012 1147 et
1033 1085 1283 1168 hypodiastoleu
1304 1088 1370 1152 fac-

223 1201 276 1261 tae
299 1197 377 1259 item
400 1197 484 1274 πάθη
507 1195 667 1277 dicimtur,
691 1194 746 1257 sed
768 1216 843 1277 pars
859 1199 935 1257 sunt
956 1197 1140 1280 προεῳοὶα(
1164 1197 1222 1280 (cf.
1240 1196 1372 1262 Scholia

222 1309 257 1371 in
273 1307 462 1391 Dionysium
485 1306 642 1369 Thracem
664 1328 695 1388 p.
713 1306 785 1368 (574.
810 1306 883 1369 683.
907 1305 979 1370 695.
1005 1307 1077 1370 703.
1103 1307 1165 1370 700
1180 1329 1251 1391 sqq.
1277 1310 1371 1392 713):

222 1424 331 1482 tamen
353 1418 437 1482 Oms
460 1417 587 1501 quidem
609 1418 794 1500 plerumque
817 1416 1006 1498 simpliciter
1026 1420 1154 1480 tantum
1178 1422 1237 1482 aut
1260 1423 1371 1484 πλεο-

221 1535 351 1611 ναιμῷ
386 1531 442 1591 aut
477 1534 601 1611 τροπῇ
636 1531 693 1590 aut
720 1535 892 1611 ευγκοπῇ
926 1531 983 1590 aut
1016 1528 1196 1612 ἀποβολῇ
1231 1530 1370 1593 formam

222 1661 379 1723 quamque
411 1638 479 1701 fieri
514 1638 654 1720 notavit,
690 1661 755 1701 non
788 1660 904 1702 curans
936 1638 1004 1700 fere
1035 1638 1245 1702 artificiosam
1274 1641 1370 1703 istam

222 1750 384 1813 variarum
417 1748 629 1832 partitionum
662 1749 918 1831 multitudinem,
957 1771 1019 1831 qua
1059 1748 1149 1811 velut
1180 1749 1217 1812 in
1253 1751 1370 1833 viginti

222 1861 344 1943 species
372 1860 616 1943 distinguuntur
643 1860 843 1939 uleovccutc
867 1862 900 1921 et
921 1860 1028 1924 ἔνδεια
1050 1860 1187 1942 genera,
1213 1860 1249 1923 in
1273 1863 1370 1940 πρό(-

221 1978 322 2048 θεειν,
364 1971 596 2052 ἀναοίπλωειν,
638 1971 777 2051 ἔκταειν,
813 1972 1022 2051 παρένθειιν,
1056 1970 1287 2048 παρέμπτωειν
1320 1973 1368 2034 vel

221 2083 380 2160 ἔλλειψιν,
403 2082 631 2160 παρέλλειψιν,
654 2081 813 2160 ἔκθλιψιν,
842 2081 1013 2159 ἀποκοπήν
1037 2082 1069 2142 et
1091 2101 1174 2162 quae
1196 2084 1275 2143 sunt
1299 2082 1370 2144 reli·

221 2213 313 2275 quae.
359 2190 450 2265 Quod
484 2212 556 2254 cum
583 2191 630 2253 ita
658 2191 715 2273 sit,
752 2212 809 2254 nos
843 2212 966 2274 quoque
995 2192 1028 2252 et
1059 2190 1200 2253 libenter
1235 2195 1269 2254 et
1302 2192 1370 2254 iure

221 2305 331 2365 nostro
360 2302 395 2363 in
428 2301 597 2364 afferendis
631 2302 688 2366 Ori
721 2286 921 2384 fragmentis
949 2300 1228 2383 supersedebimus
1263 2302 1370 2366 inutili

220 2407 284 2475 ista
305 2414 480 2475 formarum
504 2411 728 2495 descriptione.
761 2410 821 2486 Qui
838 2411 934 2492 enim,
959 2433 1054 2494 quam
1070 2432 1111 2473 ne
1135 2413 1369 2493 grammaticus

221 2523 349 2606 quidem
365 2522 501 2605 singulis
524 2506 743 2585 notationibus
760 2522 976 2585 constantiam
992 2521 1184 2602 adhibuerit,
1210 2523 1247 2585 in
1262 2522 1369 2586 distri-

170 2641 202 2689 62
220 2632 346 2696 buendo
369 2633 436 2715 ipse
459 2633 597 2695 teneas?
632 2656 694 2715 qno
717 2632 851 2714 accedit,
876 2632 959 2716 quod
981 2631 1066 2694 baud
1089 2654 1162 2695 raro
1186 2634 1368 2717 complures

221 2744 344 2808 πάθον(
371 2743 490 2806 formas
518 2744 552 2806 in
576 2766 640 2806 una
669 2744 835 2806 notatione
858 2744 983 2806 irmotus
1005 2742 1114 2805 habes.
1161 2742 1367 2828 Omninoque

220 2877 316 2938 quarn
345 2854 464 2937 poterit
490 2853 678 2916 brevissime
704 2853 765 2917 hoc
793 2876 887 2916 omne
917 2857 1013 2936 eaput
1040 2853 1292 2936 transigendum
1323 2858 1369 2916 est

219 2968 351 3048 propter
378 2964 600 3027 incredibilem
627 2965 713 3027 illius
742 2966 907 3028 doctrinae
936 2963 1153 3045 ieiunitatem,
1191 2986 1275 3047 quae
1306 2987 1366 3027 nou

219 3079 326 3159 potest
354 3075 508 3137 hodierno
537 3075 750 3158 grammatico
777 3098 843 3138 non
870 3097 1028 3137 summum
1057 3095 1165 3137 creare
1188 3075 1365 3138 fastidium.

221 3186 435 3250 Coniunctum
458 3185 519 3248 hoc
541 3189 590 3248 est
614 3207 686 3248 cum
709 3187 753 3248 eis
770 3208 850 3270 (quae
873 3185 912 3247 de
935 3184 1157 3247 imbecillitate
1179 3187 1366 3267 etymolo-

220 3297 337 3380 gicae
360 3297 440 3360 artis
463 3318 559 3378 supra
582 3297 706 3358 monui:
731 3318 812 3379 quae
837 3317 908 3358 eum
932 3295 1027 3358 certis
1050 3295 1202 3378 aquibus
1227 3296 1366 3379 proficis-

220 3411 346 3471 ceretur
374 3406 542 3491 principiis
571 3407 726 3489 quibusve
751 3407 1065 3469 eircmuscriberetur
1087 3405 1208 3468 finibus
1233 3411 1364 3485 careret,

218 3518 252 3579 in
282 3539 439 3581 summam
468 3516 559 3598 lapsa
588 3516 778 3598 coniciendi,
814 3516 911 3579 immo
946 3516 1155 3579 halucinandi
1186 3516 1363 3597 libidinem,

218 3649 300 3711 quae
323 3626 405 3690 nihil
427 3628 488 3690 sibi
511 3649 577 3689 non
599 3627 724 3691 licitum
740 3628 879 3708 duceret,
904 3630 1030 3690 vastam
1045 3626 1162 3689 molem
1184 3627 1366 3709 procrearit

219 3737 497 3821 captiuncularum
519 3759 633 3820 parum
656 3739 892 3801 fructuosarum
915 3741 948 3800 et
970 3737 1128 3800 sterilium
1151 3739 1365 3821 argutiarmn.

219 3848 421 3931 Quapropter
428 3899 436 3930 ,
469 3870 540 3910 erun
569 3870 629 3931 par
656 3847 699 3910 sit
720 3847 814 3910 huius
836 3848 965 3931 generis
988 3847 1096 3909 vilitas
1119 3850 1219 3929 atque
1243 3848 1368 3912 bonitas

219 3958 421 4022 ethnicarum
456 3958 731 4022 observationum:
769 3959 839 4041 pari
868 3961 964 4041 atque
997 3956 1055 4019 has
1083 3956 1259 4040 diligentia
1294 3957 1369 4022 illud

217 4069 366 4152 persequi
388 4069 500 4131 licebit
521 4069 747 4150 festinatione,
778 4072 814 4131 ut
841 4070 909 4131 fere
933 4069 967 4130 in
990 4067 1218 4130 enumerandis
1241 4073 1369 4131 tantum

219 4179 356 4262 singulis
389 4179 609 4242 notationibus
637 4201 735 4262 opera
764 4182 874 4242 nostra
902 4182 1068 4243 versatura
1091 4177 1144 4240 sit.
1191 4178 1232 4241 ln
1255 4179 1370 4262 quibus

220 4304 297 4350 sanc
320 4311 387 4351 non
409 4289 536 4370 desunt,
561 4289 676 4373 quibus
700 4289 829 4352 aliunde
853 4294 949 4371 aitque
973 4310 1011 4350 ex
1035 4279 1233 4371 etymologia
1255 4295 1370 4352 παθῶν

221 4419 281 4482 ope
305 4399 465 4483 explicata
489 4400 690 4483 aliquantum
713 4400 763 4463 vel
787 4399 977 4463 eruditionis
1007 4397 1055 4462 vel
1084 4397 1243 4460 acriminis
1267 4420 1372 4462 acces-
