3008 5002
544 341 580 386 ιιι
604 341 886 389 κιιιατοαυκικιιιι.
1224 324 1284 386 2οῦ

142 501 269 560 νευτῶν
292 493 446 573 Ἑβραίων
476 500 589 572 (οφῶν
616 495 811 574 πεφυκότων
840 496 908 557 καθ’
931 494 1083 572 ἑκατέραν
1112 493 1285 557 διάλεκτον.

143 606 209 668 Τὰ(
231 605 357 668 ἐθνικάτ
378 606 435 681 μἐν
459 603 545 667 οὕτω
568 604 752 682 μετεποίητε
777 604 918 683 βίβλουτ·
946 608 1013 668 τῶν
1036 603 1227 681 Ἑλληνίδων
1251 604 1286 665 δὲ

145 715 282 794 βίβλων,
306 714 350 777 ῶτ
366 714 415 776 καὶ
430 715 605 792 προλαβὼν
631 713 731 792 έφην,
753 714 809 777 τά(
824 712 972 791 τραγικά(
994 715 1050 790 μὲν
1070 714 1233 792 διῶρθωτε
1248 714 1287 776 δι’

99 847 129 884 ιο
144 824 357 902 Ἀλεξάνδρου
378 827 437 887 τοῦ
451 823 613 897 Αἰτωλοῦ,
636 824 693 887 τά(
716 826 771 899 τῆ(
794 823 960 905 κωμῳδία(
982 825 1017 886 δὲ
1039 824 1091 886 διὰ
1113 826 1171 886 τοῦ
1187 822 1285 886 Λυκό-

142 954 288 1015 φρονοτ,
310 934 361 997 διά
383 934 419 997 δὲ
433 933 622 1011 Ζηνοδότου
646 936 705 997 τοῦ
728 933 872 1012 Ἐφετίου
892 933 948 1018 τά(
963 939 1030 997 τῶν
1054 935 1178 996 λοιπῶν
1194 952 1285 1010 ποιη-
1306 952 1353 997 ιω

141 1048 219 1109 τῶν.
256 1044 321 1108 Τά(
336 1043 521 1122 Ὁμηρείου(
543 1043 579 1106 δὲ
593 1042 814 1121 κατεξαίρετον
830 1043 894 1120 πρὸ
917 1043 1085 1106 διακοτίων
1108 1043 1157 1106 καὶ
1180 1042 1286 1106 πλειό-

142 1176 212 1218 νων
235 1154 393 1218 ἐνιαυτῶν
408 1153 611 1231 Πτολεμαίου
633 1155 691 1216 τοῦ
708 1152 914 1231 Φιλαδέλφου
937 1154 987 1216 καὶ
1007 1156 1063 1230 τῆ(
1086 1153 1286 1231 διορθῶτεωτ

142 1263 333 1342 Ζηνοδότου
348 1267 542 1334 τυντέθεικεν
558 1267 679 1343 τπουδῇ
694 1262 915 1340 Πειτίττρατο(
937 1263 1025 1342 παρὰ
1044 1266 1110 1327 τῶν
1124 1262 1285 1340 τεττάρων

114 1375 271 1438 οτοίιτων
306 1375 436 1450 ταφῶν·
474 1367 526 1432 ἐπὶ
561 1373 742 1452 Κογκύλου,
780 1372 1008 1450 Ὀνομακρίτου
1037 1394 1071 1438 τε
1108 1373 1286 1450 Ἀθηναίου,

143 1483 308 1561 Ζωπύρου
337 1502 371 1545 τε
398 1481 621 1558 Ἡρακλεώτου
649 1485 698 1545 καί
730 1483 953 1561 Κροτωνιάτου
981 1483 1139 1562 Ὀρφέωτ.
1191 1483 1285 1546 Οὕτω

142 1596 201 1672 μἐν
223 1593 258 1657 έν
282 1592 412 1671 χρόνοι(
437 1593 496 1653 τοῦ
517 1591 746 1669 Πειτιττράτου
769 1595 836 1655 τοῑτ
863 1594 1002 1672 τέτταρτι
1024 1594 1149 1657 τοῦτοιτ
1171 1596 1285 1672 τοφοῑτ

143 1704 175 1765 αἱ
203 1702 364 1780 Ὁμηρικοὶ
393 1701 570 1779 (υγγραφαὶ
605 1702 764 1781 τεμαχίοι(
798 1703 1048 1782 περιφερόμεναι
1079 1702 1285 1781 (υνετέθηταν

142 1814 195 1875 καὶ
223 1811 326 1890 βίβλοι
355 1810 522 1885 ἐγένοντο·
551 1810 683 1889 χρόνοι(
717 1814 756 1888 δ’,
785 1812 829 1874 ῶ(
857 1812 957 1893 ἔφην,
992 1816 1051 1876 τοῦ
1079 1812 1286 1892 Φιλαδέλφου

99 1951 131 1986 ιο
143 1922 231 2000 παρὰ
246 1925 305 1985 τοῦ
320 1920 508 1997 Ζηνοδότου
524 1921 729 2000 ὠρθῶθηταν·
745 1922 824 1999 μετά
839 1922 874 1985 δὲ
890 1922 1078 2000 Ζηνόδοτον
1095 1922 1285 2005 Ἀριττάρχῳ

143 2032 240 2094 πάλιν
264 2030 458 2109 ῶρθώθηταν
479 2029 620 2115 τετάρτω
643 2032 662 2108 ἢ
682 2031 788 2095 ἐ’άπό
803 2031 992 2109 Ζηνοδότου
1006 2034 1160 2097 τελοῦντι.
1187 2032 1285 2096 Κάνδ

142 2142 350 2221 πεφυρμένα(
382 2141 433 2203 καί
460 2140 614 2220 βδελυρό(
642 2142 853 2222 Ἡλιόδωροτ,
888 2142 946 2205 οῦκ
977 2142 1069 2206 εἰδῶ(
1103 2142 1152 2206 ὅτι
1186 2144 1283 2223 ληρεῖ,

143 2251 231 2335 φύρῃ
254 2251 305 2314 καὶ
319 2249 425 2314 πάντα
440 2251 608 2329 (ύμμικτον
623 2258 783 2332 κυκεῶνα,
808 2253 929 2329 μᾶλλον
951 2253 986 2314 δὲ
1009 2255 1181 2331 κοπρεῶνα
1195 2257 1283 2334 ποιῇ,

143 2360 197 2423 ἐπὶ
210 2359 435 2436 Πειτιττράτου
457 2362 514 2425 τόν
530 2360 674 2439 Ὅμηρον
697 2364 882 2439 (υντεθῆναι
903 2361 953 2424 καί
974 2360 1154 2439 ὀρθωθῆναι
1176 2363 1285 2439 ληρῶν
1328 2382 1334 2391 ’

101 2499 129 2537 15
144 2472 234 2549 παρά
260 2476 327 2535 τῶν
350 2458 399 2552 ο-β,
424 2472 618 2549 έπικριθῆναι
641 2473 676 2534 δέ
698 2470 831 2536 πάντων
854 2473 913 2549 τὴν
929 2471 1117 2548 Ζηνοδότου
1135 2472 1184 2534 καί
1206 2472 1284 2550 Ἀρι-

143 2579 282 2658 (τάρχου
298 2581 440 2646 (ύνθετίν
461 2601 495 2644 τε
518 2581 568 2671 καί
591 2579 776 2660 διόρθωτιν,
800 2581 850 2644 καί
872 2580 952 2658 ἡμάτ
974 2581 1020 2645 ἔτι
1039 2581 1212 2646 νεάζοντα(
1234 2582 1285 2643 καὶ

143 2690 293 2767 πρώτου(
319 2690 482 2769 ῦπηνήτα(
511 2691 684 2755 τελοῦντα(
712 2689 835 2754 ἔπειτεν
865 2690 969 2755 οὕτω(
997 2690 1041 2754 ἔτι
1067 2712 1132 2754 που
1154 2691 1285 2769 ἐξηγου-

141 2800 259 2877 μένου(
281 2800 339 2864 τὸν
362 2800 522 2879 Ὅμηρον,
546 2799 591 2863 ῶτ
614 2800 664 2863 καὶ
686 2799 789 2877 ἕτεροί
811 2820 893 2864 τινε(
908 2802 1036 2879 κομψοὶ
1050 2801 1099 2864 καί
1119 2799 1284 2879 αἰθεροβά-

141 2929 255 2990 μονετ,
278 2907 327 2973 οἱ(
349 2910 388 2974 ἂν
411 2911 572 2988 καὶμέχρι
594 2912 664 2986 μιάτ
685 2910 802 2973 λέξεωτ
818 2909 1032 2988 ἀβατανίττω(
1055 2910 1211 2987 ἐπείτθην,
1235 2911 1283 2973 καί

96 3051 126 3087 ιο
141 3021 184 3096 μὴ
207 3019 242 3082 ἐκ
264 3023 322 3084 τοῦ
344 3021 490 3099 κειμένου
512 3023 567 3095 τῆ(
589 3020 726 3081 παλαιά(
750 3018 859 3098 βίβλου
877 3021 914 3084 τὸ
931 3020 1044 3097 άληθὲ(
1067 3017 1282 3099 ἀπηκρίβωτα,

140 3130 210 3192 κατ’
233 3128 372 3193 ἐκείνου(
400 3131 598 3208 παραληρῶν
621 3127 815 3208 ἐφαινόμην,
845 3128 914 3192 ἀλλ’
936 3128 1019 3193 ἅπαξ
1040 3129 1091 3192 καὶ
1120 3129 1166 3191 δί(
1185 3126 1283 3192 ταύτό
1387 3182 1395 3193 .

140 3237 257 3300 παθῶν
285 3245 331 3321 τῷ
359 3240 503 3305 νεάζοντι
533 3243 578 3321 τῷ
601 3236 694 3301 πάθει
717 3238 817 3315 μάθο(
839 3238 969 3317 ἐθέμην,
998 3240 1049 3302 καὶ
1069 3238 1205 3300 τούτου(
1227 3238 1283 3314 μὲν

140 3346 258 3424 ἥγημαι
278 3349 424 3426 κομψοῦ(
446 3347 620 3426 αίθερίουτ,
649 3348 745 3411 αὐτὸ(
775 3349 811 3411 δὲ
833 3348 868 3411 ἐκ
890 3354 956 3413 τῶν
980 3343 1134 3426 κειμένων
1156 3346 1283 3410 ἀνθέων

140 3459 209 3520 τῶν
238 3456 355 3535 βίβλων
386 3457 493 3536 ὥεπερ
520 3478 565 3521 τι(
587 3459 713 3536 μέλιττα
741 3457 894 3537 φίλεργοτ
922 3457 1022 3521 ὁποῖα
1044 3455 1197 3535 δυναίμην
1221 3476 1283 3534 (ιμ-

97 3596 126 3634 25
141 3569 305 3644 βλοποιῶ,
328 3565 414 3645 οἶμαι
429 3569 529 3632 δὲκαὶ
544 3573 590 3651 τῷ
606 3568 704 3643 μέλιτι
726 3569 872 3632 πολλοῦ(
894 3567 1079 3647 διεκτρέφω.
1120 3567 1183 3630 Κάν
1199 3567 1284 3643 μυῑαί

140 3695 226 3739 τινε(
248 3680 424 3759 δυτγενεῑτ,
456 3678 500 3740 ὼ(
529 3676 606 3741 οὐδὲ
628 3684 674 3762 τῷ
697 3677 813 3760 ἀττικῷ
836 3677 912 3741 οῦδὲ
940 3677 1046 3760 τούτῳ
1068 3678 1166 3754 ἱζῆται
1188 3677 1283 3741 δυνά-

141 3892 346 3902 ..Μ

211 4025 262 4093 [30.
281 4027 325 4078 διά
343 4026 407 4090 τοῦ,
427 4038 482 4079 non
500 4025 557 4092 διά,
582 4022 653 4094 ταῶ]
727 4026 751 4077 4.
771 3974 911 4093 πειτιττάά
928 4025 987 4080 cod.
1064 4025 1115 4092 [11.
1134 4028 1151 4090 ἢ
1170 4016 1204 4077 ἐπ
1225 4025 1283 4077 άπὸ

140 4117 204 4171 eod.
254 4120 317 4179 κάν,
339 4135 394 4171 που
413 4123 471 4186 καί,
491 4118 551 4171 οοά.
608 4125 646 4172 Ιῦ.
660 4125 721 4173 τῶν
734 4103 793 4186 opX'
805 4118 864 4171 eod.
918 4120 1283 4185 έπικριθῆναι,ιιοιιέπεκρ.,

338 4215 354 4263 θ

139 4278 213 4346 οοά.]
253 4281 357 4331 17.έτπ
375 4277 435 4332 eod.
485 4286 523 4334 19.
537 4281 691 4345 άβανίτπωτ
711 4278 844 4349 descripsi
863 4297 878 4332 ο
897 4278 998 4333 codice.
1044 4285 1085 4331 20.
1100 4279 1203 4344 βιβλίου
1221 4279 1281 4332 cod.

138 4378 180 4424 21.
200 4376 288 4424 τοῦτο
307 4370 366 4424 cod.
436 4377 476 4425 26.
496 4375 638 4438 δυτμενεῑτ
657 4391 726 4427 corr.
745 4377 893 4440 δυτγενεῑτ.
