2896 4996
348 309 608 357 auouoaoaivn
631 309 912 358 vinnonouausa.
1148 294 1211 358 575

69 483 166 546 saepe
194 483 252 527 usu
279 462 382 545 venit,
420 465 489 525 tum
524 463 565 527 ab
594 463 662 546 ipso
691 462 837 546 Diogene
865 462 993 527 Laertio
1020 462 1211 546 aliquotiens

68 575 217 636 notatur:
254 593 314 636 neo
341 572 380 635 de
409 571 473 635 Vll
505 572 703 657 sapientibus
731 576 857 637 tantum
893 575 1148 658 (διαφωνοῦνται
1175 575 1211 638 δὲ

68 683 120 745 καὶ
143 682 321 762 ἀποφάςεις
344 683 452 748 αὐτῶν
474 685 524 747 καί
546 683 647 748 ἄλλου
669 683 750 748 ἄλλο
773 685 869 764 φαςὶν
897 683 979 750 εῖναι
999 682 1030 764 I,
1054 682 1126 768 41),
1156 683 1210 747 sed

69 791 110 854 de
147 791 218 854 aliis
251 792 396 875 plurimis
432 792 602 856 certiorum
630 794 828 857 saeculorum
859 792 1067 877 philosophis.
1122 791 1212 856 Idem

70 901 159 964 enim
180 905 317 965 testatur
338 902 377 966 de
400 902 534 986 Mysouc
557 906 590 966 et
611 902 780 967 Pisistrato
802 903 828 986 I,
853 904 924 985 108,
947 903 986 967 de
1002 903 1209 989 Anaxagora,

69 1010 202 1094 Solone,
233 1011 447 1095 Xenophonte
475 1012 523 1095 Π,
556 1014 610 1095 13,
641 1013 680 1076 de
701 1013 848 1100 Diogene
880 1011 1049 1097 Sinopensi
1078 1016 1111 1077 et
1128 1013 1210 1076 'Ari-

69 1121 178 1205 stippo
200 1120 262 1204 VI,
285 1121 338 1187 25.
361 1121 403 1186 32
425 1122 476 1185 vel
498 1122 663 1187 Theodoro
685 1122 748 1207 Vl,
771 1123 814 1187 42
835 1123 886 1188 vel
908 1122 1052 1208 Diagora
1075 1122 1131 1206 VI,
1156 1122 1208 1206 59,

69 1231 110 1295 dc
133 1230 310 1315 Chrysippo
333 1235 365 1296 et
386 1231 543 1305 Eubulide
566 1231 728 1315 Vss,187.
759 1234 809 1297 Ac
833 1237 918 1297 certe
940 1233 1101 1298 infacete
1123 1233 1210 1298 dicta

69 1362 138 1405 non
166 1342 242 1405 licet
267 1342 345 1405 illud
374 1342 655 1422 ἐξιδιοποιήςαςθαι
683 1343 938 1426 accommodare,
973 1343 1055 1428 quod
1084 1342 1211 1408 Chiloni

69 1451 185 1514 tribuit
206 1452 237 1535 I,
260 1452 312 1516 40.
356 1452 438 1517 Illuc
465 1456 500 1516 ut
527 1457 739 1518 revertamur:
777 1475 871 1537 quem
898 1454 997 1538 igitur
1024 1453 1114 1516 illum
1142 1475 1210 1517 esse

70 1561 224 1626 Orionem
245 1563 444 1647 putabimus,
476 1564 525 1626 eui
553 1564 747 1628 tribueretur
775 1564 816 1627 ab
843 1563 929 1646 aliis,
958 1563 1041 1647 quod
1070 1564 1111 1627 ab
1139 1563 1211 1627 aliis

69 1672 206 1735 Isocrati
227 1672 278 1737 vel
293 1672 501 1737 Democrito?
530 1675 585 1738 An
600 1673 767 1758 quisquam
781 1674 820 1738 de
836 1673 1059 1738 obscurissimo
1082 1674 1210 1737 homine

71 1782 230 1866 cogitabit
243 1781 376 1867 Epicuri
398 1782 603 1869 discipulo*),
627 1805 721 1867 quem
743 1784 828 1848 inter
849 1786 899 1847 tot
920 1783 1097 1867 Epicureae
1120 1784 1210 1848 scho-

71 1892 121 1956 lae
154 1895 327 1957 sectatores
359 1893 473 1958 ultimo
504 1893 573 1958 loco
608 1893 770 1978 Diogenes
800 1892 848 1976 X,
878 1894 921 1958 26
950 1893 1079 1976 posuit?
1128 1893 1209 1969 Quid

70 2003 196 2066 multa?
217 2025 281 2066 uno
303 2004 399 2067 verbo
422 2003 527 2067 dicam
548 2004 631 2088 quod
653 2024 704 2066 res
727 2008 789 2067 est:
813 2006 997 2087 corruptum
1012 2007 1060 2068 est
1076 2005 1210 2085 ὡρίων

72 2136 110 2176 ex
132 2115 265 2194 ίέρων.
309 2113 409 2196 Atqui
436 2135 492 2177 rex
519 2114 573 2177 ille
600 2113 677 2196 fuit,
708 2135 773 2177 non
801 2113 1018 2196 philosophus.
1063 2114 1109 2177 At
1136 2135 1210 2178 vcro

71 2224 175 2287 dictus
203 2228 252 2287 est
279 2224 486 2307 philosophus
515 2223 612 2287 etiam
644 2223 685 2287 ab
712 2223 851 2294 Arsenio
878 2246 910 2307 p.
940 2224 1017 2288 306:
1054 2225 1161 2305 Ἱέρων
1190 2226 1209 2290 ὁ

71 2335 271 2415 φιλόςοφος,
294 2335 404 2414 ἰατρὸν
426 2337 476 2399 καί
498 2336 596 2415 φίλον
624 2335 705 2413 ἡγοῦ
727 2336 804 2399 τοὺς
827 2335 862 2400 ἐν
886 2333 1038 2410 ἀνάγκαι(
1061 2336 1209 2400 ςπουδαί-

71 2466 148 2522 ους,
178 2445 250 2525 ἔφη.
293 2445 336 2507 llt
363 2444 470 2528 paullo
498 2448 572 2527 post
599 2445 634 2507 in
655 2434 873 2508 Laurentiano
902 2443 1027 2508 codice:
1060 2445 1209 2525 Ἱέρωνὸ

71 2555 255 2635 φιλόςοφος
278 2555 363 2632 ἔχων
386 2557 445 2619 δύο
468 2557 637 2634 μαθητὰς
660 2577 687 2618 e.
712 2578 742 2638 q.
766 2577 791 2618 s.
836 2553 912 2619 Non
932 2555 1036 2638 magis
1060 2555 1210 2619 credibile

71 2668 131 2746 est,
154 2664 303 2746 fatemur,
327 2663 409 2746 quod
424 2664 463 2728 de
478 2663 629 2728 Hieronis
645 2664 859 2748 discipulis
881 2665 1027 2730 hocloco
1049 2670 1208 2748 narratur,
1234 2733 1239 2738 ,

70 2797 168 2857 quam
189 2773 340 2838 Hieronis
362 2774 555 2838 sententiam
583 2796 666 2857 esse,
704 2797 785 2859 quae
813 2776 918 2859 prima
946 2779 995 2841 est
1021 2777 1057 2839 in
1086 2776 1210 2859 sylloga

69 2883 330 2949 vindobonensi:
353 2885 434 2965 ὅπερ
456 2888 492 2949 ςύ
514 2889 610 2965 μιςεῑς
632 2887 713 2966 παρ’
735 2885 844 2951 ἄλλων
867 2907 914 2950 ςοι
936 2887 1089 2962 γενέςθαι,
1112 2890 1209 2950 τοῦτο

68 2994 116 3060 εἰς
143 2996 272 3075 ἑτέρους
298 2997 338 3076 μὴ
366 2995 458 3061 ποίει.
507 2994 576 3058 Nec
603 3017 678 3059 vero
706 2995 738 3058 id
766 3018 824 3059 nos
853 2997 991 3082 egimus,
1020 2998 1056 3057 ut
1083 2995 1208 3059 illorum

68 3105 231 3190 originem
266 3105 574 3189 apophthegmatum
611 3105 809 3190 exigeremus
847 3105 887 3169 ad
922 3105 1108 3170 veritatem:
1149 3105 1209 3169 hoc

16 3274 19 3276 ,
69 3237 172 3279 ιιιιιιιιι
193 3215 347 3280 voluimus
370 3215 530 3297 obtinere,
558 3219 594 3278 ut
617 3216 757 3298 corrupti
778 3216 918 3280 nominis
940 3215 1031 3300 origo
1052 3218 1209 3299 repetere-

68 3331 125 3389 tur
147 3348 184 3390 ex
207 3326 369 3409 patefacto
392 3346 497 3389 errore
519 3325 730 3389 librariorum.
765 3325 912 3391 Ceterum
935 3326 988 3409 qui
1010 3325 1118 3409 paullo
1139 3325 1246 3388 dili-x

67 3437 202 3522 gentius
230 3435 485 3519 perlustraverit,
515 3458 595 3520 quae
626 3436 668 3499 ab
690 3436 827 3499 Arsenio
856 3458 888 3519 p.
912 3435 975 3500 306
998 3457 1044 3520 sq.
1073 3436 1210 3519 primum

68 3550 291 3640 congeruntur
305 3544 456 3612 Hieronis
478 3546 671 3630 philosophi,
696 3546 809 3609 deinde
824 3545 976 3610 Hieronis
997 3552 1057 3613 τοῦ
1080 3548 1209 3612 (ικελοῦ

63 3659 247 3738 τυράννου,
276 3677 370 3739 porro
392 3656 615 3740 Hippocratis,
644 3659 805 3740 postremo
833 3655 983 3720 Isocratis
1012 3656 1209 3740 apophtheg-

64 3772 171 3851 mata,
195 3767 248 3831 vix
271 3767 363 3831 credo
386 3767 546 3830 dubitabit
568 3767 656 3850 quin,
680 3790 761 3850 quae
785 3767 869 3830 illius
891 3768 919 3831 si
941 3766 990 3829 dis
1012 3766 1119 3850 placet
1140 3766 1210 3850 phi·

64 3881 197 3964 losophi
218 3880 382 3960 dicuntur,
412 3877 453 3940 ad
474 3876 630 3942 Isocratis
657 3877 762 3960 potius
790 3877 1018 3961 pertinuerint:
1056 3877 1210 3961 aquibus

137 4155 164 4222 *λ
188 4154 277 4223 [Fecit
298 4156 326 4209 id
343 4159 440 4211 tamen
456 4155 609 4211 Mainckius
628 4154 743 4210 Stobaci
764 4156 818 4210 vol.
839 4155 877 4210 IV
895 4159 980 4224 prael.
1000 4175 1027 4226 p.
1047 4156 1144 4221 XLIX,
1163 4156 1209 4223 qui

62 4248 184 4319 quidem
203 4249 279 4319 apud
296 4251 442 4305 Arsaniam
460 4251 536 4305 Βίων
554 4253 569 4304 ὁ
587 4252 742 4317 φιλόςοφος
765 4267 816 4318 pro
839 4252 932 4317 Ἱέρων
951 4251 966 4302 ὁ
984 4268 1013 4316 φ.
1034 4249 1210 4306 scribendum

62 4341 190 4398 coniecit
208 4341 313 4396 ibidem
330 4361 356 4411 p.
376 4343 456 4413 XM]
