2904 4996
243 342 305 405 676
571 358 813 407 nrruonocrcr
837 358 1053 408 nnoamcrnr

243 511 429 590 intercedit,
451 532 517 575 non
539 512 645 594 potuit
666 534 732 575 non
755 533 826 576 eam
847 512 913 576 vim
934 512 1069 596 habere,
1097 518 1134 576 ut
1157 515 1293 579 criticae
1317 519 1392 580 artis

242 621 442 686 factitandae
465 621 564 686 etiam
586 621 656 686 sine
678 622 750 687 vivo
772 623 928 708 magistro
950 626 1119 708 promptus
1135 625 1228 689 vobis
1251 627 1392 690 modera-

243 735 294 796 tor
315 735 444 816 praesto
467 737 560 816 esset,
585 755 727 797 errorum
748 737 921 818 perpetuus
937 738 1108 817 corrector,
1133 735 1287 800 laudator
1309 742 1392 802 reete

242 842 456 907 inventorum.
502 843 598 908 Hanc
624 848 732 908 autem
760 844 1023 910 exercitationem
1052 867 1125 910 cum
1147 847 1241 911 vobis
1264 852 1299 911 et
1320 849 1393 912 olim

243 954 533 1018 commendavimus
556 959 589 1018 ct
615 976 701 1019 nunc
729 954 826 1019 etiam
855 958 950 1040 atque
979 955 1077 1020 etiam
1099 957 1273 1023 suademus
1280 1009 1290 1040 ,
1330 982 1392 1024 non

242 1063 379 1129 facimus
401 1064 462 1129 hoc
483 1065 638 1148 profecto,
663 1065 753 1148 quasi
769 1065 803 1129 in
819 1066 1044 1131 emendatione
1060 1089 1255 1152 graecomm
1278 1071 1392 1135 latino·

243 1196 375 1259 rumque
403 1175 595 1258 scriptorum
620 1175 724 1258 ipsam
754 1175 928 1241 consistere
950 1177 1162 1263 philologiam
1187 1180 1390 1263 arbitremur,

243 1285 298 1349 sed
318 1285 401 1370 quod
423 1286 493 1349 sine
522 1285 713 1349 emendandi
742 1309 799 1349 usu
822 1290 854 1349 ct
881 1288 1038 1351 facultate
1062 1287 1102 1351 ad
1124 1310 1239 1353 veram
1261 1291 1392 1374 philolo

243 1396 333 1480 giam
359 1395 446 1460 viam
474 1417 543 1460 esse
570 1396 767 1479 praeclusam
796 1397 1024 1482 intellegimus.
1078 1397 1154 1463 Non
1186 1400 1392 1467 dubitatura

198 1524 227 1574 lv
245 1528 414 1591 quoquam,
438 1506 516 1591 quin
539 1505 578 1569 ad
594 1505 756 1570 floridiora
771 1506 842 1571 loca
864 1507 1060 1593 philologiae
1083 1510 1297 1594 perfruenda,
1320 1514 1391 1597 quin

245 1617 285 1680 ad
307 1618 423 1700 vitam,
453 1619 554 1699 artes,
584 1616 736 1680 instituta
764 1620 906 1681 veterum
936 1619 1127 1702 populorum
1157 1624 1390 1706 pernoscenda,

137 1797 139 1801 7
244 1726 380 1812 denique
403 1727 443 1790 ad
465 1727 648 1790 universam
668 1727 809 1791 indolem
832 1727 1035 1811 antiquitatis
1057 1732 1167 1793 mente
1188 1733 1392 1817 comprehen-

245 1838 383 1902 dendam
404 1859 513 1902 carere
535 1837 748 1922 grammatica
776 1860 1001 1922 nequeamusz·
1024 1838 1080 1902 sed
1102 1839 1189 1905 iusto
1214 1847 1247 1906 et
1270 1844 1391 1928 saepius

245 1952 277 2012 et
299 1948 465 2033 ignavius,
495 1948 550 2032 qui
578 1952 685 2012 cetera
715 1948 794 2013 satis
823 1948 969 2032 sapiunt,
999 1948 1145 2013 oblivisci
1175 1951 1257 2016 illud
1281 1955 1389 2034 solent,

246 2080 374 2141 prorsus
397 2059 444 2127 ,ab
466 2058 528 2122 hac
550 2062 642 2142 parte
670 2080 781 2143 parem
811 2059 941 2123 criticae
963 2059 1042 2122 artis
1066 2060 1295 2126 condicionem
1318 2086 1388 2128 esse.

246 2168 321 2233 Non
342 2169 501 2253 loquimur
523 2169 562 2233 de
585 2164 756 2253 disciplina
784 2169 996 2253 grammatica
1018 2171 1052 2233 in
1076 2171 1155 2234 artis
1185 2174 1329 2255 speciem
1349 2197 1391 2237 re·

174 2299 176 2303 ’
247 2279 358 2361 dacta,
390 2301 486 2363 quam
508 2280 613 2363 ipsam
634 2301 729 2343 nemo
751 2280 856 2343 nescit
885 2280 1014 2343 criticae
1038 2280 1226 2346 adiumento
1250 2284 1390 2369 indigere

247 2392 282 2451 ut
304 2389 387 2473 quod
409 2390 564 2455 maxime:
587 2390 642 2455 sed
657 2390 697 2454 dc
719 2394 867 2474 prompta
890 2393 1067 2474 parataque
1089 2391 1224 2476 linguae
1248 2395 1387 2469 scientia,

247 2503 283 2563 ut
310 2502 492 2564 necessario
521 2501 664 2585 ipsarum
696 2522 802 2564 rerum
836 2500 1132 2585 cognoscendarum
1164 2502 1386 2570 instrumenta.

247 2610 367 2673 Rerum
395 2611 482 2674 enim
508 2611 651 2696 cognitio
679 2633 751 2675 cum
778 2613 905 2674 tantum
933 2633 1000 2675 non
1027 2613 1131 2674 omnis
1159 2633 1178 2675 e
1200 2615 1387 2679 testimoniis

247 2721 439 2804 scriptorum
465 2721 619 2805 pendeat:
656 2721 699 2804 si,
728 2720 861 2805 utquid
884 2721 931 2784 illi
954 2721 1129 2806 loquantur
1150 2721 1385 2810 intellegamus,

247 2832 320 2895 sciri
344 2835 471 2915 oportet
497 2832 611 2915 quibus
640 2830 741 2895 modis
768 2831 854 2915 loqui
882 2832 1120 2896 consueverint:
1159 2855 1214 2897 eos
1243 2836 1386 2918 quoniam

246 2964 306 3005 nec
328 2963 405 3006 voce
433 2963 493 3006 nec
520 2963 618 3006 manu
646 2963 704 3005 sua
730 2944 888 3005 testantes
916 2941 1062 3006 audimus
1090 2943 1311 3027 cernimusve,
1338 2943 1386 3008 scd

245 3074 370 3116 rursum
393 3053 528 3116 aliorum
549 3052 677 3116 demum
698 3052 890 3115 testimoniis
906 3073 1075 3135 eorumque
1095 3073 1193 3135 saepe
1216 3056 1386 3119 errantium

246 3167 279 3227 et
301 3164 411 3247 quovis
434 3162 528 3227 modo
556 3162 760 3247 peccantium
787 3163 1013 3246 comperimus,
1043 3164 1253 3246 consequitur
1281 3171 1331 3246 ut,
1357 3163 1385 3227 hi

246 3296 369 3359 quoque
391 3278 505 3356 testes,
530 3273 583 3358 qui
607 3277 683 3337 sunt
703 3273 842 3355 librarii,
867 3272 1104 3358 quibusmodis
1127 3295 1237 3339 errare
1261 3298 1299 3340 ac
1321 3297 1384 3359 pec·

248 3407 319 3448 care
351 3371 589 3466 corisneverint,
623 3385 705 3449 scire
734 3386 881 3468 oporteat
915 3384 987 3467 qui,
1022 3383 1098 3467 quid
1126 3385 1190 3466 ipsi
1220 3387 1383 3470 scriptores

246 3498 400 3560 testatum
426 3495 580 3577 fecerint,
610 3495 690 3558 scire
719 3495 806 3559 velit.
851 3493 922 3586 Nec
943 3494 1024 3558 scire
1049 3496 1179 3557 tantum
1207 3496 1304 3577 illud,
1337 3493 1383 3578 qui

247 3605 307 3670 hoc
328 3606 483 3691 indagare
506 3627 579 3670 cum
601 3606 736 3670 certiore
758 3626 815 3689 spe
833 3625 996 3668 successus
1018 3603 1114 3684 volet,
1138 3606 1314 3688 oportebit,
1336 3603 1383 3667 sed

247 3717 418 3781 eorundem
440 3737 583 3780 errorum
604 3715 690 3780 haud
711 3715 816 3779 minus
838 3718 1022 3798 promptam
1042 3717 1273 3799 paratamque,
1299 3736 1383 3800 quam

246 3826 346 3911 ipsius
369 3827 560 3910 scriptorum
581 3826 728 3910 linguae,
759 3826 928 3890 scientiam
951 3828 984 3889 et
1010 3827 1176 3907 tamquam
1198 3825 1383 3890 familiarem

248 3937 509 4001 consuetudinem
531 3936 663 4018 habere,
688 3958 769 4020 quae
792 3937 919 4020 quidem
942 3935 1133 4017 scriptorum
1156 3935 1293 4000 lectioni
1314 3958 1384 4001 sem·

246 4070 303 4131 per
337 4049 495 4112 comitans
528 4069 588 4111 nec
620 4069 772 4132 umquam
804 4047 931 4111 desinat
962 4045 1000 4109 de
1033 4044 1120 4108 vitiis
1148 4047 1326 4130 suspicari,
1358 4048 1384 4108 et

247 4157 359 4222 horum
387 4158 568 4242 probabiles
596 4157 771 4222 medicinas
800 4178 838 4220 ex
866 4157 936 4240 ipsa
970 4154 1120 4218 similium
1150 4158 1384 4240 comparatione

247 4271 346 4351 petat.
392 4268 475 4332 Eam
497 4272 605 4333 autem
627 4290 769 4333 errorum
793 4265 1053 4332 consuetudinem
1080 4264 1229 4329 veritatis
1260 4268 1384 4352 indaga·

247 4379 358 4442 tricem
386 4379 469 4467 quod
497 4380 582 4443 inter
609 4379 788 4465 philologos
817 4377 1051 4462 percrebruisse
1084 4374 1244 4440 maiorum
1275 4380 1384 4455 aetate,
