3008 5002
565 356 599 402 ru
622 355 904 404 11111111111111111.
1233 340 1294 403 217

159 517 223 574 imo
254 509 408 573 vocabulo
444 508 574 571 reddere
610 512 751 590 poterat,
790 507 853 570 alia
890 508 1070 590 substituit,
1108 530 1188 591 quae
1226 530 1296 571 amn

159 620 316 699 ἀθροίζειν
347 621 379 681 et
406 618 620 696 ευναθροίζειν
647 616 752 680 verbis
775 620 885 699 postea
908 618 1036 699 positis,
1065 621 1132 680 tum
1160 618 1209 680 his
1230 640 1296 680 ma-

159 730 244 793 xime
265 730 343 808 μετὰ
366 728 486 807 βραχύν
509 748 578 791 τινα
600 728 720 806 χρόνον
742 731 808 805 τῆς
831 731 1062 804 ευναγωγῆ(
1089 732 1156 803 τῶν
1179 728 1296 807 βίβλων

160 841 206 904 oc
236 840 319 918 ἔφην
349 838 408 901 καὶ
445 837 694 915 διορθώεεωε
727 835 869 898 indicata
898 857 965 898 esse
995 836 1200 918 videbantur,
1235 838 1296 900 nisi
1357 837 1359 841 ’

160 949 243 1031 quod
272 949 408 1010 alterum
434 945 473 1007 de
501 945 735 1028 grammaticis,
765 945 900 1008 alterum
929 947 967 1008 de
996 967 1071 1030 rege
1099 946 1203 1009 valere
1231 968 1297 1009 non

161 1056 397 1120 animadvertit.
443 1053 492 1116 Ea
514 1075 594 1136 quae
617 1054 758 1137 proxime
780 1057 970 1137 sequuntur,
999 1055 1168 1138 inquibus
1192 1077 1208 1117 e
1232 1077 1296 1119 cor·

160 1170 255 1248 rupto
277 1167 406 1230 nomine
431 1168 554 1244 pinca,
585 1164 660 1226 dum
676 1163 769 1227 modo
793 1164 908 1255 certius
936 1163 974 1226 de
1001 1163 1118 1228 codicis
1140 1165 1297 1247 scriptura

162 1279 341 1356 constaret,
372 1281 651 1355 prostratumque
680 1272 862 1335 faciendum
896 1295 963 1336 esse
993 1274 1197 1358 coniicias*),
1232 1296 1297 1337 non

161 1385 283 1448 habent
298 1405 360 1466 quo
374 1384 608 1447 dubitationem
621 1386 781 1445 moveant.
813 1382 887 1445 Mox
903 1386 1009 1446 autem
1031 1382 1070 1445 de
1084 1382 1298 1447 Eratosthene

162 1498 195 1556 et
216 1492 411 1557 Callimacho
433 1514 499 1557 non
521 1492 622 1555 solum
644 1491 748 1554 verbis
769 1498 860 1555 sicuti
879 1496 977 1570 rasere
998 1495 1031 1555 et
1050 1496 1113 1570 suit
1135 1504 1299 1572 praeterea

162 1610 215 1681 qai
239 1609 317 1666 idem
346 1615 494 1668 asseveret
520 1601 651 1664 adiectis
680 1622 735 1663 suo
760 1601 896 1689 >arbitrio
923 1623 1040 1665 nexum
1067 1602 1299 1665 sententiarum

161 1712 337 1794 supplevit,
376 1712 431 1775 sed
464 1713 561 1774 etiam
599 1711 695 1773 istum
727 1717 860 1774 aulicum
892 1719 1007 1789 rapiam
1040 1717 1298 1777 bibliothecarium

161 1842 226 1884 non
248 1821 359 1884 dubito
380 1821 458 1904 quin
473 1843 490 1884 e
505 1819 630 1905 graecis
653 1820 813 1884 veuvicroc
837 1821 884 1885 ὢν
906 1825 962 1899 τῆ(
986 1821 1100 1903 αὐλῆς,
1124 1843 1205 1904 quae
1221 1843 1298 1885 sane

161 1929 235 2012 quid
250 1930 312 1993 sibi
327 1930 447 1994 vellent
462 1953 527 1994 non
549 1932 676 2012 poterat
697 1929 891 2011 perspicere,
915 1930 1075 2012 petiverit
1117 1930 1298 1994 Admodum

162 2040 322 2102 1111111111
349 2040 502 2103 librorum
529 2040 737 2102 barbarorum
767 2042 799 2100 et
829 2061 922 2102 curae
948 2039 1153 2104 Pisistrateae
1181 2062 1297 2104 memo·

162 2148 256 2229 riam,
281 2149 327 2211 ita
349 2152 468 2230 tamen,
492 2153 603 2231 utque
621 2147 714 2210 modo
729 2169 880 2231 graecum
896 2149 1085 2230 scriptorem
1099 2171 1156 2232 per
1170 2150 1297 2233 singula

161 2262 326 2340 sequatur,
358 2259 437 2321 bene
464 2258 648 2340 perspicias.
704 2257 849 2340 Denique
877 2280 957 2341 quae
986 2257 1150 2322 Heliodori
1179 2260 1297 2322 fabella

161 2368 262 2429 relata
277 2372 310 2429 et
325 2368 522 2451 argumentis
544 2367 656 2449 quibus
673 2389 691 2429 a
706 2366 822 2429 Taetza
846 2367 1034 2451 impugnata
1057 2372 1126 2431 erat
1147 2368 1297 2432 indicatis

161 2476 195 2537 in
217 2476 280 2543 fine
303 2477 520 2540 annotationis
543 2476 582 2538 de
600 2476 777 2538 Aristarchi
793 2479 898 2538 aetate
921 2478 1042 2559 posuit,
1066 2499 1131 2540 non
1148 2481 1297 2559 corrupta

161 2584 216 2647 illa
238 2585 381 2667 quidem,
406 2587 461 2648 sed
483 2607 500 2649 e
522 2585 647 2669 graecis
669 2586 773 2649 verbis
794 2588 936 2667 rcroiptip
957 2589 975 2664 ἢ
998 2589 1130 2670 πέμπτῳ
1154 2587 1219 2651 ἀπὸ
1234 2589 1296 2665 Ζη-

160 2695 302 2760 νοδὰτου
317 2699 479 2759 τελοῦνττι
494 2695 577 2757 male
599 2696 640 2757 ab
655 2695 737 2757 ltalo
760 2695 931 2758 intellectis
954 2696 1097 2778 proiecta
1114 2717 1181 2759 esse
1196 2697 1294 2759 vides.

244 2802 356 2886 Itaque
379 2826 450 2867 cum
472 2805 568 2870 alium
591 2805 764 2867 habeamus
786 2825 936 2887 graecum
955 2806 1218 2869 commentarium
1240 2806 1364 2879 ali-129

160 2917 280 2995 quanto
303 2914 431 2995 propius
446 2935 540 2996 quam
563 2913 653 2979 illum
667 2912 848 2976 Parisinurn
864 2913 904 2976 ad
926 2915 1062 2977 latinum
1080 2913 1294 2996 accedentem,

160 3042 254 3104 quem
288 3022 321 3084 in
349 3022 498 3085 Plautino
531 3022 651 3085 scholio
685 3044 865 3104 expressum
894 3045 961 3086 esse
977 3040 981 3045 ’
995 3023 1159 3105 probabile
1187 3021 1295 3106 sicr),

262 3258 286 3324 *)
305 3257 384 3321 Quod
401 3258 596 3325 Bernhardyus
613 3259 641 3310 111
660 3259 775 3326 egregia
793 3276 910 3311 censura
928 3258 992 3310 libri
1004 3257 1184 3310 Ritscheliani
1195 3257 1295 3309 Amral.

158 3348 220 3401 crit.
241 3348 331 3402 Berol.
349 3366 374 3402 a.
394 3355 459 3404 1838
477 3369 512 3403 m.
532 3349 663 3403 Decemb.
682 3369 708 3418 p.
723 3355 772 3404 828
791 3350 907 3403 coniecit
925 3363 951 3403 er
968 3354 1053 3411 LXX,
1073 3348 1198 3415 quamvis
1216 3348 1245 3401 iu
1263 3367 1295 3402 eo

159 3440 344 3505 verissimum,
367 3442 440 3508 quod
459 3445 621 3508 sequentem
639 3460 734 3496 vocem
752 3461 837 3495 senam
856 3459 910 3494 non
928 3442 1057 3506 mutavit,
1078 3458 1132 3494 non
1151 3441 1296 3509 probabile

157 3550 221 3586 esse
244 3550 315 3585 nune
337 3535 416 3587 facile
439 3537 483 3587 est
504 3534 654 3588 intellectu.
702 3534 845 3587 ltitschelii
871 3536 965 3587 autem
989 3534 1146 3586 coniectura
1168 3538 1296 3602 prehensa

155 3646 243 3677 secum
261 3625 306 3691 (de
324 3626 406 3679 schol,
426 3626 515 3679 Plaut.
535 3645 562 3694 p.
583 3631 622 3690 16,
639 3626 692 3694 ipsi
711 3627 870 3694 improbata
889 3625 988 3680 Coroll.
1007 3644 1034 3694 p.
1053 3632 1096 3686 62)
1116 3625 1175 3678 sola
1191 3626 1296 3679 littera-

157 3734 221 3769 rum
234 3716 411 3771 similitudine
424 3718 640 3772 commendatur.
660 3720 667 3784 l
671 3738 719 3785 per
731 3725 909 3772 aleaeandriam
920 3718 949 3770 in
961 3717 1124 3787 compendio
1143 3718 1190 3772 illo
1207 3719 1296 3772 latere

157 3807 279 3862 coniecit
289 3808 427 3877 Eugenius
436 3811 573 3863 Mehlerus
586 3810 804 3877 Asciburgensis.
824 3810 904 3877 (Vide
916 3828 988 3863 nunc
1001 3827 1084 3878 supra
1096 3815 1198 3879 11172.)
1211 3811 1240 3865 F.
1251 3812 1295 3878 a]

227 3902 269 3966 ”l
290 3901 405 3970 Collegii
426 3902 545 3956 ltomani
568 3902 687 3967 codices,
710 3902 738 3955 in
762 3903 861 3969 quibus
885 3907 928 3956 est
946 3902 1088 3955 Plautinus
1105 3903 1176 3956 liber
1203 3921 1218 3956 e
1242 3920 1295 3968 quo

156 3991 326 4045 Ritsehelius
348 3993 416 4046 illud
439 3994 571 4047 scholium
601 3995 759 4063 descripsit,
788 4012 919 4062 rnagnam
942 3996 1052 4062 partem
1075 4013 1108 4047 ex
1131 3994 1191 4048 aliis
1215 3995 1296 4048 lesui-

154 4089 252 4138 tarum
271 4084 409 4152 collegiis,
427 4086 552 4138 etmulti
571 4087 682 4152 quidem
701 4105 715 4139 e
734 4087 874 4154 superiore
894 4086 973 4138 ltalia
991 4087 1108 4139 Romam
1128 4086 1204 4139 11111111
1223 4090 1294 4140 sunt.

156 4175 252 4240 Quare
270 4176 293 4227 11
315 4176 349 4228 de
372 4178 463 4245 patria
481 4182 510 4231 et
527 4178 633 4245 origine
652 4178 771 4232 Plautini
795 4178 895 4231 codicis
915 4177 1045 4230 certiores
1067 4179 1126 4231 fieri
1144 4196 1295 4247 possemus,

154 4269 186 4320 id
205 4268 281 4334 quod
299 4286 468 4335 percorum,
487 4271 533 4337 qui
551 4270 590 4322 illi
609 4269 793 4324 bibliothecae
806 4272 950 4338 praeeunt,
967 4270 1099 4323 invidiam
1117 4270 1174 4324 fieri
1192 4273 1295 4338 nequit,
1348 4340 1349 4345 ¹

154 4360 222 4415 inde
236 4362 355 4413 fortasse
367 4378 428 4414 cum
447 4362 568 4429 quadam
586 4362 785 4432 probabilitate
798 4362 986 4430 colligeretur,
1004 4362 1113 4427 Italum,
1132 4364 1178 4431 qui
1191 4363 1295 4417 scholia
