2904 4996
483 1255 485 1261 ·
599 1216 809 1326 XXIV.

146 1490 152 1503 -
259 1434 313 1528 lio
343 1433 487 1528 Molotio
519 1433 734 1552 physiologo
765 1432 887 1527 torosis
917 1434 1143 1552 oonotio.*)

217 1789 268 1851 Ad
290 1787 412 1852 Meletii
435 1795 607 1853 denatura
634 1789 701 1854 sive
722 1800 879 1854 structura
904 1789 1083 1874 sominisffl)
1114 1810 1270 1853 commen·
1289 1807 1321 1855 28

130 1899 248 1962 tarium
277 1899 380 1962 adhuc
406 1921 473 1963 non
499 1920 615 1982 graece
647 1900 766 1963 editum
792 1900 913 1982 primus
940 1900 1061 1962 aditum
1087 1899 1187 1962 doctis
1217 1899 1270 1964 ho-

130 2009 271 2073 minibus
304 2008 456 2073 Nicolaus
489 2008 633 2073 Petreius
672 2009 867 2093 Corcyraeos
899 2009 1054 2093 patefecit
1090 2009 1205 2072 emissa
1239 2032 1268 2073 o.

131 2115 302 2184 CIOIOLII
324 2119 469 2183 Venetiis
498 2119 765 2204 interpretatione
792 2120 909 2202 latina,
945 2119 1033 2183 cuius
1060 2141 1180 2203 magno
1203 2140 1270 2182 esse

129 2230 248 2293 raritas
277 2230 492 2314 exemplorum
519 2229 715 2312 perhibetur.
766 2229 872 2314 Magis
901 2229 955 2292 ille
984 2251 1070 2293 nunc
1098 2229 1271 2314 philologis

129 2339 273 2428 innopuit
300 2339 451 2403 Ludovici
474 2339 675 2404 Bechmanni
703 2340 824 2423 studio,
857 2340 911 2423 qui
939 2339 1023 2402 edito
1052 2339 1217 2402 Rostochii
1239 2361 1269 2404 a.

130 2448 464 2515 (ololooocxxxlss
497 2450 605 2513 libello
634 2450 824 2514 scholastico
851 2450 886 2513 in
915 2471 951 2513 eo
980 2450 1180 2533 potissimum
1208 2450 1270 2513 ela-

130 2559 268 2643 boravit,
292 2560 419 2644 utquid
441 2560 545 2644 frugis
567 2560 721 2623 eMeletii
744 2582 803 2623 nsu
825 2560 860 2623 in
882 2560 1082 2643 quorundam
1103 2562 1270 2642 poetarum

128 2670 314 2754 fragmenta
336 2670 421 2733 haud
444 2670 624 2753 spernenda
650 2670 853 2753 redundaret,
877 2669 1069 2737 ostenderet.
1114 2669 1176 2745 Qui
1199 2692 1271 2734 cum

129 2784 169 2843 de
191 2780 281 2843 libris
304 2780 426 2844 Meletii
448 2802 522 2843 mss.
547 2780 593 2844 ita
616 2780 802 2864 disputarit,
831 2783 867 2843 nt
888 2780 1019 2863 plenum
1041 2784 1074 2842 et
1095 2780 1268 2864 integrum,

127 2890 216 2974 quali
244 2889 388 2954 Petreius
417 2912 491 2953 usus
520 2894 619 2973 esset,
649 2891 772 2953 nullum
807 2893 932 2953 exstare
959 2889 1115 2953 iudicaret
1142 2893 1271 2972 praeter

128 3000 342 3064 Bodleianum
363 3000 439 3064 olim
455 2999 698 3083 Baroccianum,
723 3003 844 3064 ceteros
859 3003 896 3063 ot
910 2998 1176 3063 Vindobonenses
1191 3002 1267 3081 tres,

128 3133 263 3196 quorum
284 3111 352 3195 ipse
375 3114 408 3174 et
429 3110 677 3194 descriptionem
692 3114 724 3174 et
744 3109 920 3193 specimina
942 3109 1096 3192 exhibuit,
1122 3130 1268 3192 compen-

127 3221 266 3285 difactos
300 3224 504 3305 veterumque
542 3221 733 3305 scriptorum
764 3219 973 3303 testimoniis,
1008 3219 1122 3303 quibus
1161 3219 1268 3283 Petrei

196 3502 221 3567 ⁸¹)
241 3500 333 3554 ‘Diem
350 3500 474 3555 natalem
491 3501 577 3570 Regis
595 3498 794 3569 Angustissimi
810 3497 944 3552 Friderici
961 3497 1090 3552 Guilelmi
1110 3498 1150 3551 ΙΠ
1168 3497 1212 3552 die
1230 3498 1269 3551 ΙΙΙ

124 3595 192 3662 Aug
194 3635 299 3646 .....
324 3593 521 3647 celebrandum
538 3593 636 3648 indicit
658 3593 688 3646 F.
707 3594 738 3646 R.
757 3590 903 3646 Praecedit
923 3590 1028 3645 Meletii
1051 3590 1085 3644 dc
1103 3592 1204 3645 nature
1221 3590 1269 3645 ho-

126 3685 212 3739 minis
231 3686 443 3742 commentarius
462 3704 477 3741 e
496 3686 590 3741 codice
609 3685 784 3740 Crocoviensi
806 3684 852 3740 edi
875 3687 998 3753 coeptus.
1039 3682 1224 3737 Vratislsvise
1244 3701 1268 3738 a.

126 3777 422 3834 ClOIOCCOXXXVI.’
441 3810 474 3818 —
493 3779 557 3848 [Vbi
575 3797 592 3833 o
610 3798 636 3849 p.
653 3789 662 3833 1
684 3780 720 3834 ad
732 3785 764 3834 27
782 3779 931 3848 vulgentur
949 3776 1054 3832 Meletii
1071 3775 1186 3831 verboru
1203 3795 1229 3845 p.
1243 3782 1267 3842 5,

128 3880 140 3926 1
155 3872 194 3926 sd
205 3878 246 3939 45,
267 3878 299 3925 26
317 3872 436 3942 exempli
455 3871 626 3937 Oxoniensis,
646 3891 663 3927 a
680 3891 706 3942 p.
722 3879 754 3926 28
772 3872 808 3927 ad
826 3879 858 3925 32
876 3871 1022 3926 adnotatio
1040 3872 1137 3924 nostra
1154 3869 1267 3937 critico]

196 3966 236 4032 **)
256 3967 351 4035 [ΠερΙ
369 3970 430 4031 τῆ(
449 3971 518 4035 τοῦ,
534 3967 720 4034 ἀνθρώπου
744 3971 954 4034 καταεκευῆ(
977 3963 1121 4033 inscriptio
1145 3965 1188 4016 est
1205 3980 1264 4031 pro·

123 4057 211 4112 oemii
229 4058 257 4112 in
277 4059 335 4112 solo
353 4058 524 4113 Barocciono
543 4059 636 4113 codice
655 4057 758 4112 servati
776 4076 803 4127 p.
825 4068 852 4123 1,
871 4066 887 4114 3
905 4059 947 4112 ed.
966 4058 1025 4124 Ox,
1049 4057 1084 4110 ab
1108 4054 1267 4122 eisdemque

123 4150 219 4205 verbis
241 4151 334 4220 ipsum
357 4151 519 4220 opusculum
540 4151 638 4230 incipit
663 4171 688 4221 p.
710 4159 739 4217 ὃ,
762 4157 785 4204 5.
826 4150 930 4205 Contra
952 4152 1037 4218 Περὶ
1060 4151 1193 4216 φύεεω(
1217 4150 1266 4202 ἀν-

120 4245 267 4310 θρώπου
287 4261 348 4297 cum
366 4244 394 4297 in
412 4244 592 4314 inscriptione
610 4244 697 4314 ipsius
716 4242 841 4314 opusculi
859 4246 902 4298 est
919 4261 946 4313 p.
967 4250 991 4311 5,
1012 4249 1037 4311 1,
1054 4245 1114 4296 tum
1131 4242 1268 4312 prooemii

118 4335 205 4391 inifio
223 4354 250 4403 p.
273 4343 296 4402 1,
315 4339 350 4406 6.]
