2896 4996
443 308 490 353 aa
514 307 583 354 ono
607 307 651 352 aa
675 306 816 353 oaroaa.
1144 291 1207 354 589

62 463 159 527 lexici
181 462 245 524 fine
252 511 261 543 ,
291 483 332 523 ne
354 460 515 524 levissima
543 459 670 543 quidem
694 481 806 523 caussa
828 462 877 522 est
900 480 956 522 cur
977 459 1012 521 in
1035 458 1204 522 dubitatio-

63 596 140 638 nem
173 594 245 636 cum
278 571 314 634 F.
344 571 384 633 A.
415 570 532 632 Wolfio
560 573 729 652 vocentur3
759 570 794 632 in
827 569 961 633 eandem
994 569 1050 632 illa
1080 573 1205 653 partem

63 684 176 747 valent
198 686 292 765 atque
315 681 353 744 de
377 680 441 744 Oro
457 680 677 743 Alexandrino
700 703 718 742 a
739 678 836 743 Suida
858 681 1012 762 usurpata
1034 680 1205 744 παιδεύω(
1224 690 1238 737 7

63 796 100 859 ἐν
125 792 369 858 Κωνεταντίνου
390 792 492 855 πόλει.
537 789 588 853 Ad
617 790 752 854 eundem
775 793 882 853 autem
905 789 1057 854 Orionem
1079 788 1205 853 Theba-

64 926 143 967 num
171 925 239 966 non
268 902 373 965 minus
402 903 488 964 certo
517 904 707 984 argumento
735 900 873 964 refertur
901 900 1095 976 ἀνθολόγιον
1124 902 1206 980 πρὸ(

64 1015 231 1091 Εὐδοκίαν,
254 1012 336 1096 quod
359 1011 484 1095 quidem
507 1010 774 1093 manuscriptum
795 1011 830 1074 in
853 1008 1047 1074 bibliotheca
1069 1009 1206 1093 quadam

65 1122 274 1188 Varsaviensi
302 1125 427 1185 exstare
456 1120 620 1184 Francisci
649 1119 792 1183 Passovii
820 1120 1008 1211 nosqdocuit
1031 1125 1147 1185 Notitia
1170 1127 1207 1184 de

66 1239 242 1311 antholocio
271 1237 392 1296 Orionis
424 1236 558 1295 Thebani
584 1231 758 1314 praemissa
787 1231 895 1294 libello
923 1230 1105 1294 academico
1127 1229 1206 1295 Vra·
1272 1285 1274 1287 .

64 1344 246 1407 tislaviensi
269 1341 401 1405 aestatis
424 1364 453 1404 a.
473 1342 551 1405 1831
571 1337 701 1426 [Opusc.
726 1340 815 1404 acad.
840 1364 871 1424 p.
891 1341 951 1404 198
968 1342 1062 1424 sqq.],
1087 1341 1206 1404 editum

66 1458 174 1517 autem
196 1475 346 1536 umquam
372 1452 412 1515 iri
441 1455 571 1535 propter
594 1472 748 1533 nuperam
771 1473 875 1514 rerum
897 1450 1122 1514 Polonicarum
1145 1453 1206 1515 cla-

66 1564 138 1627 dem
167 1563 253 1626 haud
281 1562 346 1625 scio
374 1585 416 1625 an
445 1561 581 1645 amplius
610 1582 738 1644 sperare
765 1583 831 1624 non
854 1561 959 1625 liceat.
1005 1560 1073 1625 Nec
1094 1561 1207 1646 magni

66 1673 222 1736 momenti
249 1694 317 1736 esse
346 1672 508 1754 videntur,
538 1693 619 1755 quae
647 1693 684 1734 ex
718 1671 774 1734 illo
801 1674 837 1734 ut
865 1672 986 1735 conicio
1020 1670 1207 1755 anthologio

68 1787 219 1867 excerpta
248 1785 282 1846 in
310 1783 417 1847 codice
439 1781 681 1846 Vindobonensi
709 1782 792 1865 apud
821 1782 1025 1845 Lambccium
1053 1782 1074 1844 l.
1099 1804 1126 1845 c.
1156 1804 1207 1845 ex-

67 1899 167 1975 stant,
191 1897 340 1977 quattuor
362 1893 492 1977 paginis
514 1893 692 1976 perscripta
714 1892 775 1955 hoc
797 1892 906 1956 initio:
935 1892 1052 1972 Ὠρίων
1073 1893 1092 1957 ὁ
1115 1894 1207 1973 φιλό-

67 2025 172 2085 <apoc
201 2004 340 2084 εἴρηκεν,
367 2003 523 2086 inscripta
552 2005 657 2065 autem
686 2008 946 2082 Apopblbcamata
969 2009 1118 2082 quaedam
1141 2011 1208 2068 mis·

67 2100 257 2198 cellatica.*)
288 2113 436 2178 Oeterum
457 2112 625 2195 inscriptio
647 2112 721 2175 libri
737 2111 960 2176 Varsaviensis
983 2135 1112 2196 prorsus
1135 2136 1207 2177 con·

67 2224 157 2309 gruit
178 2224 214 2286 in
236 2223 350 2288 Suidae
372 2208 573 2305 memoriam,
602 2223 665 2286 nisi
693 2222 776 2305 quod
804 2225 883 2288 κατὰ
906 2229 1043 2304 (τοιχεῐα
1065 2228 1208 2288 veterum

67 2356 174 2417 nemo,
198 2333 280 2417 quod
303 2333 418 2417 sciam,
446 2334 569 2398 locutus
592 2337 656 2414 est,
681 2333 736 2396 sed
759 2334 921 2396 constanti
943 2356 1001 2397 usu
1024 2338 1057 2397 et
1079 2356 1208 2398 consue-

66 2445 181 2507 tudine
203 2448 365 2526 receptum
387 2444 450 2507 suit
472 2447 551 2509 κατὰ
574 2448 742 2523 (τοιχεῑον.
773 2444 862 2519 Quod
885 2447 992 2507 autem
1015 2445 1208 2522 ἀνθολόγιον
1222 2432 1236 2459 ⁰

9 2587 15 2595 ·
67 2555 223 2632 formam,
255 2576 312 2636 pro
342 2555 516 2630 ἀνθολογία
541 2554 637 2638 longe
665 2555 830 2618 usitatiore
859 2554 1014 2619 adscitam
1042 2556 1139 2619 etiam
1167 2556 1209 2619 ab

68 2664 194 2729 Ioanne
217 2663 364 2746 Stobaeo,
389 2686 516 2747 prorsus
539 2665 626 2727 illam
649 2665 826 2728 inauditam
850 2664 885 2728 F.
902 2664 1031 2729 Itankio
1053 2666 1092 2729 de
1108 2666 1208 2749 Hesy-

68 2774 144 2837 chio
166 2797 197 2857 p.
221 2774 272 2852 59,
295 2773 464 2837 Passovius
486 2775 552 2858 p.4
576 2772 662 2863 [201]
684 2776 761 2838 satis
784 2775 945 2838 subtiliter
967 2776 1143 2858 disputavit
1166 2776 1207 2839 ad

67 2884 205 2947 mixtam
228 2906 297 2947 cum
320 2885 446 2967 poetica
468 2906 596 2968 prosam
613 2885 790 2949 orationem
805 2889 960 2969 spectare,
986 2885 1018 2948 id
1035 2907 1101 2948 non
1117 2885 1208 2949 video

68 3014 133 3078 quo
147 2993 241 3058 modo
264 2995 298 3057 in
320 2996 622 3075 ἐπιγραμμάτων
647 2996 839 3072 ἀνθολόγιον
863 2994 1119 3060 accommodetur
1134 2994 1208 3058 Dio·

67 3104 212 3188 geniano
235 3104 429 3188 adscriptum
452 3127 471 3168 a
494 3104 600 3169 Suida.

157 3213 207 3277 Ex
229 3215 274 3278 eis
297 3237 377 3298 quae
400 3217 561 3299 posuimus
583 3215 720 3299 primum
743 3215 881 3279 efficitur
903 3215 1028 3298 lapsum
1051 3238 1119 3279 esse
1141 3214 1209 3280 Sui-

67 3325 146 3387 dam
179 3325 398 3389 Alexandrino
426 3326 538 3391 Orioni
571 3327 765 3390 tribuentem
798 3329 870 3406 περὶ
902 3327 1110 3404 ἐτυμολογίας
1143 3326 1209 3388 sive

68 3437 145 3513 περὶ
177 3436 394 3515 ἐτυμολογιῶν
428 3437 581 3501 lexicum:
619 3437 650 3500 id
684 3437 766 3520 quod
793 3458 834 3499 ne
862 3435 1056 3498 Larcherum
1084 3436 1210 3519 quidem

66 3545 168 3629 fugit.
214 3544 338 3609 Deinde
361 3550 483 3631 autem,
512 3568 575 3631 qua
603 3548 708 3609 aetate
731 3546 883 3610 Orionem
905 3545 1094 3609 Thebanmn
1117 3546 1209 3609 collo-

68 3677 190 3736 cemus
214 3655 352 3719 medium
375 3658 536 3721 saeculum
558 3657 705 3741 quintum
732 3657 819 3719 nacti
842 3678 948 3720 sumus
972 3659 1062 3719 extra
1086 3659 1209 3719 contro-

66 3765 210 3828 versiam
226 3748 375 3848 positum:
405 3767 472 3831 Nec
488 3771 561 3851 post
576 3790 605 3830 a.
623 3765 851 3831 OOOOXXXX
867 3766 906 3829 ad
923 3766 1099 3830 Eudociam
1110 3766 1210 3830 Theo-

66 3875 154 3940 dosii
177 3875 311 3939 minoris
335 3877 501 3962 coniugem
525 3878 747 3940 transmissum
770 3900 848 3960 opus
870 3877 970 3940 videri
992 3877 1088 3940 facile
1109 3877 1210 3940 cidem

66 3987 267 4051 assentimur
296 3986 447 4051 Passovio
476 4011 506 4071 p.
536 3990 556 4053 3
589 3986 686 4075 [199].
739 3987 859 4062 Quibus
892 3988 1035 4071 apprime
1064 3987 1211 4051 conveni-

64 4100 141 4181 unt,
166 4119 248 4181 quae
265 4097 304 4161 de
320 4098 438 4163 Orione
462 4097 678 4162 cumTzetzes
701 4097 834 4162 tradidit
855 4119 928 4161 mox
949 4097 1120 4181 afferenda,
1143 4101 1212 4159 tum

138 4338 164 4404 ¹²)
185 4336 273 4405 [Haec
290 4335 352 4392 vide
371 4354 455 4408 supra
472 4338 596 4393 tractata
612 4355 639 4407 p.
660 4342 708 4392 562
727 4336 798 4406 squ]
