2948 4996
229 349 293 414 460
690 365 736 411 66
758 363 907 412 6166166

230 519 426 581 mentionem
449 518 593 600 Marsyas
621 516 749 598 fecerit,
772 517 935 580 difficilius
958 538 1052 598 sanc,
1077 538 1173 600 quam
1195 517 1371 601 quaeritur,

231 627 450 711 respondetur.
488 628 792 706 Ἀρχαιολογὶαν
815 626 1001 710 perhibetur
1023 626 1200 710 scripsisse,
1224 630 1260 691 ut
1282 650 1372 710 prae·

230 740 280 801 ter
301 736 491 819 Dionysium
513 739 546 798 et
566 735 737 818 losephum
758 735 967 820 Pherecydes,
994 736 1230 818 Phanodemus,
1254 740 1289 800 et
1311 738 1372 801 sor·

231 851 316 910 tasse
331 845 469 929 Hippias
483 848 577 928 atque
593 845 811 910 Anaximenes
834 844 928 932 [nihil
950 851 986 910 ut
1007 847 1045 910 de
1068 846 1243 912 Simonidis
1259 848 1372 911 Amor-

231 956 311 1041 gini,
334 956 361 1019 si
381 955 430 1018 dis
450 956 567 1038 placet,
587 955 798 1039 ἀρχαιολογίᾳ
813 960 880 1022 τῶν
899 957 1023 1036 (αμίων
1041 956 1175 1045 dicam]:
1200 957 1291 1021 cuius
1311 961 1372 1020 ter-

231 1088 286 1130 rae
314 1066 363 1128 vel
391 1065 515 1149 gentis,
543 1067 679 1130 tacetur.
724 1064 842 1140 Quodsi
871 1067 940 1149 quis
968 1067 1007 1130 de
1031 1072 1132 1131 Attica
1154 1071 1373 1147 orchaeoloqic

232 1176 448 1240 coniecturam
469 1174 571 1238 faciat
592 1175 693 1258 deque
714 1178 834 1239 temere
857 1175 1024 1259 discerptis
1039 1174 1155 1240 Suidae
1174 1177 1239 1240 illis
1256 1177 1372 1259 verbis,

231 1306 312 1369 quae
340 1305 418 1348 sane
445 1284 541 1347 tertio
568 1284 696 1348 invecto
719 1284 848 1368 Marsya
875 1286 1005 1349 turbata
1028 1307 1096 1349 esse
1118 1285 1273 1350 vidimus:
1308 1309 1373 1351 non

231 1395 330 1458 fucrit
356 1393 442 1457 istud
464 1393 591 1477 quidem
618 1394 683 1457 ullo
706 1398 800 1478 pacto
823 1395 1005 1478 absurdum,
1033 1395 1224 1479 praesertim
1247 1418 1321 1459 cum
1342 1402 1374 1460 et

232 1505 383 1570 Ἀττικά
411 1503 467 1566 illa
489 1503 617 1567 Pellaeo
646 1504 808 1588 adscripta
835 1504 968 1569 ethaeo
991 1505 1202 1585 ἀρχαιολογία
1224 1506 1374 1570 dicantur

197 1614 362 1695 δβιβλίοις
385 1612 422 1694 ιβ’
445 1612 678 1700 constitisse*)3
707 1615 761 1678 sed
788 1619 898 1678 tamen
927 1615 1038 1678 mirari
1060 1614 1147 1677 subit
1169 1615 1257 1678 inter
1280 1616 1373 1680 Ἀτθί-

231 1729 299 1789 δων
325 1723 495 1806 scriptores
523 1745 589 1787 non
617 1724 743 1807 saepius
772 1725 1010 1788 commemorari
1038 1725 1212 1808 Marsyam.
1258 1724 1373 1800 Quam·

232 1855 328 1916 quam
354 1832 465 1896 eadem
492 1855 570 1896 sane
598 1834 726 1897 miratio
755 1834 790 1897 in
812 1834 932 1898 Pellaei
955 1835 1075 1900 Ἀττικά
1102 1834 1205 1917 cadit,
1240 1856 1374 1918 quorum

232 1943 331 2006 libros
353 1942 431 2006 XIV
457 1942 608 2026 (debebat
631 1943 708 2029 XII)
737 1944 852 2007 ‘minus
876 1944 978 2008 claros
999 1944 1109 2008 fuisse’
1133 1943 1282 2027 Heynius
1305 1966 1373 2007 sen·

233 2053 336 2115 tiebat
357 2052 392 2115 in
414 2052 643 2134 Apollodorum
664 2053 724 2136 III,
751 2054 790 2116 14
811 2076 843 2136 p.
867 2054 940 2118 319.

318 2161 409 2247 (XII)
437 2161 498 2225 Sed
522 2163 683 2226 luculento
704 2164 889 2227 testimonio
903 2162 1118 2228 Macedonicis
1134 2165 1214 2228 haec
1229 2165 1373 2229 tribuun-

233 2275 286 2335 tur
297 2271 563 2355 Harpocrationis
579 2296 609 2336 v.
627 2276 646 2338 Γ
654 2274 806 2353 άληψος
830 2272 961 2357 (rectius
982 2277 1001 2339 Γ
1003 2275 1157 2356 αληψός)·
1182 2322 1190 2337 .
1216 2324 1222 2336 .
1251 2324 1258 2337 .
1282 2276 1374 2339 πόλις

234 2383 370 2465 Θρᾴκης,
393 2383 560 2462 ὠνομάςθη
590 2386 625 2447 δὲ
647 2383 713 2449 ἀπὸ
743 2385 892 2463 Γαλήψου
914 2388 972 2449 τοῦ
988 2384 1102 2448 ΙΘάςου
1125 2386 1255 2462 καὶτῆς
1278 2386 1373 2463 Τηλέ-

234 2488 312 2572 φης,
333 2492 378 2557 ὡς
394 2493 579 2571 Μαρςύας
602 2492 831 2574 ὁνεώτερος
853 2494 893 2558 ἐν
917 2495 1076 2577 πέμπτῳ
1095 2493 1269 2572 (ἐνπέμπο6
1290 2494 1373 2577 cod.)

235 2603 529 2668 Μακεδονικῶν.
563 2602 649 2665 Nam
667 2624 762 2687 aegre
779 2603 971 2686 perspicias,
996 2624 1051 2666 cur
1066 2603 1132 2665 eius
1147 2602 1234 2666 modi
1252 2603 1375 2667 addita·

231 2707 369 2795 mentis,
404 2712 517 2795 quibus
545 2712 736 2795 aliquotiens
762 2713 892 2776 mutilus
914 2711 1181 2795 Harpocrationis
1203 2713 1289 2777 liber
1311 2736 1375 2778 non

236 2821 508 2905 compendifactus
543 2823 708 2905 suppletur
738 2843 776 2885 ex
807 2823 877 2905 ipsa
910 2822 1065 2904 epitoma,
1099 2824 1135 2884 ut
1161 2845 1194 2905 p.
1226 2824 1306 2900 176,
1339 2824 1375 2887 16

235 2932 321 3015 (post
344 2932 545 3015 ororetur),
572 2933 643 3014 118,
663 2932 702 2994 14
724 2931 768 3015 (v.
784 2931 1037 3015 τριτοπάτορες),
1065 2930 1135 3012 182,
1153 2933 1171 2994 7
1191 2932 1237 3013 (v,
1255 2935 1375 3017 φάςις),

235 3062 373 3123 nuperus
402 3041 504 3103 editor
527 3042 631 3104 locum
659 3040 841 3124 denegarit:
870 3040 1051 3123 quostiam
1077 3040 1208 3123 gravius
1230 3040 1295 3106 hoc
1317 3048 1376 3122 est,

234 3149 315 3233 quod
340 3151 406 3213 eius
429 3150 557 3233 generis
579 3150 735 3233 quaedam
757 3170 886 3233 prorsus
908 3148 1139 3231 praetermisit,
1170 3154 1207 3213 ut
1235 3150 1377 3216 Parisini

234 3259 307 3321 libri
336 3258 421 3322 hanc
443 3260 603 3342 glossam:
650 3260 818 3339 Κορθίλος,
852 3259 957 3338 ὄνομα
984 3260 1107 3338 κύριον·
1146 3261 1186 3325 ὃν
1214 3261 1379 3342 Ἀθηναῖοι

234 3370 424 3434 κατέλευςαν
461 3369 543 3452 (cod.
573 3370 774 3451 κατέλυςαν),
803 3369 883 3433 διότι
909 3369 1080 3434 ὑπακούειν
1107 3370 1249 3448 Πέρςαις
1279 3373 1379 3451 πρού-

234 3478 440 3564 τρέπετο.**)
1123 3493 1127 3497 “

302 3718 327 3783 *)
356 3717 445 3785 [Η666
472 3715 616 3784 amplexus
646 3713 831 3768 coniecturam
854 3713 1048 3782 Bernhardyus
1071 3711 1230 3781 minorique
1249 3717 1382 3787 Marsyae

236 3792 366 3876 Ἀτπικήν
384 3809 581 3877 ἀρχαιολογίαν
599 3807 724 3861 tribuens
742 3825 854 3875 prorsus
873 3805 1013 3875 persuasit
1030 3806 1143 3861 Geiero:
1164 3807 1212 3874 qui
1230 3810 1332 3864 tamon
1350 3829 1382 3864 cx

235 3906 360 3956 Ἀτοκτα
377 3919 460 3971 posse
479 3904 639 3970 corruptum
657 3918 717 3954 csse
738 3901 849 3953 Ἀττικά
867 3899 985 3954 66616611
1001 3918 1027 3968 p.
1042 3906 1099 3952 334.
1136 3899 1249 3955 Maiora
1268 3904 1383 3958 molitus

235 3997 395 4064 Droysenus
409 3997 546 4049 Ἀςιατικά
558 3995 735 4063 proponebat
752 4012 778 4063 p.
791 3999 846 4047 682.
859 4024 891 4031 —
903 3991 1061 4061 Agathonis
1074 3991 1187 4058 quidem
1205 3996 1383 4050 mentionem

235 4090 270 4142 ad
293 4089 369 4158 ipsos
391 4087 589 4141 Maccdonioon
612 4087 698 4140 libros
721 4103 851 4140 revocare
874 4103 929 4140 non
952 4083 1091 4138 dubitavit
1107 4085 1262 4139 Muellerus
1282 4107 1309 4158 p.
1330 4091 1384 4158 451

303 4183 343 4248 **)
358 4182 455 4248 [Immo
474 4183 605 4248 excerpta
623 4180 692 4232 hacc
710 4180 774 4231 sunt
784 4187 824 4232 'er
837 4177 1065 4247 Harpocrationis
1083 4194 1138 4231 non
1157 4180 1384 4246 compendifacti

235 4292 262 4342 p.
286 4280 340 4338 118,
359 4282 374 4327 6
392 4274 492 4326 1161ς1(.;
514 4273 658 4340 Κυρςίλον·
676 4273 857 4340 Δημοςθένης
874 4273 904 4324 ἐν
918 4277 960 4338 τῷ
979 4271 1050 4337 ὑπὲρ
1068 4272 1274 4338 Κτηςιφῶντος
1295 4279 1322 4340 (ς
1334 4280 1384 4327 201

235 4384 261 4434 p.
282 4370 356 4432 2961·
376 4368 444 4419 «τὸν
463 4368 512 4431 μὲν
530 4370 620 4419 τοῦτο
638 4366 880 4432 ςυμβουλεύςαντα
899 4364 1085 4430 Θεμιςτοκλέα
1102 4365 1267 4432 ςτρατηγὸν
1286 4368 1386 4433 Moue-
