3008 5002
529 335 646 395 nuova
670 335 886 383 1111100010.
1220 321 1279 384 183

137 491 257 557 Confer
290 491 372 573 quod
406 489 445 552 de
478 489 581 571 prima
614 509 737 571 quaque
770 488 891 572 pagina
924 510 1024 550 vacua
1058 489 1278 572 praecepimus

136 625 167 685 p.
195 602 256 664 123
279 600 388 663 adnot.
433 598 521 673 Quae
544 620 615 662 cum
636 598 683 661 ita
705 598 787 679 sint,
812 598 985 661 conicimus
1008 598 1101 680 plene
1124 599 1277 682 scriptum

135 712 236 774 fuisse
251 710 427 775 ΑΡΙΘΜΟ(
442 697 468 773 l(
486 710 583 775 ΕΠΗε
612 708 741 771 tametsi
763 707 931 770 fatendum
954 712 1002 771 est
1024 708 1159 772 alterum
1184 709 1277 772 huius

135 821 223 884 vocis
239 819 419 902 exemplum
433 819 468 880 in
489 818 539 881 his
562 818 689 902 quidem
704 817 917 881 voluminibus
938 839 1005 880 non
1019 822 1181 901 repertum
1197 841 1275 883 esse.

134 930 326 995 Rectissime
349 930 449 1013 igitur
471 929 510 991 de
532 928 616 992 illius
639 928 738 1011 ipsius
761 928 947 1008 voluminis,
976 927 1063 991 cuius
1089 929 1126 991 17
1149 931 1276 992 tantum

133 1040 273 1124 paginas
288 1043 444 1102 memorat
461 1037 633 1122 Catalogus
649 1038 708 1101 Ox.
717 1087 726 1119 ,
748 1037 937 1121 integritate
952 1037 1029 1101 olim
1045 1037 1275 1102 dubitavimus:

133 1172 197 1233 quo
224 1149 352 1232 quidem
374 1170 440 1212 non
468 1148 580 1212 leviter
602 1147 706 1212 omnis
728 1147 780 1210 via
807 1147 863 1210 illa
887 1147 1141 1229 commendatur,
1172 1170 1275 1230 quae

132 1259 380 1323 difficultatibus
409 1279 474 1320 non
502 1257 712 1321 mediocribus
746 1278 804 1320 nos
833 1257 981 1339 expedire
1014 1279 1045 1339 p.
1077 1257 1137 1321 127
1168 1259 1275 1320 conati

132 1391 253 1432 sumus.
274 1407 316 1416 -
338 1366 439 1432 Simul
461 1368 597 1431 alterum
618 1367 707 1430 nacti
734 1389 840 1430 sumus
866 1366 1121 1451 significatarum
1142 1369 1274 1432 (ελίδων

133 1479 316 1561 exemplum
337 1481 466 1561 praeter
488 1477 582 1559 1111111,
607 1476 689 1560 quod
711 1477 912 1540 coniecturae
931 1478 1059 1539 tantum
1081 1475 1274 1540 debebamus

133 1611 165 1671 p.
187 1588 246 1652 128
268 1587 460 1670 propositae.
505 1586 567 1651 Sed
590 1608 661 1650 cum
686 1588 929 1652 ΚΟΛΛΗΜΑΤΑ
952 1587 1096 1651 (ΕΔΙΟΗ
1120 1585 1274 1669 interpre-

132 1698 196 1760 tati
224 1718 363 1760 essemus
388 1698 570 1776 κολλήματα
598 1697 746 1778 10111011,
783 1700 819 1759 ut
846 1696 970 1759 numeri
1002 1699 1081 1759 nota
1108 1696 1274 1759 evanuisse

133 1811 316 1890 putaretur,
345 1807 430 1870 hanc
452 1807 552 1870 latere
573 1807 678 1890 potius
700 1806 735 1869 in
758 1807 901 1870 (ΕΔΙΟΗ
926 1805 1116 1890 Spengelius
1138 1806 1272 1888 monuit,

132 1917 180 1980 010
207 1916 350 1999 quidem:
380 1920 453 1981 1011.
484 1912 532 1995 οη’
561 1917 593 1980 h.
617 1937 644 1979 0.
673 1923 859 1995 popinarum
883 1915 934 1979 78.
979 1914 1064 1989 Quas
1093 1915 1173 1978 adde
1202 1917 1272 1979 rali-

132 2028 204 2111 quis
232 2026 400 2110 exemplis,
432 2026 543 2110 quibus
571 2047 637 2090 non
666 2046 773 2088 raram
800 2024 898 2088 fuisse
925 2027 1053 2087 tantam
1079 2025 1272 2109 paginarum

133 2137 215 2219 (0110
244 2137 477 2218 columnarum,
506 2139 541 2200 ut
569 2136 662 2200 hodie
690 2135 861 2219 loquimur)
884 2134 1121 2198 multitudinem
1143 2134 1271 2199 demon-

131 2247 302 2310 stravimus
317 2269 349 2330 p.
366 2247 417 2310 30.
438 2246 507 2310 127.
545 2244 650 2320 Quid?
672 2245 754 2328 quod
776 2245 882 2328 plures
905 2245 1003 2308 etiam
1025 2266 1120 2327 quam
1144 2248 1272 2309 centum

130 2356 272 2439 paginae
287 2355 495 2439 perhibentur
510 2355 576 2418 eius
592 2354 761 2419 voluminis
776 2376 854 2435 0000,
872 2376 933 2438 quo
948 2353 1127 2418 Philodami
1142 2376 1160 2418 e
1173 2354 1271 2418 Zeno-

132 2466 183 2528 nis
199 2467 270 2546 περὶ
291 2467 379 2543 ἠθῶν
395 2467 445 2530 καὶ
466 2466 544 2545 βίων
559 2465 649 2528 libris
664 2469 814 2548 excerpta
830 2464 1046 2529 continentur.
1082 2464 1165 2529 Vide
1186 2466 1272 2529 Acta

131 2575 367 2658 philologorum
382 2574 613 2658 Norimbergae
637 2578 904 2661 congregatorum
924 2597 956 2657 p.
976 2575 1025 2638 18.
1067 2573 1153 2661 [Alia
1176 2598 1270 2659 quae·

130 2684 206 2748 dam
220 2685 282 2748 huc
297 2685 492 2767 pertinentia
508 2705 579 2747 cum
590 2684 742 2768 Spengeli
757 2688 825 2748 tum
838 2683 1007 2767 Gomperzi
1023 2705 1163 2768 nuperae
1176 2707 1270 2749 011100

130 2793 166 2857 in
187 2795 399 2858 voluminibus
421 2793 715 2858 Herculanensibus
738 2795 861 2877 positae
884 2795 1037 2877 praebere
1059 2795 1235 2882 poterunt]

215 2904 246 2966 4.
276 2904 422 2968 Ceterum
445 2906 483 2968 de
510 2906 705 2986 (τιχομετρίᾳ
727 2905 874 2968 universa
896 2904 963 2988 egit
985 2907 1112 2987 praeter
1127 2905 1269 2968 lonsium

129 3013 272 3097 aliosque
292 3013 368 3076 olim
384 3036 402 3076 a
419 3013 512 3077 nobis
528 3017 789 3077 commemoratos
810 3014 906 3078 etiam
925 3012 1123 3077 Schwarzius
1144 3014 1200 3076 ‘de
1218 3035 1270 3076 or-

128 3123 292 3186 namentis
306 3123 475 3186 librorum'
492 3146 522 3204 p.
535 3123 581 3185 ’62
596 3145 655 3205 aq„
673 3123 820 3206 aquibus
835 3126 998 3206 tamquam
1013 3123 1113 3186 nubes
1129 3122 1268 3185 virorum

128 3232 295 3295 doctorum
324 3232 463 3316 cogitur,
493 3232 547 3314 qui
575 3231 610 3295 in
633 3234 743 3296 eodem
770 3253 888 3317 genere
916 3231 1160 3315 elaborarint*).
1206 3230 1268 3296 Sed

127 3364 191 3404 nos
216 3341 343 3425 quidem
370 3363 430 3405 1100
458 3340 614 3427 Scaligeri
642 3341 830 3425 Pithoeiquc
862 3362 922 3404 nec
949 3341 1092 3423 Barthii,
1128 3340 1267 3422 Heinsii,

128 3450 246 3533 Lipsii,
270 3450 359 3533 (lari,
383 3451 519 3533 Valesii‚
543 3450 598 3514 ur.
622 3451 791 3532 Schmidii‚
818 3450 953 3532 Glassii,
982 3451 1155 3533 Leusdeni,
1186 3450 1268 3515 Stol-

126 3560 237 3644 bergi,
265 3559 404 3642 Simoni,
435 3561 630 3644 Martianayi
659 3561 891 3643 disputationes
912 3560 1064 3624 vidimus:
1097 3581 1157 3623 nec
1179 3582 1266 3624 nunc

127 3671 322 3752 perscrutari
338 3674 440 3734 vacat.
479 3671 674 3756 Diligentius
690 3692 786 3754 quam
801 3671 904 3753 ipsam
921 3692 1067 3735 versuum
1081 3692 1265 3735 mensuram

125 3778 252 3841 lonsius
274 3778 322 3860 Π,
351 3780 382 3861 5,
407 3781 424 3843 7
447 3803 479 3863 p.
499 3764 571 3843 '162
599 3803 645 3863 sq.
676 3779 724 3842 ed.
753 3779 821 3843 len.
851 3780 941 3843 illum
969 3780 1073 3843 locum
1100 3781 1263 3863 tractavit,

125 3887 181 3970 qui
211 3890 259 3950 est
291 3887 330 3950 de
351 3887 504 3952 librorum
538 3888 688 3952 initiis:
722 3909 815 3972 quem
845 3910 903 3952 nos
934 3888 1100 3974 tetigimus
1128 3912 1160 3973 p.
1192 3890 1263 3952 114.

194 4091 218 4157 *)
238 4089 326 4157 [Adde
344 4107 362 4143 a
379 4089 520 4144 Vosmalio
539 4091 769 4145 commemoratos
788 4092 805 4143 l.
825 4109 846 4143 s.
866 4093 887 4144 s'.
906 4109 933 4159 p.
952 4097 1003 4146 220
1020 4098 1035 4157 5
1054 4097 1094 4146 73.
1129 4089 1185 4144 Vbi
1203 4107 1264 4143 cum

124 4181 252 4235 Morellio
279 4183 353 4235 teste
377 4181 504 4250 ‘egregie
528 4182 563 4236 de
586 4182 776 4237 stichometria
798 4186 863 4252 post
885 4181 954 4236 alios
982 4183 1143 4238 disseruisse
1165 4183 1263 4238 Frater

125 4272 240 4327 Gabriel
251 4273 370 4341 Fabricy
382 4272 410 4326 in
423 4273 558 4328 diatriba’
578 4275 699 4342 quadam
712 4291 792 4328 sacra
804 4274 914 4340 dicitur,
931 4292 1028 4330 101001
1041 4294 1075 4330 ne
1091 4275 1261 4345 investigato

123 4364 197 4419 libro
215 4365 350 4420 carbones
369 4365 453 4419 simus
471 4384 522 4436 pro
539 4368 671 4422 thesauro
688 4366 846 4435 inventuri]
