2904 4996
480 369 641 418 scuuosu
664 369 839 417 carmela.
1171 353 1232 418 727

173 524 362 589 Dixeramus
391 528 467 588 ante
495 546 591 607 quam
620 524 661 587 ad
689 523 877 607 Euripidem
903 523 1089 590 deduximus
1117 525 1232 587 oratio·

85 658 178 719 nem,
209 658 276 700 11011
303 635 382 698 satis
411 635 505 718 plene
533 634 738 717 descripsisse
766 633 991 698 Hermannum
1023 633 1101 698 illud
1128 654 1231 718 genus
1249 649 1283 697 3⁶2

87 746 254 830 loquendi,
278 767 350 810 cum
372 744 407 809 in
429 745 541 809 eadem
563 744 784 809 enuntiatione
813 744 861 809 bis
884 726 1024 828 positum
1046 747 1096 808 est
1116 766 1231 827 prono·
1327 816 1328 819 Ἴ

86 878 162 921 men
191 855 300 921 eodem
330 877 415 920 casu,
460 855 682 919 Praetermisit
710 854 795 918 enim
824 855 877 919 ille
906 855 984 918 duas
1014 855 1081 919 eius
1103 855 1231 939 generis

86 967 221 1050 species.
252 965 338 1030 Nam
353 967 452 1030 etiam
473 964 645 1050 gravitatis
668 987 780 1029 caussa
803 965 905 1049 repeti
927 968 1034 1049 potest
1055 985 1233 1049 pronomen

86 1078 199 1141 eadem
231 1077 357 1141 ratione
391 1097 454 1161 qua
483 1076 614 1160 quaevis
633 1074 707 1169 alia
736 1098 814 1157 vox3
848 1079 885 1140 ut
912 1078 961 1139 est
989 1075 1023 1139 in
1051 1075 1232 1139 Horatiano

86 1187 144 1252 illo
168 1187 346 1253 Satirarum
368 1187 395 1270 Ι,
419 1186 450 1269 2,
477 1187 553 1250 120:

238 1346 365 1405 Illam:
387 1353 457 1424 post
478 1345 596 1424 paullo,
622 1344 680 1404 aed
703 1345 813 1424 pluris,
837 1346 863 1403 si
886 1345 995 1404 exierit
1017 1345 1079 1403 vir:

242 1446 340 1507 Gallis
363 1447 474 1520 hanc,
499 1445 699 1505 Philodemus
722 1448 765 1505 ait
787 1470 843 1522 -3

84 1618 168 1678 quae
190 1594 317 1677 quidem
341 1595 462 1677 species
484 1615 544 1658 nec
568 1593 709 1678 pertinet
733 1594 774 1657 ad
795 1594 1041 1678 grammaticam
1065 1595 1231 1659 verborum

84 1705 290 1787 structuram,
316 1704 371 1768 sed
394 1703 552 1768 rhetorica
574 1706 699 1769 ratione
721 1704 862 1789 regitur,
886 1710 919 1770 et
940 1705 1083 1769 omnium
1105 1705 1230 1790 lingua·

85 1837 156 1879 rum
180 1815 355 1879 connnunis
378 1819 442 1898 est,
467 1815 554 1879 velut
577 1815 660 1899 apud
683 1817 861 1879 nostratem
881 1821 1027 1899 poetam:

237 1975 334 2032 Drum
355 1973 418 2031 will
441 1973 490 2032 ich
513 1972 598 2032 dich
620 1974 675 2032 mit
696 1973 927 2051 krIegerischen
949 1973 1065 2047 Ehrcn,

238 2075 302 2134 Vor
324 2076 406 2134 allen
429 2076 647 2136 Erdenlrauen
678 2075 764 2134 dich
787 2075 962 2135 verkltircn.

84 2223 178 2287 Talia
207 2245 278 2286 cum
307 2222 345 2286 de
373 2223 533 2287 industria
560 2222 731 2306 scriptores
761 2227 1002 2307 consectentur,
1031 2227 1141 2288 tamen
1164 2247 1230 2288 sae-

84 2334 216 2418 pissime
245 2334 343 2397 etiam
371 2332 495 2398 incuria
525 2333 682 2417 quaedam
715 2333 854 2398 iterandi
888 2334 1087 2418 pronominis
1119 2357 1231 2399 caussa

83 2443 166 2526 fuit,
196 2444 243 2508 ita
271 2443 399 2527 quidem
427 2448 462 2507 ut
492 2447 565 2528 post
586 2444 789 2508 interiectam
812 2443 952 2528 aliquam
974 2445 1231 2510 enuntiationem

84 2553 240 2637 cogitatio
261 2553 460 2638 pronominis
489 2557 586 2619 antea
614 2554 679 2618 iam
700 2554 796 2638 positi
819 2552 1109 2639 redintegraretur:
1147 2556 1230 2640 quod

82 2663 139 2728 ubi
161 2664 266 2727 media
287 2664 343 2727 illa
366 2664 547 2728 enuntiatio
572 2664 680 2748 paullo
703 2665 830 2750 longior
853 2669 912 2748 est,
936 2665 1034 2730 etiam
1056 2665 1230 2750 perspicui-

82 2774 145 2837 tati
169 2796 206 2837 ea
228 2796 263 2838 re
285 2775 471 2838 consulitur.
516 2775 623 2858 Atque
646 2775 706 2839 hoc
728 2797 830 2860 genus
853 2798 915 2859 quo
938 2776 1033 2840 latius
1055 2779 1163 2860 patet,
1193 2799 1229 2840 eo

80 2885 190 2948 minus
213 2885 343 2970 neglegi
366 2886 550 2969 oportebat3
579 2907 615 2949 eo
638 2886 725 2949 enim
747 2885 844 2971 longe
866 2887 1005 2949 maxima
1027 2908 1103 2969 pars
1126 2908 1230 2950 exem-

78 2995 209 3079 plorum
243 2995 532 3079 comprehenditur.
546 2997 578 3077 *)
628 2996 768 3071 Quorum
800 3018 932 3060 numero
965 2995 1044 3060 illud
1077 2995 1158 3059 addo
1190 3018 1228 3059 ex

76 3105 237 3189 Aeschyli
260 3104 390 3188 Septem
412 3106 452 3169 ad
474 3106 602 3171 Thebas
625 3128 655 3170 v.
682 3106 764 3170 1028
789 3104 913 3194 [102sp

235 3259 343 3341 τάφον
364 3260 427 3339 γὰρ
449 3260 552 3343 αὐτῷ
575 3262 626 3324 καὶ
648 3261 853 3340 καταεκαφὰ(
876 3258 953 3336 ἐγώ,

235 3371 316 3448 γυνή
340 3389 400 3448 περ
423 3368 513 3450 otta,
537 3375 636 3455 τῷδε
659 3370 886 3449 μηχανήεομαι,

234 3480 345 3563 κόλπῳ
368 3481 512 3560 φέρουεα
535 3482 682 3560 βυεείνου
704 3481 929 3559 πεπλώματος,

236 3591 333 3669 rodat
356 3591 509 3670 καλύψω·
531 3592 608 3670 μηδέ
631 3613 677 3675 τῳ
699 3590 777 3675 δόξῃ
799 3590 911 3655 πάλιν;

73 3745 269 3825 incorrupta
291 3741 376 3806 enim
398 3741 478 3806 haec
501 3763 568 3806 esse
592 3741 745 3824 arbitror,
776 3745 870 3827 atque
897 3742 1042 3825 improbo
1064 3741 1227 3806 Piersonis

75 3853 301 3918 coniecturam
325 3853 418 3932 αὐτὴ
442 3855 573 3935 propter
594 3853 715 3931 καύτὴ
739 3853 836 3916 verba
859 3875 888 3916 v.
916 3852 994 3917 1031
1021 3849 1140 3940 [walp

148 4124 176 4188 *)
196 4122 315 4190 [Nollem
334 4140 377 4176 me
396 4123 514 4191 fugisset
532 4123 564 4176 G.
584 4122 738 4176 Hermanni
756 4122 793 4175 ad
811 4122 956 4191 Sophochs
974 4122 1091 4176 Philoct.
1111 4128 1161 4177 315
1179 4123 1226 4176 ad·

27 4231 30 4235 ’
73 4215 189 4270 notatio
213 4232 297 4283 sopor
319 4216 431 4284 repetiti
454 4215 626 4284 pronominis
649 4215 813 4269 rationibus.
850 4215 929 4269 Nunc
952 4218 1012 4270 tum
1034 4234 1068 4270 ex
1091 4216 1144 4271 illis
1163 4234 1227 4271 mea

61 4307 277 4375 ‚iudicabuntur
295 4308 521 4376 qualiacumque,
539 4311 599 4362 tuni
617 4308 685 4362 meis
705 4308 908 4378 supplebuntur
925 4309 1140 4364 Hermanniana.
1178 4314 1224 4364 Ex

75 4406 218 4457 Addendr‘r
233 4421 260 4469 p.
280 4403 333 4471 44]
