3014 5010
586 354 856 402 απιοιιοιιιιιιιιο.
1252 338 1290 400 77

147 509 207 594 29)
236 509 334 573 Ibid.:
370 511 408 574 τὸ
442 511 499 588 μὲν
528 509 608 573 ὅλον
642 510 763 589 βιβλίον
792 509 827 571 ἐκ
849 511 982 571 πολλῶν
1011 507 1221 571 διεςκεάαςται
1243 509 1293 570 καὶ

149 622 306 696 ςύγκειται
335 621 449 698 ςχεδὸν
473 620 515 684 είς
544 620 775 685 ἑξακοςίους
802 619 958 695 ςτίχους
980 619 999 695 ἢ
1023 618 1123 697 βραχύ
1145 639 1172 681 τι
1195 617 1292 695 ἦττον

149 732 369 810 ἐκτεταμένον.
393 769 436 777 -
457 729 513 814 30)
537 728 738 813 Diogenes
766 728 873 792 Laert.
903 727 929 808 I,
961 728 1031 790 111.
1061 728 1137 791 112;
1164 728 1292 807 έποίηςε

148 845 186 906 δὲ
210 842 423 922 (Ἐπιμενίδης)
450 842 620 919 Κουρήτων
643 841 693 904 καὶ
717 839 930 919 Κορυβάντων
957 840 1081 913 γε’νεςιν
1109 839 1159 901 καί
1180 843 1292 914 θεογο-

149 952 223 1016 νίαν
253 951 324 1031 ἔπη
354 952 609 1030 ἑξακιςχίλια,
637 949 779 1030 Ἀργοῦ(
808 949 987 1027 ναυπηγίαν
1014 950 1127 1040 τεκαὶ
1154 949 1292 1012 Ἰάτονος

149 1061 195 1126 εἰς
219 1062 361 1139 Κόλχους
384 1061 555 1126 ἀπόπλουν
579 1061 650 1139 ἔπη
674 1059 912 1139 ἑξακιςχίλια
933 1058 1181 1124 πεντακάςιο·
1204 1060 1293 1123 ςυνέ-

68 1195 70 1197 ’
148 1192 258 1251 γραψε
280 1174 315 1236 δέ
338 1173 387 1235 καὶ
409 1172 630 1248 καταλογάδην
653 1172 725 1250 περί
740 1175 856 1234 θυςιῶν
880 1171 1005 1247 καὶτῆς
1026 1169 1180 1251 ἐνΚρήτῃ
1203 1171 1292 1232 πολι-

125 1265 236 1345 Ιτείας
259 1282 401 1362 καὶπερὶ
425 1282 517 1346 Μίνω
540 1283 590 1346 καὶ
617 1281 857 1359 Ῥαδαμάνθυος
885 1279 928 1344 εἰς
955 1261 1026 1358 έπη
1054 1279 1291 1359 τετρακιςχί·

149 1394 223 1454 λια
248 1429 288 1440 -
316 1392 371 1476 31)
399 1390 561 1475 Diogenes
584 1390 690 1453 Laert.
715 1388 772 1472 IV,
800 1391 837 1471 5,
860 1389 925 1474 vgl.
955 1390 990 1452 4:
1019 1391 1229 1454 καταλέλοιπε
1257 1390 1292 1453 δὲ
1311 1408 1344 1455 ω

151 1501 372 1582 ((πειίςιππος)
397 1502 593 1581 πάμπλειςτα
615 1501 824 1580 ὑπομνήματα
851 1501 901 1564 καί
929 1501 1100 1574 διαλόγους
1128 1499 1292 1564 πλείονας·

256 1612 380 1690 ςτίχοι
408 1613 586 1691 Μγ’,δοε’.
610 1648 652 1658 -
673 1611 729 1694 32)
758 1609 852 1694 Diog.
882 1608 945 1692 IV,
978 1610 1126 1694 14„vgl.
1159 1611 1213 1673 11:
1244 1611 1293 1672 καὶ

149 1723 282 1785 πλεῑςτα
311 1721 369 1785 ὅςα
402 1723 612 1786 καταλέλοιπε
643 1721 1117 1805 (Ξενοκράτης)-ςυγγράμματα
1148 1721 1199 1783 καί
1231 1698 1301 1798 ἔπη

149 1832 203 1893 καὶ
236 1832 451 1911 παραινέςεις,
484 1831 588 1896 ἅέςτι
619 1835 729 1895 ταῦτα·
849 1831 975 1909 ςτίχοι
1008 1831 1227 1910 Μκβ’,δςλθ’.
1251 1868 1293 1877 »-

148 1941 192 2003 33
220 1962 250 2002 a.
279 1940 314 2023 δ)
343 1940 437 2024 Diog.
467 1939 523 2022 lv,
557 1942 611 2004 13:
645 1942 867 2022 (Ξενοκράτης)
988 1942 1107 2005 θέςεων
1136 1941 1237 2020 βιβλία
1265 1945 1293 2003 κ’

150 2051 289 2132 (ςτίχων)
312 2072 381 2132 μ,γ,
410 2056 467 2129 τῆς
493 2053 565 2131 περὶ
592 2052 630 2116 τὸ
658 2051 855 2127 δίολέγεςθαι
882 2051 1106 2129 πραγματείας
1124 2052 1226 2130 βιβλία
1252 2055 1291 2115 ιδ’

151 2160 289 2243 (ςτίχων)
313 2162 514 2243 Μα’,βψμ’.
532 2199 574 2209 -
588 2161 644 2245 34)
666 2157 762 2244 Diog.
786 2160 843 2241 lv,
867 2160 923 2223 24:
946 2162 996 2224 καὶ
1018 2162 1164 2224 κατέλιπε
1182 2161 1292 2244 (Κράν-

29 2266 32 2267 ’
149 2274 227 2352 τωρ)
252 2272 461 2351 ὑπομνήματα
483 2271 527 2335 είς
549 2272 739 2352 μυριάδας
762 2271 904 2348 ςτίχων
926 2273 1041 2349 τρεῖς.
1058 2308 1099 2317 —
1114 2270 1170 2351 35)
1196 2268 1292 2352 Diog.

149 2379 193 2458 V,
209 2381 261 2461 27,
279 2381 343 2464 vgl.
360 2381 418 2444 21:
442 2382 623 2461 ςυνέγραψε
645 2384 680 2447 δὲ
703 2364 938 2464 (Ἁριςτοτέλης)
962 2380 1158 2459 πάμπλειςτα
1180 2381 1292 2460 βιβλία·

154 2539 160 2551 .
188 2539 195 2551 .
221 2538 227 2551 .
256 2490 399 2565 γίνονται
430 2491 461 2554 αί
489 2494 584 2555 πάςαι
618 2493 803 2572 μυριάδες
837 2491 979 2569 ςτίχων
1012 2492 1196 2570 τέτταρες
1232 2493 1293 2555 καὶ

150 2602 450 2679 τετταράκοντα
472 2603 571 2681 πρὸς
593 2605 678 2667 τοῖς
708 2601 1047 2680 πεντακιςχιλίοις
1075 2603 1135 2665 καὶ
1158 2604 1292 2666 διακο-

151 2711 252 2773 ςίοις
279 2710 565 2791 ἑβδομήκοντα.
588 2751 630 2759 —-
652 2711 707 2796 36)
731 2711 826 2796 Diog.
850 2710 890 2793 V,
914 2712 966 2792 50,
991 2711 1055 2794 vgl.
1079 2711 1135 2774 42:
1164 2714 1293 2776 καταλέ·

150 2823 260 2913 λοιπεΙ
276 2822 311 2884 δὲ
339 2823 440 2901 βιβλία
467 2824 517 2886 καὶ
546 2822 644 2887 αὐτὸς
673 2823 702 2903 (δ
730 2823 948 2902 θεάφραςτος)
977 2822 1025 2886 ὅτι
1054 2822 1184 2899 μάλιςτα
1211 2823 1292 2900 πάμ-

149 2932 301 2993 πλειςτο·
326 2912 404 2994 ..ά
419 2934 562 3007 γίνονται
585 2933 727 3011 ςτίχων
751 2934 974 3013 Μκγ’,βωη’·
998 2936 1138 2996 τοςαῦτα
1159 2934 1215 3010 μὲν
1232 2932 1291 2997 οὖν

151 3041 202 3102 καὶ
231 3045 314 3124 τῷδε
341 3042 381 3105 τά
409 3043 520 3121 βιβλία.
544 3080 587 3089 -
608 3043 663 3127 37)
686 3042 782 3125 Diog.
806 3040 884 3123 VII,
916 3042 990 3106 188:
1019 3043 1055 3106 ἐν
1083 3044 1118 3106 δέ
1147 3048 1193 3126 τῷ
1221 3046 1293 3122 περὶ

149 3150 312 3214 πολιτείας
341 3153 390 3216 καί
416 3155 545 3231 μητράςι
568 3154 651 3230 λέγει
675 3154 876 3234 (Χρύςιππος)
900 3153 1103 3231 ςυνέρχεςθαι
1126 3154 1175 3215 καὶ
1197 3159 1292 3228 θυγα-

149 3260 241 3337 τράςι
268 3262 317 3324 καὶ
346 3261 440 3326 υἱοῖς·
470 3264 509 3326 τά
537 3265 566 3326 δ’
588 3263 667 3327 αὐτά
695 3283 769 3342 φηςι
798 3263 905 3328 καὶέν
934 3269 979 3348 τῷ
1007 3264 1168 3340 περὶτῶν
1191 3264 1230 3339 μὴ
1253 3264 1293 3324 δι’

150 3370 251 3434 ἑαυτὰ
273 3371 407 3450 αἱρετῶν
431 3374 525 3437 εὐθὺς
547 3374 582 3439 έν
606 3372 704 3456 ἀρχῇ·
727 3374 763 3438 έν
785 3375 820 3436 δὲ
842 3378 888 3455 τῷ
908 3379 938 3448 γ’
960 3370 1032 3452 περὶ
1054 3372 1176 3436 δικαίου
1199 3374 1292 3436 κατά

149 3483 243 3545 τοὺς
280 3483 435 3559 χιλίους
472 3484 627 3562 ςτίχους
663 3485 714 3548 καὶ
749 3485 824 3548 τοὺς
862 3482 1086 3548 ἀποθανόντας
1123 3484 1293 3547 κατεςθίειν

150 3590 296 3656 κελεύων
322 3614 353 3654 ιι.
382 3615 407 3654 s,
438 3615 477 3656 w.
502 3631 543 3640 —
564 3594 620 3679 38)
649 3592 743 3677 Diog.
771 3592 833 3673 IX,
866 3593 940 3656 lll:
971 3595 1102 3674 φέρεται
1129 3595 1164 3657 δὲ
1192 3594 1292 3657 αὐτοῦ

151 3700 319 3781 (Τίμωνος)
336 3704 385 3767 καὶ
401 3704 622 3782 καταλογάδην
639 3704 741 3784 βιβλία
756 3703 799 3768 εἰς
815 3705 920 3770 ἐπῶν
936 3704 1084 3768 τείνοντα
1103 3704 1292 3783 μυριάδας

150 3809 225 3873 δύο.
240 3849 281 3856 -
296 3812 351 3896 39)
368 3812 580 3897 Dionysius
604 3813 679 3876 Hal.
703 3813 744 3876 de
769 3813 911 3897 Thucyd.
936 3814 1031 3877 indic.
1057 3815 1096 3876 10
1117 3836 1148 3896 p.
1166 3814 1239 3894 834,
1256 3814 1291 3876 2:

150 3921 202 3983 καὶ
220 3923 297 3997 μετὰ
311 3926 408 3987 τοῦτο
424 3925 613 4003 διεξέρχεται
628 3925 668 3988 τά
683 3927 755 4003 περὶ
769 3925 959 4003 Ἐπίδαμνον
975 3926 1075 3989 καὶτὰ
1090 3926 1161 4003 περὶ
1179 3925 1291 4003 Κέρκυ-

150 4050 214 4108 ραν
238 4032 342 4096 καὶτὰ
364 4035 434 4112 περὶ
449 4034 625 4100 Ποτίδαιαν
648 4036 697 4098 καὶ
719 4037 776 4113 τὴν
791 4036 1065 4113 Πελοποννηςίων
1087 4037 1226 4099 ςιίνοδον
1250 4036 1292 4098 είς

150 4139 301 4218 (πάρτην
330 4143 380 4205 καὶ
408 4145 482 4208 τοὺς
509 4146 660 4223 ῥηθέντας
688 4145 752 4208 ἐκεῖ
779 4147 857 4209 κατά
885 4150 940 4224 τῆς
963 4146 1136 4224 Ἀθηναίων
1165 4147 1293 4209 πόλεως

148 4251 281 4347 λόγους.
298 4256 397 4316 ταῦτα
408 4255 443 4316 δὲ
459 4255 546 4333 μέχρι
563 4256 765 4334 διςχιλίων
781 4257 955 4336 ἐκμηκύνας
970 4256 1110 4335 ςτίχων
1124 4278 1154 4318 ιι.
1166 4279 1190 4318 S.
1203 4279 1292 4319 w.-

149 4358 208 4441 40)
233 4357 357 4423 Ebend.
381 4362 453 4443 834,
480 4364 533 4445 13:
562 4364 609 4427 οίς
631 4366 779 4444 ἐπιτίθηςι
807 4369 846 4431 τά
869 4368 947 4446 ἔργα
974 4371 1028 4445 τῆς
1051 4368 1179 4433 πόλεως
1205 4415 1289 4430 ....
