<?xml version="1.0" encoding="UTF-8"?>
<!DOCTYPE html PUBLIC "-//W3C//DTD XHTML 1.0 Transitional//EN"
    "http://www.w3.org/TR/xhtml1/DTD/xhtml1-transitional.dtd">
<html xmlns="http://www.w3.org/1999/xhtml" xml:lang="en" lang="en">
 <head>
  <title>
</title>
<meta http-equiv="Content-Type" content="text/html;charset=utf-8" />
  <meta name='ocr-system' content='tesseract 3.04.00' />
  <meta name='ocr-capabilities' content='ocr_page ocr_carea ocr_par ocr_line ocrx_word'/>
</head>
<body>
  <div class='ocr_page' id='page_1' title='image "./fridericiritsch04wachgoog_0575.png"; bbox 0 0 2924 4996; ppageno 0'>
   <div class='ocr_carea' id='block_1_1' title="bbox 743 1136 899 1246">
    <p class='ocr_par' dir='ltr' id='par_1_1' title="bbox 743 1136 899 1246">
     <span class='ocr_line' id='line_1_1' title="bbox 743 1136 899 1246; baseline 0.006 -1"><span class='ocrx_word' id='word_1_1' title='bbox 743 1136 899 1246; x_wconf 82' lang='lat' dir='ltr'><strong>XXI.</strong></span> 
     </span>
    </p>
   </div>
   <div class='ocr_carea' id='block_1_2' title="bbox 497 1351 1140 1471">
    <p class='ocr_par' dir='ltr' id='par_1_2' title="bbox 497 1351 1140 1471">
     <span class='ocr_line' id='line_1_2' title="bbox 497 1351 1140 1471; baseline 0.002 -26"><span class='ocrx_word' id='word_1_2' title='bbox 497 1351 771 1471; x_wconf 74' lang='lat' dir='ltr'>Gronologturn</span> <span class='ocrx_word' id='word_1_3' title='bbox 802 1352 1140 1471; x_wconf 41' lang='lat' dir='ltr'>vindobonense&amp;</span> 
     </span>
    </p>
   </div>
   <div class='ocr_carea' id='block_1_3' title="bbox 152 1723 1390 4011">
    <p class='ocr_par' dir='ltr' id='par_1_3' title="bbox 197 1723 1388 3131">
     <span class='ocr_line' id='line_1_3' title="bbox 197 1723 1388 1807; baseline 0.005 -22"><span class='ocrx_word' id='word_1_4' title='bbox 197 1732 236 1786; x_wconf 87' lang='grc' dir='ltr'>ΙΙΙ</span> <span class='ocrx_word' id='word_1_5' title='bbox 333 1723 408 1787; x_wconf 91' lang='lat' dir='ltr'>Nou</span> <span class='ocrx_word' id='word_1_6' title='bbox 430 1744 503 1786; x_wconf 92' lang='lat' dir='ltr'>raro</span> <span class='ocrx_word' id='word_1_7' title='bbox 526 1723 718 1805; x_wconf 86' lang='lat' dir='ltr'>audivimus,</span> <span class='ocrx_word' id='word_1_8' title='bbox 747 1723 860 1807; x_wconf 85' lang='lat' dir='ltr'>quibua</span> <span class='ocrx_word' id='word_1_9' title='bbox 887 1745 1000 1807; x_wconf 89' lang='lat' dir='ltr'>parum</span> <span class='ocrx_word' id='word_1_10' title='bbox 1027 1725 1315 1792; x_wconf 84' lang='lat' dir='ltr'>commendationis</span> <span class='ocrx_word' id='word_1_11' title='bbox 1337 1728 1388 1791; x_wconf 86' lang='lat' dir='ltr'>ha·</span> 
     </span>
     <span class='ocr_line' id='line_1_4' title="bbox 249 1833 1386 1919; baseline 0.005 -23"><span class='ocrx_word' id='word_1_12' title='bbox 249 1833 323 1897; x_wconf 90' lang='lat' dir='ltr'>bere</span> <span class='ocrx_word' id='word_1_13' title='bbox 350 1833 478 1897; x_wconf 88' lang='lat' dir='ltr'>uberius</span> <span class='ocrx_word' id='word_1_14' title='bbox 506 1833 567 1897; x_wconf 91' lang='lat' dir='ltr'>hoc</span> <span class='ocrx_word' id='word_1_15' title='bbox 598 1837 630 1897; x_wconf 90' lang='lat' dir='ltr'>et</span> <span class='ocrx_word' id='word_1_16' title='bbox 656 1834 800 1897; x_wconf 89' lang='lat' dir='ltr'>ornatius</span> <span class='ocrx_word' id='word_1_17' title='bbox 827 1855 930 1918; x_wconf 82' lang='lat' dir='ltr'>genus</span> <span class='ocrx_word' id='word_1_18' title='bbox 958 1834 1190 1918; x_wconf 84' lang='lat' dir='ltr'>prooemiorum</span> <span class='ocrx_word' id='word_1_19' title='bbox 1218 1837 1386 1919; x_wconf 85' lang='lat' dir='ltr'>videretur,</span> 
     </span>
     <span class='ocr_line' id='line_1_5' title="bbox 248 1943 1387 2027; baseline 0.005 -21"><span class='ocrx_word' id='word_1_20' title='bbox 248 1965 329 2027; x_wconf 87' lang='lat' dir='ltr'>quae</span> <span class='ocrx_word' id='word_1_21' title='bbox 362 1944 467 2027; x_wconf 86' lang='lat' dir='ltr'>vobie,</span> <span class='ocrx_word' id='word_1_22' title='bbox 508 1943 755 2026; x_wconf 86' lang='lat' dir='ltr'>commilitones,</span> <span class='ocrx_word' id='word_1_23' title='bbox 790 1943 874 2007; x_wconf 89' lang='lat' dir='ltr'>tradi</span> <span class='ocrx_word' id='word_1_24' title='bbox 907 1967 971 2008; x_wconf 90' lang='lat' dir='ltr'>una</span> <span class='ocrx_word' id='word_1_25' title='bbox 1003 1966 1074 2008; x_wconf 92' lang='lat' dir='ltr'>cum</span> <span class='ocrx_word' id='word_1_26' title='bbox 1100 1945 1261 2011; x_wconf 89' lang='lat' dir='ltr'>indicibus</span> <span class='ocrx_word' id='word_1_27' title='bbox 1296 1970 1387 2012; x_wconf 81' lang='lat' dir='ltr'>seme</span> 
     </span>
     <span class='ocr_line' id='line_1_6' title="bbox 248 2053 1386 2122; baseline 0.006 -7"><span class='ocrx_word' id='word_1_28' title='bbox 248 2054 361 2117; x_wconf 85' lang='lat' dir='ltr'>etrium</span> <span class='ocrx_word' id='word_1_29' title='bbox 397 2054 578 2118; x_wconf 83' lang='lat' dir='ltr'>scholarum</span> <span class='ocrx_word' id='word_1_30' title='bbox 620 2053 775 2118; x_wconf 91' lang='lat' dir='ltr'>hodierno</span> <span class='ocrx_word' id='word_1_31' title='bbox 811 2054 1047 2119; x_wconf 79' lang='lat' dir='ltr'>academiarum</span> <span class='ocrx_word' id='word_1_32' title='bbox 1083 2055 1234 2120; x_wconf 87' lang='lat' dir='ltr'>instituto</span> <span class='ocrx_word' id='word_1_33' title='bbox 1281 2059 1386 2122; x_wconf 81' lang='lat' dir='ltr'>solent</span> 
     </span>
     <span class='ocr_line' id='line_1_7' title="bbox 248 2163 1385 2249; baseline 0.005 -23"><span class='ocrx_word' id='word_1_34' title='bbox 248 2163 370 2248; x_wconf 78' lang='lat' dir='ltr'>Quippe</span> <span class='ocrx_word' id='word_1_35' title='bbox 400 2165 571 2229; x_wconf 89' lang='lat' dir='ltr'>remotiora</span> <span class='ocrx_word' id='word_1_36' title='bbox 603 2187 622 2228; x_wconf 88' lang='lat' dir='ltr'>a</span> <span class='ocrx_word' id='word_1_37' title='bbox 656 2166 814 2228; x_wconf 88' lang='lat' dir='ltr'>communi</span> <span class='ocrx_word' id='word_1_38' title='bbox 847 2188 906 2229; x_wconf 85' lang='lat' dir='ltr'>usu</span> <span class='ocrx_word' id='word_1_39' title='bbox 943 2169 1182 2249; x_wconf 88' lang='lat' dir='ltr'>ceterarumque</span> <span class='ocrx_word' id='word_1_40' title='bbox 1212 2168 1385 2232; x_wconf 82' lang='lat' dir='ltr'>rationibus</span> 
     </span>
     <span class='ocr_line' id='line_1_8' title="bbox 248 2274 1386 2360; baseline 0.004 -23"><span class='ocrx_word' id='word_1_41' title='bbox 248 2274 490 2358; x_wconf 88' lang='lat' dir='ltr'>disciplinarum</span> <span class='ocrx_word' id='word_1_42' title='bbox 521 2296 558 2338; x_wconf 88' lang='lat' dir='ltr'>ee</span> <span class='ocrx_word' id='word_1_43' title='bbox 592 2278 783 2360; x_wconf 81' lang='lat' dir='ltr'>argumenta</span> <span class='ocrx_word' id='word_1_44' title='bbox 817 2279 965 2359; x_wconf 88' lang='lat' dir='ltr'>crepant,</span> <span class='ocrx_word' id='word_1_45' title='bbox 1001 2296 1081 2360; x_wconf 88' lang='lat' dir='ltr'>quae</span> <span class='ocrx_word' id='word_1_46' title='bbox 1115 2298 1187 2339; x_wconf 91' lang='lat' dir='ltr'>cum</span> <span class='ocrx_word' id='word_1_47' title='bbox 1218 2277 1254 2341; x_wconf 92' lang='lat' dir='ltr'>in</span> <span class='ocrx_word' id='word_1_48' title='bbox 1282 2278 1386 2342; x_wconf 88' lang='lat' dir='ltr'>harum</span> 
     </span>
     <span class='ocr_line' id='line_1_9' title="bbox 248 2384 1384 2472; baseline 0.005 -26"><span class='ocrx_word' id='word_1_49' title='bbox 248 2406 312 2447; x_wconf 91' lang='lat' dir='ltr'>una</span> <span class='ocrx_word' id='word_1_50' title='bbox 334 2386 402 2448; x_wconf 85' lang='lat' dir='ltr'>sola</span> <span class='ocrx_word' id='word_1_51' title='bbox 424 2388 607 2468; x_wconf 81' lang='lat' dir='ltr'>versentur,</span> <span class='ocrx_word' id='word_1_52' title='bbox 637 2390 669 2449; x_wconf 90' lang='lat' dir='ltr'>et</span> <span class='ocrx_word' id='word_1_53' title='bbox 697 2385 738 2449; x_wconf 90' lang='lat' dir='ltr'>ad</span> <span class='ocrx_word' id='word_1_54' title='bbox 759 2408 877 2468; x_wconf 85' lang='lat' dir='ltr'>paucos</span> <span class='ocrx_word' id='word_1_55' title='bbox 899 2384 1085 2469; x_wconf 89' lang='lat' dir='ltr'>pertineant</span> <span class='ocrx_word' id='word_1_56' title='bbox 1112 2389 1145 2449; x_wconf 88' lang='lat' dir='ltr'>et</span> <span class='ocrx_word' id='word_1_57' title='bbox 1167 2408 1267 2472; x_wconf 82' lang='lat' dir='ltr'>saepe</span> <span class='ocrx_word' id='word_1_58' title='bbox 1289 2393 1384 2452; x_wconf 85' lang='lat' dir='ltr'>osteu-</span> 
     </span>
     <span class='ocr_line' id='line_1_10' title="bbox 248 2494 1384 2580; baseline 0.004 -24"><span class='ocrx_word' id='word_1_59' title='bbox 248 2494 366 2557; x_wconf 87' lang='lat' dir='ltr'>taudae</span> <span class='ocrx_word' id='word_1_60' title='bbox 388 2496 491 2580; x_wconf 86' lang='lat' dir='ltr'>magis</span> <span class='ocrx_word' id='word_1_61' title='bbox 514 2496 711 2560; x_wconf 77' lang='lat' dir='ltr'>umbraticae</span> <span class='ocrx_word' id='word_1_62' title='bbox 727 2495 890 2560; x_wconf 88' lang='lat' dir='ltr'>doctrinae</span> <span class='ocrx_word' id='word_1_63' title='bbox 912 2517 1057 2579; x_wconf 84' lang='lat' dir='ltr'>vanoque</span> <span class='ocrx_word' id='word_1_64' title='bbox 1080 2497 1221 2570; x_wconf 91' lang='lat' dir='ltr'>acumini</span> <span class='ocrx_word' id='word_1_65' title='bbox 1243 2497 1384 2562; x_wconf 86' lang='lat' dir='ltr'>iactando</span> 
     </span>
     <span class='ocr_line' id='line_1_11' title="bbox 248 2604 1383 2689; baseline 0.005 -23"><span class='ocrx_word' id='word_1_66' title='bbox 248 2604 390 2667; x_wconf 85' lang='lat' dir='ltr'>serviant</span> <span class='ocrx_word' id='word_1_67' title='bbox 417 2628 512 2689; x_wconf 90' lang='lat' dir='ltr'>quam</span> <span class='ocrx_word' id='word_1_68' title='bbox 540 2604 728 2670; x_wconf 76' lang='lat' dir='ltr'>excitandae</span> <span class='ocrx_word' id='word_1_69' title='bbox 758 2605 934 2669; x_wconf 81' lang='lat' dir='ltr'>industriae</span> <span class='ocrx_word' id='word_1_70' title='bbox 962 2608 995 2669; x_wconf 92' lang='lat' dir='ltr'>et</span> <span class='ocrx_word' id='word_1_71' title='bbox 1022 2604 1063 2668; x_wconf 88' lang='lat' dir='ltr'>ad</span> <span class='ocrx_word' id='word_1_72' title='bbox 1085 2606 1323 2672; x_wconf 88' lang='lat' dir='ltr'>humanitatem</span> <span class='ocrx_word' id='word_1_73' title='bbox 1342 2609 1383 2671; x_wconf 88' lang='lat' dir='ltr'>in·</span> 
     </span>
     <span class='ocr_line' id='line_1_12' title="bbox 247 2714 1383 2800; baseline 0.003 -24"><span class='ocrx_word' id='word_1_74' title='bbox 247 2714 434 2778; x_wconf 85' lang='lat' dir='ltr'>formandae</span> <span class='ocrx_word' id='word_1_75' title='bbox 460 2716 620 2780; x_wconf 84' lang='lat' dir='ltr'>iuventuti</span> <span class='ocrx_word' id='word_1_76' title='bbox 646 2715 850 2779; x_wconf 88' lang='lat' dir='ltr'>adornentur.</span> <span class='ocrx_word' id='word_1_77' title='bbox 906 2715 967 2789; x_wconf 81' lang='lat' dir='ltr'>Qui</span> <span class='ocrx_word' id='word_1_78' title='bbox 1000 2714 1083 2800; x_wconf 87' lang='lat' dir='ltr'>quod</span> <span class='ocrx_word' id='word_1_79' title='bbox 1116 2717 1151 2779; x_wconf 93' lang='lat' dir='ltr'>in</span> <span class='ocrx_word' id='word_1_80' title='bbox 1186 2717 1248 2782; x_wconf 87' lang='lat' dir='ltr'>hac</span> <span class='ocrx_word' id='word_1_81' title='bbox 1283 2739 1383 2782; x_wconf 85' lang='lat' dir='ltr'>caussa</span> 
     </span>
     <span class='ocr_line' id='line_1_13' title="bbox 246 2824 1382 2910; baseline 0 -22"><span class='ocrx_word' id='word_1_82' title='bbox 246 2825 382 2889; x_wconf 91' lang='lat' dir='ltr'>nimium</span> <span class='ocrx_word' id='word_1_83' title='bbox 404 2830 571 2909; x_wconf 86' lang='lat' dir='ltr'>accusant,</span> <span class='ocrx_word' id='word_1_84' title='bbox 595 2848 636 2889; x_wconf 90' lang='lat' dir='ltr'>ne</span> <span class='ocrx_word' id='word_1_85' title='bbox 658 2846 717 2890; x_wconf 86' lang='lat' dir='ltr'>noe</span> <span class='ocrx_word' id='word_1_86' title='bbox 739 2824 866 2910; x_wconf 90' lang='lat' dir='ltr'>quidem</span> <span class='ocrx_word' id='word_1_87' title='bbox 888 2825 1008 2889; x_wconf 88' lang='lat' dir='ltr'>habent</span> <span class='ocrx_word' id='word_1_88' title='bbox 1030 2825 1278 2892; x_wconf 84' lang='lat' dir='ltr'>dissentientes:</span> <span class='ocrx_word' id='word_1_89' title='bbox 1300 2826 1382 2891; x_wconf 90' lang='lat' dir='ltr'>modo</span> 
     </span>
     <span class='ocr_line' id='line_1_14' title="bbox 246 2934 1380 3022; baseline -0.001 -24"><span class='ocrx_word' id='word_1_90' title='bbox 246 2939 332 2999; x_wconf 87' lang='lat' dir='ltr'>recte</span> <span class='ocrx_word' id='word_1_91' title='bbox 354 2936 432 2999; x_wconf 86' lang='lat' dir='ltr'>illud</span> <span class='ocrx_word' id='word_1_92' title='bbox 454 2937 570 3020; x_wconf 85' lang='lat' dir='ltr'>ipsum,</span> <span class='ocrx_word' id='word_1_93' title='bbox 594 2937 668 3020; x_wconf 91' lang='lat' dir='ltr'>quid</span> <span class='ocrx_word' id='word_1_94' title='bbox 687 2936 729 3000; x_wconf 89' lang='lat' dir='ltr'>eit</span> <span class='ocrx_word' id='word_1_95' title='bbox 748 2934 892 3017; x_wconf 91' lang='lat' dir='ltr'>nimium,</span> <span class='ocrx_word' id='word_1_96' title='bbox 916 2934 1096 3000; x_wconf 88' lang='lat' dir='ltr'>definiatur.</span> <span class='ocrx_word' id='word_1_97' title='bbox 1132 2935 1380 3022; x_wconf 83' lang='lat' dir='ltr'>Quamquam,si</span> 
     </span>
     <span class='ocr_line' id='line_1_15' title="bbox 247 3043 1380 3131; baseline 0.001 -23"><span class='ocrx_word' id='word_1_98' title='bbox 247 3067 356 3109; x_wconf 87' lang='lat' dir='ltr'>verum</span> <span class='ocrx_word' id='word_1_99' title='bbox 371 3047 515 3111; x_wconf 87' lang='lat' dir='ltr'>volumus</span> <span class='ocrx_word' id='word_1_100' title='bbox 537 3046 642 3130; x_wconf 83' lang='lat' dir='ltr'>fateri,</span> <span class='ocrx_word' id='word_1_101' title='bbox 667 3045 838 3109; x_wconf 86' lang='lat' dir='ltr'>verendum</span> <span class='ocrx_word' id='word_1_102' title='bbox 861 3048 909 3108; x_wconf 87' lang='lat' dir='ltr'>est</span> <span class='ocrx_word' id='word_1_103' title='bbox 931 3067 1008 3109; x_wconf 87' lang='lat' dir='ltr'>eane</span> <span class='ocrx_word' id='word_1_104' title='bbox 1030 3067 1072 3109; x_wconf 89' lang='lat' dir='ltr'>ue</span> <span class='ocrx_word' id='word_1_105' title='bbox 1086 3046 1286 3131; x_wconf 88' lang='lat' dir='ltr'>plerumque,</span> <span class='ocrx_word' id='word_1_106' title='bbox 1309 3043 1380 3130; x_wconf 90' lang='lat' dir='ltr'>quod</span> 
     </span>
    </p>

    <p class='ocr_par' dir='ltr' id='par_1_4' title="bbox 152 3144 1390 4011">
     <span class='ocr_line' id='line_1_16' title="bbox 152 3144 1376 3241; baseline 0.001 -23"><span class='ocrx_word' id='word_1_107' title='bbox 152 3144 158 3155; x_wconf 59' lang='lat'><strong><em>⁹</em></strong></span> <span class='ocrx_word' id='word_1_108' title='bbox 194 3199 198 3206; x_wconf 83' lang='lat'>-</span> <span class='ocrx_word' id='word_1_109' title='bbox 245 3155 300 3220; x_wconf 81' lang='lat' dir='ltr'>isti</span> <span class='ocrx_word' id='word_1_110' title='bbox 322 3157 508 3240; x_wconf 79' lang='lat' dir='ltr'>vituperant</span> <span class='ocrx_word' id='word_1_111' title='bbox 529 3160 691 3241; x_wconf 86' lang='lat' dir='ltr'>tamquam</span> <span class='ocrx_word' id='word_1_112' title='bbox 713 3155 863 3239; x_wconf 91' lang='lat' dir='ltr'>pusillum</span> <span class='ocrx_word' id='word_1_113' title='bbox 885 3158 918 3218; x_wconf 90' lang='lat' dir='ltr'>et</span> <span class='ocrx_word' id='word_1_114' title='bbox 939 3155 1116 3238; x_wconf 86' lang='lat' dir='ltr'>levidense,</span> <span class='ocrx_word' id='word_1_115' title='bbox 1140 3178 1200 3220; x_wconf 86' lang='lat' dir='ltr'>noe</span> <span class='ocrx_word' id='word_1_116' title='bbox 1221 3154 1376 3240; x_wconf 86' lang='lat' dir='ltr'>probaturi</span> 
     </span>
     <span class='ocr_line' id='line_1_17' title="bbox 246 3265 1380 3350; baseline 0.003 -23"><span class='ocrx_word' id='word_1_117' title='bbox 246 3266 343 3329; x_wconf 86' lang='lat' dir='ltr'>simus</span> <span class='ocrx_word' id='word_1_118' title='bbox 365 3271 401 3330; x_wconf 92' lang='lat' dir='ltr'>ut</span> <span class='ocrx_word' id='word_1_119' title='bbox 423 3267 719 3331; x_wconf 85' lang='lat' dir='ltr'>fructuosissimum.</span> <span class='ocrx_word' id='word_1_120' title='bbox 764 3265 870 3329; x_wconf 86' lang='lat' dir='ltr'>Tanta</span> <span class='ocrx_word' id='word_1_121' title='bbox 893 3268 942 3329; x_wconf 82' lang='lat' dir='ltr'>est</span> <span class='ocrx_word' id='word_1_122' title='bbox 964 3266 1050 3329; x_wconf 88' lang='lat' dir='ltr'>enim</span> <span class='ocrx_word' id='word_1_123' title='bbox 1073 3266 1107 3330; x_wconf 94' lang='lat' dir='ltr'>in</span> <span class='ocrx_word' id='word_1_124' title='bbox 1130 3266 1320 3350; x_wconf 87' lang='lat' dir='ltr'>quibusdam</span> <span class='ocrx_word' id='word_1_125' title='bbox 1340 3267 1380 3330; x_wconf 86' lang='lat' dir='ltr'>iu·</span> 
     </span>
     <span class='ocr_line' id='line_1_18' title="bbox 246 3375 1380 3460; baseline -0.001 -22"><span class='ocrx_word' id='word_1_126' title='bbox 246 3376 327 3439; x_wconf 88' lang='lat' dir='ltr'>sitae</span> <span class='ocrx_word' id='word_1_127' title='bbox 348 3377 396 3440; x_wconf 85' lang='lat' dir='ltr'>vie</span> <span class='ocrx_word' id='word_1_128' title='bbox 418 3377 554 3441; x_wconf 88' lang='lat' dir='ltr'>inertiae</span> <span class='ocrx_word' id='word_1_129' title='bbox 577 3399 594 3440; x_wconf 90' lang='lat' dir='ltr'>e</span> <span class='ocrx_word' id='word_1_130' title='bbox 616 3377 748 3442; x_wconf 80' lang='lat' dir='ltr'>levitate</span> <span class='ocrx_word' id='word_1_131' title='bbox 770 3380 803 3440; x_wconf 90' lang='lat' dir='ltr'>et</span> <span class='ocrx_word' id='word_1_132' title='bbox 824 3376 973 3459; x_wconf 81' lang='lat' dir='ltr'>superbia</span> <span class='ocrx_word' id='word_1_133' title='bbox 1000 3375 1082 3439; x_wconf 89' lang='lat' dir='ltr'>belle</span> <span class='ocrx_word' id='word_1_134' title='bbox 1110 3379 1324 3460; x_wconf 87' lang='lat' dir='ltr'>temperatae,</span> <span class='ocrx_word' id='word_1_135' title='bbox 1351 3378 1380 3439; x_wconf 86' lang='lat' dir='ltr'>ut</span> 
     </span>
     <span class='ocr_line' id='line_1_19' title="bbox 246 3485 1383 3570; baseline 0.001 -23"><span class='ocrx_word' id='word_1_136' title='bbox 246 3507 287 3548; x_wconf 91' lang='lat' dir='ltr'>ne</span> <span class='ocrx_word' id='word_1_137' title='bbox 309 3485 388 3549; x_wconf 89' lang='lat' dir='ltr'>illud</span> <span class='ocrx_word' id='word_1_138' title='bbox 410 3487 537 3570; x_wconf 90' lang='lat' dir='ltr'>quidem</span> <span class='ocrx_word' id='word_1_139' title='bbox 564 3488 642 3552; x_wconf 88' lang='lat' dir='ltr'>satis</span> <span class='ocrx_word' id='word_1_140' title='bbox 670 3487 906 3570; x_wconf 85' lang='lat' dir='ltr'>perspexerint,</span> <span class='ocrx_word' id='word_1_141' title='bbox 936 3485 970 3549; x_wconf 90' lang='lat' dir='ltr'>in</span> <span class='ocrx_word' id='word_1_142' title='bbox 998 3485 1115 3548; x_wconf 89' lang='lat' dir='ltr'>litteris</span> <span class='ocrx_word' id='word_1_143' title='bbox 1144 3486 1206 3549; x_wconf 82' lang='lat' dir='ltr'>etei</span> <span class='ocrx_word' id='word_1_144' title='bbox 1234 3488 1301 3551; x_wconf 86' lang='lat' dir='ltr'>alia</span> <span class='ocrx_word' id='word_1_145' title='bbox 1322 3485 1383 3550; x_wconf 85' lang='lat' dir='ltr'>aliis</span> 
     </span>
     <span class='ocr_line' id='line_1_20' title="bbox 231 3593 1384 3682; baseline -0.002 -21"><span class='ocrx_word' id='word_1_146' title='bbox 231 3596 386 3679; x_wconf 89' lang='lat' dir='ltr'>minora,</span> <span class='ocrx_word' id='word_1_147' title='bbox 416 3599 525 3660; x_wconf 88' lang='lat' dir='ltr'>tamen</span> <span class='ocrx_word' id='word_1_148' title='bbox 554 3597 692 3682; x_wconf 86' lang='lat' dir='ltr'>(silicet</span> <span class='ocrx_word' id='word_1_149' title='bbox 719 3600 833 3681; x_wconf 84' lang='lat' dir='ltr'>argute</span> <span class='ocrx_word' id='word_1_150' title='bbox 852 3596 961 3678; x_wconf 79' lang='lat' dir='ltr'>toqui)</span> <span class='ocrx_word' id='word_1_151' title='bbox 989 3593 1082 3658; x_wconf 90' lang='lat' dir='ltr'>nihili</span> <span class='ocrx_word' id='word_1_152' title='bbox 1106 3616 1176 3659; x_wconf 87' lang='lat' dir='ltr'>csse</span> <span class='ocrx_word' id='word_1_153' title='bbox 1204 3596 1304 3681; x_wconf 87' lang='lat' dir='ltr'>nihil,</span> <span class='ocrx_word' id='word_1_154' title='bbox 1333 3616 1384 3660; x_wconf 87' lang='lat' dir='ltr'>nec</span> 
     </span>
     <span class='ocr_line' id='line_1_21' title="bbox 247 3704 1386 3792; baseline 0.003 -26"><span class='ocrx_word' id='word_1_155' title='bbox 247 3705 286 3767; x_wconf 91' lang='lat' dir='ltr'>ad</span> <span class='ocrx_word' id='word_1_156' title='bbox 314 3709 455 3770; x_wconf 89' lang='lat' dir='ltr'>mentem</span> <span class='ocrx_word' id='word_1_157' title='bbox 483 3708 632 3792; x_wconf 82' lang='lat' dir='ltr'>ingenuis</span> <span class='ocrx_word' id='word_1_158' title='bbox 661 3707 782 3770; x_wconf 85' lang='lat' dir='ltr'>artibus</span> <span class='ocrx_word' id='word_1_159' title='bbox 813 3705 1017 3770; x_wconf 88' lang='lat' dir='ltr'>erudiendam</span> <span class='ocrx_word' id='word_1_160' title='bbox 1046 3708 1079 3767; x_wconf 89' lang='lat' dir='ltr'>et</span> <span class='ocrx_word' id='word_1_161' title='bbox 1108 3704 1148 3768; x_wconf 88' lang='lat' dir='ltr'>ud</span> <span class='ocrx_word' id='word_1_162' title='bbox 1172 3707 1285 3770; x_wconf 89' lang='lat' dir='ltr'>omnia</span> <span class='ocrx_word' id='word_1_163' title='bbox 1306 3727 1386 3792; x_wconf 85' lang='lat' dir='ltr'>pree</span> 
     </span>
     <span class='ocr_line' id='line_1_22' title="bbox 248 3814 1387 3902; baseline 0.002 -26"><span class='ocrx_word' id='word_1_164' title='bbox 248 3815 334 3878; x_wconf 88' lang='lat' dir='ltr'>clara</span> <span class='ocrx_word' id='word_1_165' title='bbox 361 3815 546 3901; x_wconf 85' lang='lat' dir='ltr'>fingendam</span> <span class='ocrx_word' id='word_1_166' title='bbox 573 3817 733 3902; x_wconf 87' lang='lat' dir='ltr'>probeque</span> <span class='ocrx_word' id='word_1_167' title='bbox 762 3816 972 3880; x_wconf 84' lang='lat' dir='ltr'>exercendam</span> <span class='ocrx_word' id='word_1_168' title='bbox 994 3814 1098 3902; x_wconf 84' lang='lat' dir='ltr'>magis</span> <span class='ocrx_word' id='word_1_169' title='bbox 1120 3818 1290 3899; x_wconf 87' lang='lat' dir='ltr'>oportere,</span> <span class='ocrx_word' id='word_1_170' title='bbox 1320 3815 1387 3902; x_wconf 88' lang='lat' dir='ltr'>quid</span> 
     </span>
     <span class='ocr_line' id='line_1_23' title="bbox 246 3925 1390 4011; baseline 0.003 -25"><span class='ocrx_word' id='word_1_171' title='bbox 246 3925 402 4008; x_wconf 89' lang='lat' dir='ltr'>tradatur,</span> <span class='ocrx_word' id='word_1_172' title='bbox 426 3948 521 4010; x_wconf 87' lang='lat' dir='ltr'>quam</span> <span class='ocrx_word' id='word_1_173' title='bbox 540 3927 677 4011; x_wconf 89' lang='lat' dir='ltr'>quidque</span> <span class='ocrx_word' id='word_1_174' title='bbox 699 3948 761 4011; x_wconf 92' lang='lat' dir='ltr'>quo</span> <span class='ocrx_word' id='word_1_175' title='bbox 781 3927 875 3991; x_wconf 88' lang='lat' dir='ltr'>modo</span> <span class='ocrx_word' id='word_1_176' title='bbox 896 3927 1062 4006; x_wconf 83' lang='lat' dir='ltr'>tractetur,</span> <span class='ocrx_word' id='word_1_177' title='bbox 1082 3926 1234 4007; x_wconf 85' lang='lat' dir='ltr'>spectari.</span> <span class='ocrx_word' id='word_1_178' title='bbox 1272 3927 1390 3991; x_wconf 87' lang='lat' dir='ltr'>Deinde</span> 
     </span>
    </p>
   </div>
   <div class='ocr_carea' id='block_1_4' title="bbox 247 4134 1393 4393">
    <p class='ocr_par' dir='ltr' id='par_1_5' title="bbox 247 4134 1393 4393">
     <span class='ocr_line' id='line_1_24' title="bbox 330 4134 1391 4205; baseline 0.001 -15"><span class='ocrx_word' id='word_1_179' title='bbox 330 4139 356 4204; x_wconf 87' lang='lat'>*)</span> <span class='ocrx_word' id='word_1_180' title='bbox 388 4137 573 4205; x_wconf 87' lang='lat' dir='ltr'>[Prooemium</span> <span class='ocrx_word' id='word_1_181' title='bbox 601 4137 688 4192; x_wconf 89' lang='lat' dir='ltr'>Indici</span> <span class='ocrx_word' id='word_1_182' title='bbox 718 4138 874 4192; x_wconf 79' lang='lat' dir='ltr'>scholarum</span> <span class='ocrx_word' id='word_1_183' title='bbox 900 4136 1080 4191; x_wconf 88' lang='lat' dir='ltr'>hibernarum</span> <span class='ocrx_word' id='word_1_184' title='bbox 1107 4134 1303 4191; x_wconf 85' lang='lat' dir='ltr'>Bonneneium</span> <span class='ocrx_word' id='word_1_185' title='bbox 1333 4156 1391 4194; x_wconf 83' lang='lat' dir='ltr'>ann.</span> 
     </span>
     <span class='ocr_line' id='line_1_25' title="bbox 247 4227 1393 4301; baseline 0.005 -20"><span class='ocrx_word' id='word_1_186' title='bbox 247 4227 452 4284; x_wconf 77' lang='lat' dir='ltr'>CIOIOXXXIX</span> <span class='ocrx_word' id='word_1_187' title='bbox 470 4232 499 4284; x_wconf 88' lang='lat' dir='ltr'>ct</span> <span class='ocrx_word' id='word_1_188' title='bbox 516 4229 562 4284; x_wconf 86' lang='lat' dir='ltr'>XL</span> <span class='ocrx_word' id='word_1_189' title='bbox 580 4231 778 4301; x_wconf 79' lang='lat' dir='ltr'>praemissum:</span> <span class='ocrx_word' id='word_1_190' title='bbox 799 4231 873 4298; x_wconf 88' lang='lat' dir='ltr'>quod</span> <span class='ocrx_word' id='word_1_191' title='bbox 891 4229 1002 4297; x_wconf 89' lang='lat' dir='ltr'>quidem</span> <span class='ocrx_word' id='word_1_192' title='bbox 1020 4227 1140 4297; x_wconf 91' lang='lat' dir='ltr'>primum</span> <span class='ocrx_word' id='word_1_193' title='bbox 1158 4228 1212 4281; x_wconf 83' lang='lat' dir='ltr'>fuit</span> <span class='ocrx_word' id='word_1_194' title='bbox 1231 4248 1248 4284; x_wconf 87' lang='lat' dir='ltr'>c</span> <span class='ocrx_word' id='word_1_195' title='bbox 1269 4231 1393 4287; x_wconf 85' lang='lat' dir='ltr'>Bonnen-</span> 
     </span>
     <span class='ocr_line' id='line_1_26' title="bbox 247 4321 718 4393; baseline 0.006 -18"><span class='ocrx_word' id='word_1_196' title='bbox 247 4321 323 4375; x_wconf 76' lang='lat' dir='ltr'>sibus</span> <span class='ocrx_word' id='word_1_197' title='bbox 341 4322 430 4375; x_wconf 84' lang='lat' dir='ltr'>tn&#39;bus</span> <span class='ocrx_word' id='word_1_198' title='bbox 448 4325 477 4377; x_wconf 92' lang='lat' dir='ltr'>et</span> <span class='ocrx_word' id='word_1_199' title='bbox 495 4324 718 4393; x_wconf 80' lang='lat' dir='ltr'>quinquaginta]</span> 
     </span>
    </p>
   </div>
   <div class='ocr_carea' id='block_1_5' title="bbox 0 0 1466 4996">
    <p class='ocr_par' dir='ltr' id='par_1_6' title="bbox 0 0 1466 4996">
     <span class='ocr_line' id='line_1_27' title="bbox 0 0 1466 4996; baseline 0 0"><span class='ocrx_word' id='word_1_200' title='bbox 0 0 1466 4996; x_wconf 95' lang='lat' dir='ltr'> </span> 
     </span>
    </p>
   </div>
  </div>
 </body>
</html>
