3014 5010
229 331 290 394 170
407 413 410 418 ,
526 345 776 394 cononnnruvu
798 345 1065 394 nrsrvrnrrorus

226 499 332 563 haesit
360 499 394 562 in
423 499 483 579 eis,
513 521 594 582 quae
616 502 729 581 suapte
751 503 868 561 natura
890 502 965 562 sunt
990 499 1123 562 leviora:
1152 499 1266 562 misere
1295 522 1364 583 per·

227 630 318 672 versa
340 608 396 671 illa
418 609 559 693 queritur
581 621 610 673 el
630 617 737 673 ceteris
751 615 884 672 omnebus
906 615 1077 673 auctoribus
1097 616 1223 673 clerice
1239 610 1365 693 graecis

227 719 314 782 hisce
341 720 391 782 καὶ
419 719 539 797 ἑτέρων
567 719 745 797 ἐλλογίμων
776 718 921 797 ἀνδρῶνι
955 719 994 781 de
1022 718 1134 801 quibus
1162 721 1271 782 tamen
1299 741 1365 783 non

227 850 291 891 uua
312 827 350 891 de
367 850 478 891 caussa
500 850 629 910 prorsus
650 848 768 910 anceps
792 828 952 891 iudicium.
983 827 1027 890 Et
1048 832 1157 891 tamen
1164 879 1172 910 ,
1197 829 1365 911 quominus

175 951 207 998 54
226 939 330 1020 ipsum
351 938 475 1002 fontem
496 936 589 1001 latini
612 937 725 1000 scholii
746 937 824 1000 illud
844 937 1062 1023 fragmentum
1078 937 1259 1001 Parisinum
1279 938 1366 1002 dica·

225 1070 311 1130 mus,
335 1048 385 1110 vel
406 1047 466 1110 hoc
495 1047 643 1130 impedit,
667 1047 750 1130 quod
772 1047 852 1110 nihil
874 1051 922 1110 est
944 1047 979 1110 in
999 1047 1124 1131 graecis
1146 1068 1263 1129 eorum,
1287 1070 1368 1126 quae

226 1160 317 1220 aliter
343 1170 477 1235 rrupetar
500 1162 680 1220 Heliodorus
707 1164 855 1236 lonpoqne
875 1165 1006 1222 convitio
1029 1163 1134 1222 decius
1159 1164 1365 1238 reprehendit.

226 1266 308 1340 Quid
329 1267 429 1350 igitur
444 1266 728 1330 Schneidewinus?
771 1267 799 1330 l]
820 1267 1032 1351 grammatico
1052 1266 1200 1331 Parisino
1221 1267 1367 1330 hausisse

225 1376 390 1457 Taetzam,
414 1377 506 1438 huius
522 1379 629 1438 autem
643 1398 729 1439 nunc
751 1376 949 1458 deperditam
970 1376 1188 1440 narrationem
1209 1397 1275 1439 non
1296 1377 1367 1439 sine

225 1486 459 1550 accessionibus
487 1484 675 1568 quibusdam
701 1486 801 1548 latine
829 1485 986 1548 redditam
1018 1487 1054 1549 in
1081 1486 1227 1552 Romano
1258 1486 1367 1551 codice

226 1597 272 1660 ait
286 1619 318 1679 p.
335 1596 408 1660 954.
443 1595 511 1669 Quo
527 1595 635 1658 nescio
651 1617 693 1658 au
707 1594 789 1658 nihil
804 1595 980 1679 excogitari
995 1596 1136 1678 potuerit
1150 1596 1365 1660 artificiosius.
1470 1673 1474 1675 ‚

226 1706 330 1781 Quid?
359 1704 442 1788 qnod
471 1704 550 1767 adeo
576 1703 663 1767 laudi
690 1705 816 1767 ducitur
842 1705 989 1768 Parisino
1022 1706 1248 1789 grammatico,
1281 1705 1367 1789 quod

225 1816 366 1879 diversos
396 1835 463 1877 esse
486 1837 506 1876 a
527 1813 734 1877 Pisistrateae
761 1814 876 1877 aetatis
904 1815 1023 1879 criticis
1045 1814 1232 1877 Aristarcho
1254 1818 1287 1878 et
1309 1814 1368 1877 Ze-

226 1925 344 1988 nodoto
387 1923 590 1987 halucinatur
626 1923 822 1987 Zenodotum
862 1928 894 1987 et
931 1923 1155 1987 Aristarchum
1190 1924 1368 1988 Ptolemaei
1436 1958 1437 1961 ¹

227 2035 383 2117 aequales.
415 2033 499 2096 Nam
520 2032 580 2100 hoc
602 2033 723 2116 potius,
748 2055 843 2116 quam
865 2054 946 2117 quae
961 2033 1047 2096 dicta
1062 2036 1138 2096 sunt
1152 2056 1183 2115 p.
1201 2033 1264 2098 955
1278 2034 1365 2115 init,

227 2149 282 2208 aut
303 2144 403 2207 voluit
424 2144 530 2207 dicere
552 2147 608 2205 aut
629 2142 739 2205 debuit
754 2142 1024 2206 Schneidewinus.
1056 2141 1182 2217 Quanto
1206 2145 1314 2205 autem
1334 2148 1369 2206 et

226 2254 402 2336 simplicior
424 2258 456 2315 et
478 2252 550 2315 aliis
573 2273 695 2335 quoquc
718 2252 756 2314 de
780 2252 899 2316 caussis
921 2251 1118 2334 probabilior
1139 2273 1177 2314 ea
1199 2251 1281 2313 ratio
1305 2256 1365 2334 est,

226 2385 321 2445 quam
343 2384 439 2444 supra
463 2361 750 2425 commendavimus
773 2384 804 2444 p.
824 2364 861 2426 17
887 2359 959 2448 [137
983 2361 1069 2448 aql?
1105 2361 1269 2425 Postremo
1291 2361 1368 2424 nolo

226 2473 261 2534 in
276 2493 313 2535 eo
328 2472 463 2553 morari,
488 2471 570 2554 quod
592 2493 649 2553 pro
665 2479 860 2551 affertissimo
880 2492 989 2555 regem
1008 2471 1100 2534 nobis
1122 2471 1249 2534 effinxit
1268 2478 1368 2549 philo

226 2586 328 2660 sophis
342 2588 576 2660 apertissimum:
599 2582 755 2663 gravioris
776 2580 928 2644 momenti
951 2580 1012 2643 duo
1034 2584 1173 2661 restant,
1197 2579 1367 2662 dequibus

227 2691 343 2771 nimia,
372 2693 408 2752 ut
429 2690 522 2753 nobis
545 2689 683 2771 videtur,
714 2690 907 2754 confidentia
930 2689 1189 2754 Schneidewinus
1211 2689 1366 2753 decrevit.

227 2799 366 2875 Quorum
389 2799 523 2862 alterum
551 2799 691 2881 pertinet
720 2800 760 2863 ad
783 2805 939 2878 (υμμιγεῑε
963 2801 1090 2880 βίβλου(
1113 2802 1208 2881 atque
1231 2799 1366 2877 ἀμιγεῑεε

227 2910 265 2972 de
288 2910 401 2993 quibus
424 2910 507 2993 quod
529 2931 625 2992 supra
647 2909 817 2992 disputatis
840 2910 956 2972 addam
971 2930 1038 2972 non
1059 2908 1161 2971 habeo
1185 2911 1365 2990 propterea,

227 3020 310 3103 qnod
331 3020 365 3082 in
389 3041 425 3082 eo
448 3019 646 3082 adversarius
668 3042 699 3102 p.
725 3020 787 3084 952
809 3020 983 3102 acquievit,
1012 3023 1048 3080 ut
1072 3017 1257 3100 planissime
1279 3040 1368 3081 nuno

227 3151 381 3212 apparere
404 3135 532 3192 nostrae
561 3129 835 3211 interpretationis
858 3129 1035 3192 vanitatem
1058 3131 1264 3190 asseveraret.
1310 3126 1369 3189 Al·

226 3243 329 3302 terum
351 3238 411 3301 hoc
434 3242 498 3320 est,
522 3238 604 3321 quod
620 3242 820 3319 διορθώεεωε
837 3239 983 3317 notione,
1008 3259 1103 3320 quam
1125 3236 1208 3299 solus
1231 3256 1368 3319 graecus

228 3352 338 3412 auctor
372 3351 524 3430 testatur,
563 3348 641 3411 adeo
679 3350 814 3411 confisus
852 3352 914 3429 est,
953 3350 989 3409 ut
1025 3368 1084 3409 nec
1119 3347 1158 3409 de
1189 3344 1367 3408 Alexandri

226 3457 506 3540 Lycophronisque
528 3458 713 3520 recensione
735 3457 974 3540 tragoediarum
998 3455 1292 3536 comoediarumque
1315 3454 1367 3516 vel

227 3565 392 3629 minimum
421 3566 598 3648 dubitaret,
628 3567 682 3630 sed
712 3567 808 3629 etiam
835 3566 989 3629 Zenodoti
1017 3586 1147 3648 operam
1173 3585 1300 3626 omnem
1331 3562 1367 3626 in

228 3675 404 3738 emendatis
441 3674 549 3739 Iliadis
594 3680 626 3738 et
663 3676 824 3757 Odysseae
861 3676 1151 3757 Hesiodeorumque
1189 3673 1368 3736 carminum

228 3784 381 3866 exemplis
408 3790 541 3866 poneret
569 3807 600 3866 p.
625 3785 697 3847 950.
744 3785 801 3847 Cui
824 3786 1003 3848 sententiae
1025 3806 1087 3867 quo
1109 3784 1202 3845 modo
1224 3780 1368 3844 firmissi-

228 3884 313 3956 mum
336 3893 529 3975 praesidium
552 3893 702 3958 accedere
725 3916 742 3957 e
765 3894 1017 3958 commemoratis
1039 3895 1072 3956 in
1098 3894 1161 3954 fine
1183 3889 1367 3971 Porphyrii,

228 4002 393 4066 Plutarchi
416 4007 448 4065 et
470 4003 575 4067 Procli
597 4004 780 4067 nominibus
802 4005 863 4067 sibi
886 4003 1095 4086 persuaserit,
1125 3999 1265 4063 nondum
1288 3999 1369 4061 satis

179 4129 211 4176 55
229 4113 318 4195 potui
333 4112 524 4196 perspicere.
541 4152 584 4162 -
599 4113 707 4177 Vnum
721 4115 831 4196 probo,
849 4136 867 4175 a
883 4134 933 4175 me
948 4112 1075 4195 quidem
1090 4107 1368 4193 praetermissum:

229 4220 311 4303 quod
334 4222 389 4284 illa
412 4244 551 4306 quoque,
576 4245 656 4305 quae
680 4223 713 4287 in
730 4222 867 4285 Bekkcri
884 4222 1005 4284 Anecd.
1023 4245 1054 4304 p.
1073 4220 1132 4284 747
1149 4218 1187 4281 de
1204 4217 1370 4280 comoedia

229 4335 401 4394 narrantur
423 4332 584 4394 simillima
606 4332 781 4415 fragmenti
802 4330 940 4394 Parisini
963 4331 1070 4411 initio,
1095 4329 1134 4391 ad
1157 4323 1370 4390 Heliodorum
