2948 4996
237 325 300 387 406
587 340 632 385 nn
655 337 805 386 cau'rrco
830 338 1035 386 soruocnno

344 494 511 573 εημάντωρ
533 493 659 559 ἁλιώεει
682 493 749 572 χερὶ
771 493 902 573 πέρεαε·
930 492 949 556 ὁ
972 493 1006 556 δ’
1029 493 1130 558 ἐεαιὲν
1154 493 1243 572 ὁρῶν
1265 493 1368 558 κύκλοι

344 604 464 669 λεῦτεει
485 625 537 670 νιν
562 603 687 684 Μορίου
710 603 792 667 Διὸ(
835 602 877 680 χά
897 605 1080 679 γλαυκῶπι(
1103 603 1229 668 Ἀθάνα

345 756 446 823 ἄλλον
469 757 502 820 δ’
524 755 619 822 αἶνον
642 755 707 834 ἔχω
730 755 924 834 ματροπόλει
946 759 1020 837 τᾷδε
1042 756 1219 835 κράτιετον,

344 871 453 945 δῶρον
476 869 535 931 τοῦ
558 866 698 944 μεγάλου
720 865 883 944 δοίμονοε,
906 865 1031 945 αὔχημα
1053 867 1210 944 μέγιετον,

344 976 483 1042 εὔιππον
507 976 657 1041 εὔπωλον
680 975 884 1040 εὔθὰλαεεον.

344 1086 452 1150 ὠποῑ
475 1087 611 1166 Κρόνου,
633 1088 669 1150 εὺ
691 1087 753 1166 γάρ
775 1107 824 1151 νιν
848 1087 891 1151 εἰε
934 1088 1005 1151 τόδ’
1034 1088 1119 1153 εἶτα(
1141 1088 1269 1168 αὔχημ’,
1303 1088 1382 1154 ἄναξ

701 1208 702 1211 ’
1006 1198 1178 1276 Ποτειδὰν,

342 1303 486 1372 ἵπποιειν
508 1307 566 1371 τὸν
589 1307 743 1386 ἀκεετῆρά
764 1308 898 1386 χαλινὸν

344 1418 497 1497 πρώτάιει
519 1420 624 1481 ταῑεδε
646 1416 749 1481 κτίεαε
771 1416 910 1493 ἀγυιοῑτ·

344 1529 382 1592 ct
404 1528 440 1592 δ’
463 1527 637 1607 εὔήρετμοε
660 1527 797 1603 ἔκπαγλ)
819 1527 892 1591 ἁλία
914 1530 999 1607 χερεὶ
1021 1530 1256 1608 παραπτομένα
1278 1529 1388 1594 πλάτα

344 1638 476 1717 θρώεκει
497 1641 563 1701 τῶν
586 1637 816 1716 ἑκοτομπόδων
861 1639 1016 1722 Νηρῄδων
1039 1638 1229 1702 ἀκόλουθοε.

323 1814 430 1878 Pauca
445 1817 570 1878 restant
584 1814 783 1897 secundaria,
800 1835 881 1898 quae
895 1836 937 1878 ne
950 1815 1115 1899 tetigimus
1130 1815 1260 1899 quidem
1276 1839 1387 1900 supra.

239 1925 359 1989 Eorum
381 1925 605 2009 gravissimum
627 1925 667 1988 ad
690 1926 904 2006 ἀχείρητον
927 1925 1068 2008 pertinet
1088 1948 1119 1990 ν.
1144 1926 1208 1990 698
1231 1928 1386 2010 positum.

239 2034 328 2110 Quod
357 2057 428 2099 curn
455 2034 689 2098 Laurentianus
716 2039 836 2117 servet,
871 2035 1031 2119 antiquior
1058 2057 1136 2099 sane
1164 2036 1389 2102 Laurentiano

238 2146 331 2209 testis
348 2145 461 2209 Pollux
479 2144 595 2209 Onom.
615 2145 663 2227 Π,
683 2145 744 2210 154
759 2146 978 2226 ἀχείρωτον
1000 2145 1122 2229 prodit:
1146 2147 1330 2227 ἀχείρωτον
1352 2152 1388 2213 δὲ

240 2257 408 2337 (οφοκλῆε
432 2255 536 2335 εἴρηκε
558 2256 596 2319 τὸ
620 2256 881 2336 ἀχειροῦργητον,
904 2257 1098 2335 δυεχείρωτα
1113 2259 1148 2321 δὲ
1163 2259 1387 2338 Δημοτθένηε.

243 2365 328 2428 Nam
352 2365 396 2428 ibi
419 2365 503 2448 quod
526 2386 569 2428 ex*
587 2365 808 2448 antiquissimo
823 2365 970 2429 Parisino
986 2365 1151 2429 Beklrerus
1173 2369 1387 2448 ἁχειρόδοτον

242 2475 349 2559 potius
378 2475 522 2557 protulit,
546 2474 752 2539 manifestum
780 2478 829 2538 est
856 2476 913 2539 soli
937 2477 1115 2555 χειριδωτοί
1138 2480 1170 2540 et
1192 2479 1386 2557 χειρόδοτον

241 2605 355 2648 vocum
376 2585 589 2649 recordationi
611 2585 730 2668 deberi,
754 2607 831 2669 quas
852 2586 959 2668 paullo
977 2588 1053 2649 ante
1073 2586 1308 2670 grammaticus
1322 2611 1386 2652 me-

240 2698 422 2758 moraverat
436 2699 455 2775 §
471 2696 539 2759 151.
552 2696 622 2761 152.
647 2694 811 2759 Nauclrius
827 2699 934 2758 autem
949 2718 1020 2759 eum
1035 2718 1102 2760 non
1114 2696 1230 2781 Oedipi
1245 2721 1384 2783 versum,

241 2803 296 2868 sed
317 2804 491 2888 quemlibet
513 2805 611 2867 aliurn
634 2804 838 2888 Sophoclium
860 2809 1021 2889 spectasse
1037 2807 1200 2871 Pollucem
1224 2807 1316 2891 dicit,
1340 2809 1385 2871 ita

241 2915 316 2999 quid
339 2915 486 2998 proficiat
514 2914 610 2997 plane
638 2936 697 2977 nos
724 2914 893 2997 praeterit:
922 2937 998 2978 nam
1026 2938 1224 3001 quocumque
1251 2918 1288 2982 in
1317 2920 1386 2982 loco

241 3025 322 3109 legit
344 3025 584 3110 grammaticuS‚
610 3046 647 3088 ea
668 3027 777 3088 tamen
801 3025 1038 3109 significatione
1061 3026 1122 3089 sibi
1145 3027 1266 3092 lectum
1288 3031 1385 3091 testa·

241 3139 298 3221 tur·
316 3158 396 3219 quae
420 3139 468 3199 est
490 3135 755 3215 ἀχειροῦργητον;
785 3157 880 3218 quarn
907 3157 969 3218 quo
997 3139 1128 3198 tandem
1150 3136 1218 3200 iure
1241 3138 1330 3201 dices
1352 3139 1386 3201 in

242 3245 338 3309 aliam
360 3245 503 3309 fabulam
530 3246 647 3308 rectius
675 3267 770 3329 quam
797 3245 832 3308 in
855 3244 1011 3328 Oedipum
1040 3246 1234 3310 convenire?
1277 3247 1386 3312 Vnum

242 3355 324 3439 quod
348 3355 455 3438 agitur
476 3355 537 3419 hoc
560 3359 608 3419 est
630 3358 675 3437 ut,
698 3359 805 3418 utrum
827 3359 913 3418 reete
936 3355 982 3418 illi
998 3355 1120 3418 formae
1136 3377 1173 3419 ea
1189 3357 1386 3441 significatio

241 3465 402 3528 tribuatur
424 3487 467 3527 an
490 3465 602 3528 vitiato
626 3465 732 3529 codice
755 3465 983 3549 grammaticus
1010 3487 1085 3529 usus
1112 3455 1169 3548 sit,
1201 3473 1384 3551 quaeratur.

243 3574 286 3637 Et
313 3575 391 3638 illud
418 3574 545 3658 quidem
576 3576 629 3659 qui
657 3579 833 3660 negarunt,
868 3598 934 3640 non
966 3579 1100 3658 possunt
1127 3598 1194 3640 non
1222 3579 1387 3644 verissime

243 3705 378 3767 negasse
400 3684 510 3748 videri.
555 3684 640 3748 Nam
668 3686 728 3749 etsi
754 3709 852 3749 unum
880 3708 957 3750 sane
984 3688 1124 3766 χείρωμα
1147 3708 1266 3751 nomen
1289 3689 1388 3753 semel

244 3816 324 3857 unus
352 3795 529 3879 Aeschylus
557 3796 626 3860 sine
654 3796 825 3860 violentiae
853 3796 948 3860 ullius
977 3796 1109 3860 notione
1136 3798 1243 3879 posuit
1273 3799 1309 3862 in
1331 3800 1388 3863 illo

242 3906 406 3985 τυμβοχόα
428 3908 608 3984 χειρώματα
630 3929 659 3970 v.
679 3906 760 3970 1006
775 3906 904 3970 fabulae
920 3905 1103 3988 Thebanae,
1126 3910 1239 3972 tamen
1259 3913 1294 3972 et
1310 3909 1387 3973 alibi

244 4015 384 4094 χείρωμα
412 4019 445 4077 et
467 4017 665 4095 δυεχείρωμα
693 4020 725 4079 et
753 4017 857 4100 ipsum
886 4021 1015 4097 χειροῡν
1043 4020 1224 4097 χειροῦεθαι
1253 4020 1389 4083 verbum

244 4127 276 4186 et
298 4124 374 4187 hinc
396 4124 540 4188 derivata
560 4127 667 4190 omnia
689 4127 832 4206 χείρωειε
853 4128 1008 4206 χειρωτόε
1030 4128 1213 4207 χειρωτικόε
1235 4128 1390 4210 εὐχείρω-

243 4255 300 4298 τοε
332 4235 544 4315 δυεχείρυττοε
577 4236 740 4320 ipsumque
773 4237 948 4317 ἀχείρωτος
981 4240 1049 4300 tam
1082 4240 1287 4302 constantem
1317 4262 1390 4323 pro

244 4343 409 4427 priamque
437 4345 498 4407 sibi
522 4345 692 4411 violentiae
719 4347 882 4411 notionem
905 4350 1035 4411 servant
1056 4350 1107 4431 ut,
1131 4347 1184 4431 qui
1206 4347 1390 4429 ἀχείρωτον
