2896 4996
227 339 290 401 656
612 358 659 402 nn
683 357 752 404 ono
776 358 820 403 nr
844 357 986 404 omoun.

226 509 423 586 τράχηλος
445 530 476 590 p.
503 508 580 589 764,
604 510 655 571 46.
679 547 722 557 —-
751 509 899 574 Ceterum
921 510 1011 573 vides
1033 511 1210 595 diligenter
1232 516 1363 593 notatas,

228 617 255 679 si
281 617 409 700 quando
441 618 521 680 alias
555 627 749 699 affectionum
782 620 902 683 formas
931 621 1015 685 Orus
1048 624 1214 705 usurparit
1246 627 1366 706 praeter

227 727 437 790 usitatissima
459 729 515 791 illa
538 751 658 813 genera
680 753 712 812 p.
732 731 771 792 61
797 752 815 792 a
839 731 931 794 nobis
953 732 1069 814 posita.
1102 733 1141 794 In
1164 733 1278 815 quibus
1301 755 1367 795 curn

228 837 420 920 aliquotiens
444 862 502 902 usn
525 840 635 902 veniat
657 843 800 919 (υετολή,
825 844 934 903 tamen
957 841 1015 904 has
1038 842 1166 925 quidem
1190 844 1367 906 notationes

230 947 308 1028 (ἀκή,
333 950 441 1026 ἕδνον,
465 950 602 1026 μητίετα,
626 951 740 1033 quibus
763 950 843 1013 udde
859 954 958 1032 φῦλα)
983 973 1040 1013 eur
1061 953 1258 1015 noluerimus
1281 975 1368 1036 prop·

228 1061 317 1120 terea
344 1061 378 1121 in
406 1062 610 1138 διχρόνοι(
639 1061 790 1150 continuo
820 1062 947 1143 afferre,
977 1062 1072 1125 facile
1101 1064 1156 1145 qui
1185 1063 1369 1147 diligentins

230 1168 441 1232 considerarit
463 1171 647 1252 perspiciat.

753 1370 774 1446 s
796 1366 848 1430 νο.

315 1503 342 1564 1.
374 1499 523 1563 Nondum
545 1500 748 1563 exhausimus
771 1501 973 1564 notationum
995 1503 1239 1567 multitudinem
1262 1525 1302 1567 ex
1318 1505 1372 1568 Ori

228 1611 345 1674 Milesii
368 1612 494 1694 seriptis
519 1612 553 1674 in
569 1611 794 1694 Etymologiea
816 1615 1078 1696 propagatarum.
1110 1613 1254 1677 Restant
1276 1616 1371 1695 enim,

218 1722 343 1805 'quibus
372 1744 443 1784 eum
475 1721 722 1805 orthographia,
758 1723 911 1803 ethnica,
946 1724 1056 1788 πάθεα
1089 1724 1172 1786 nihil
1203 1726 1374 1809 quiequam

229 1854 396 1895 commune
424 1833 473 1895 vel
502 1833 603 1915 possit
631 1854 699 1894 esse
727 1833 777 1894 vel
802 1853 871 1894 esse
893 1833 1049 1895 videatur.
1095 1833 1181 1896 Nam
1206 1857 1287 1898 sane
1310 1836 1375 1898 inre

229 1943 364 2006 iurando
397 1942 552 2004 affirmari
580 1943 706 2025 nequit,
740 1965 805 2005 non
834 1946 990 2005 tractatas
1025 1944 1113 2006 velut
1145 1945 1180 2007 in
1212 1948 1376 2025 διχρόνοι(

228 2054 342 2135 fnisse,
372 2075 588 2136 quaecumque
617 2075 709 2115 voees
735 2074 794 2135 per
823 2074 832 2114 r
860 2053 911 2115 vel
941 2077 959 2117 υ
987 2055 1037 2116 vel
1065 2055 1315 2131 ascribuntur,
1343 2061 1376 2118 ut

229 2166 286 2229 θί(
309 2164 416 2247 Etym.
442 2165 485 2226 M.
511 2187 541 2246 p.
566 2163 639 2241 452,
665 2165 714 2239 17,
736 2163 821 2242 ἴτης
850 2168 869 2243 ξ
895 2163 949 2244 10,
974 2165 1154 2229 κίναιδος
1177 2188 1211 2247 p.
1236 2167 1314 2248 514,
1342 2168 1375 2230 17

230 2298 300 2337 eum
324 2275 396 2338 Par.
421 2298 451 2357 p.
477 2275 549 2354 920,
574 2274 651 2337 Zeu.
676 2296 707 2355 p.
735 2274 826 2355 1208,
852 2273 933 2336 Gud.
958 2297 989 2357 p.
1014 2275 1087 2355 322,
1115 2277 1164 2356 11,
1191 2282 1377 2354 εταμῑνε(

230 2386 337 2468 Etym.
362 2385 406 2447 M.
430 2409 462 2467 p.
487 2384 565 2465 724,
596 2385 637 2447 5ss
665 2388 796 2467 propter
824 2383 1029 2447 Homericum
1058 2387 1251 2467 (ταμίνεαι,
1283 2388 1375 2449 aliae.

230 2495 377 2568 (hialium
400 2516 477 2558 eave
499 2517 540 2557 ne
563 2495 702 2576 potuisse
732 2495 829 2557 etiam
850 2495 885 2557 in
913 2495 1145 2578 orthographia
1172 2497 1286 2560 sedem
1312 2519 1377 2560 esse

231 2605 363 2688 colligas
391 2628 408 2666 e
436 2604 631 2687 Theognosti
667 2605 875 2667 similitudine
909 2606 957 2668 vel
988 2605 1119 2689 Georgii
1149 2607 1376 2682 Choerobosei,

214 2717 319 2778 >ouius
342 2715 469 2798 quidem
491 2723 530 2778 de
552 2721 773 2793 orthographia
796 2728 945 2779 tractulus
973 2717 1013 2778 ab
1036 2717 1086 2779 his
1108 2717 1256 2800 incipere
1281 2720 1377 2782 tradi·

229 2831 283 2889 tur
305 2825 458 2890 innatat.
484 2826 573 2889 codd.
598 2848 672 2887 mss.
697 2823 782 2887 Bibl.
807 2824 888 2908 Reg.
913 2849 945 2889 n.
970 2827 1068 2890 2554:
1087 2829 1193 2892 ,Ἀκτίε
1218 2833 1271 2894 διὰ
1295 2836 1377 2895 toiri

232 2936 329 3023 [muro
357 2937 390 2999 in
415 2938 556 3000 Crameri
580 2936 703 2998 anecd.
733 2937 792 2999 Ox.
816 2936 848 2998 ll
871 2960 901 3019 p.
930 2938 987 3000 167
1011 2937 1110 3024 sqq.]:
1148 2939 1273 3022 qnippe
1297 2940 1376 3024 quod

179 3061 211 3108 68
231 3047 477 3111 condonandum
500 3051 548 3109 est
571 3047 697 3109 saeculo
711 3047 833 3129 quinto,
857 3069 923 3109 non
946 3048 1022 3110 licet
1042 3048 1117 3109 ilino
1139 3052 1324 3113 transferre
1345 3052 1376 3113 in

229 3159 376 3221 alterum.
423 3159 472 3222 Of.
496 3157 666 3219 Villoisoni
690 3157 812 3219 Aneed.
836 3157 868 3218 ll
891 3179 922 3239 p.
951 3159 1026 3238 103,
1056 3158 1184 3221 Osanni
1214 3163 1321 3244 praef.
1345 3162 1376 3224 in

230 3269 363 3332 Philem.
388 3293 420 3351 p.
444 3267 538 3348 xlv,
574 3267 764 3350 Goettlingii
794 3267 894 3349 praef.
926 3268 959 3330 in
988 3267 1205 3332 Theodosium
1228 3294 1261 3354 p.
1288 3271 1375 3335 Xlll.

229 3360 400 3442 Praeterea
416 3378 589 3441 verendum
610 3381 659 3440 est
681 3399 721 3440 ne
737 3377 887 3440 hariolari
902 3377 1075 3461 iudicetur,
1099 3381 1153 3462 qui
1178 3381 1215 3444 in
1232 3382 1291 3446 Ori
1308 3385 1376 3461 περὶ

229 3493 422 3569 πολυεήμων
446 3491 564 3554 λέξεων
588 3488 707 3567 libello,
732 3489 821 3550 euius
837 3488 931 3551 fidem
947 3511 1015 3551 esse
1030 3490 1285 3555 incertissimam
1302 3492 1375 3554 ridi-

229 3623 309 3683 mus,
327 3601 524 3682 disputatum
540 3621 608 3661 esse
628 3599 766 3661 eonieiat
781 3599 820 3661 de
836 3599 950 3664 πίναξ
965 3621 1042 3661 voce
1057 3599 1111 3661 Et.
1130 3599 1174 3661 M.
1189 3624 1223 3683 p.
1236 3603 1313 3682 672,
1326 3604 1375 3678 27,

229 3710 268 3772 de
290 3712 494 3790 προῦργου
517 3734 548 3792 ρ.
566 3710 642 3791 091,
665 3709 717 3790 32,
743 3708 818 3771 Far.
836 3708 906 3771 hel.
931 3732 961 3791 p.
979 3709 1052 3790 385,
1075 3710 1127 3789 34,
1151 3709 1194 3772 de
1217 3715 1377 3791 rpotcnr

230 3821 324 3901 ξ24,
347 3822 367 3883 3
389 3821 607 3902 similibusque
630 3819 712 3882 aliis,
744 3817 817 3882 Non
840 3823 889 3881 est
910 3821 1016 3881 autem
1038 3823 1376 3903 praetermittendum,

229 3953 294 3993 nou
318 3931 411 3993 modo
434 3931 586 3992 librorum
603 3930 643 3992 ab
659 3931 724 3993 Oro
748 3930 948 3991 conditorum
963 3929 1096 4010 nullum,
1122 3930 1178 3993 sed
1204 3955 1246 3997 ne
1271 3955 1378 3997 eornm

230 4041 352 4103 indices
375 4041 501 4124 quidem
524 4041 562 4103 ad
587 4045 730 4103 nostram
757 4039 943 4101 memoriam
966 4044 1096 4102 cunctos
1126 4062 1199 4104 esse
1222 4044 1377 4125 proditos,

230 4173 363 4233 quornm
386 4174 484 4234 uuus,
514 4174 577 4214 uno
599 4152 688 4214 tenui
711 4150 848 4233 vestigio
872 4154 1092 4231 eomervntm,
1122 4152 1175 4216 ἐπὶ
1199 4159 1305 4232 ξυροῦ
1328 4156 1379 4217 ἀκ-

229 4266 288 4339 μῆ(
310 4266 380 4324 erat
401 4265 438 4325 nt
459 4265 537 4326 item
560 4263 749 4325 aboleretur.
782 4261 836 4322 An
855 4260 939 4322 forte
961 4260 1077 4323 πίνακα
1098 4265 1166 4326 τῶν
1192 4264 1317 4329 ἑαυτοῦ
1340 4264 1380 4326 ab

231 4371 294 4435 Oro
318 4374 527 4456 compositum
551 4374 647 4436 trium
670 4372 829 4436 indicibus
852 4369 1004 4432 librorum
1021 4371 1206 4435 constitisse
1221 4374 1381 4458 putabis?
