2904 4996
486 338 647 388 sensnm
669 338 842 385 carneas.
1175 321 1237 383 715

95 513 157 555 nee
189 496 323 575 possunt
350 493 415 557 ullo
441 493 536 557 modo
563 492 602 556 ad
631 492 770 556 ionicum
798 513 965 555 numerum
992 489 1235 555 accommodari.

95 600 217 666 Eorum
238 603 318 668 haec
341 607 390 667 est
410 604 529 667 forma:

248 835 406 913 μέλπομαι
428 834 569 915 βρύοντα
591 834 723 914 μίτραις.

96 975 230 1060 Aliquot
253 977 427 1041 eiusmodi
450 977 601 1041 dimetros
625 978 784 1061 corrigere
807 975 1013 1040 Hennannus
1036 979 1084 1040 est
1107 999 1236 1061 aggres-

96 1109 150 1149 sus
173 1086 351 1151 Elementis
373 1087 474 1170 doctr.
498 1091 590 1152 metr.
619 1111 650 1171 p.
675 1088 738 1151 485
760 1110 824 1172 sq.;
847 1109 946 1150 unum
968 1090 1074 1149 autem
1097 1091 1236 1170 praetcr-

96 1197 195 1279 misit,
220 1198 371 1261 carminis
393 1197 424 1262 V
448 1196 549 1284 [XLII
572 1198 620 1261 ed.
645 1196 778 1284 Bergk]
802 1220 832 1261 v.
859 1197 913 1260 12:

250 1335 401 1412 (τέψον,
419 1333 489 1399 οὖν
512 1355 549 1413 με
571 1335 621 1398 καὶ
644 1333 760 1412 λυρὶῑω

97 1467 147 1550 (ut
175 1470 222 1531 est
246 1468 283 1530 in
309 1467 469 1532 Vaticano
492 1469 605 1551 libro),
635 1469 723 1532 cuius
746 1468 983 1531 deformitatem
1006 1469 1135 1533 abluere
1156 1470 1237 1532 frus-

97 1581 149 1641 tra
173 1580 306 1641 conatus
329 1581 377 1641 est
398 1579 424 1642 I.
449 1578 490 1643 D.
513 1574 696 1662 Lennepius
720 1579 981 1642 adnotationibus
1004 1579 1044 1642 ad
1068 1579 1238 1645 Goluthum

95 1711 129 1773 p.
154 1690 172 1752 ‘l
196 1687 231 1751 in
252 1688 337 1752 hano
360 1689 514 1773 speciem:

249 1826 430 1906 (τεφώμεθ’
451 1825 522 1892 οὖν.
567 1826 703 1904 topiros
725 1864 777 1910 —‚

96 1978 318 2062 immeritoque
347 2000 511 2043 assensum
538 1979 613 2042 tulit
643 1977 808 2043 Bnmclrii.
853 1977 1036 2062 Numquam
1064 1978 1149 2042 enim
1171 2002 1237 2042 ver-

96 2110 190 2151 suum
218 2088 508 2153 Anacreontiorum
536 2089 717 2153 anacrusim
745 2090 780 2153 in
807 2111 871 2152 uno
898 2089 1039 2153 carmine
1062 2090 1238 2172 promiscue

96 2200 219 2262 factam
252 2220 320 2263 esse
352 2200 445 2263 modo
479 2221 518 2263 ex
546 2199 668 2263 duabus
695 2199 788 2263 modo
816 2221 854 2262 ex
884 2222 949 2262 una
981 2199 1070 2262 brevi
1102 2200 1236 2283 syllaba,

95 2308 177 2372 satis
199 2308 292 2372 bodie
316 2310 514 2393 exploratum
536 2313 594 2374 est.
632 2309 803 2374 Praeterea
818 2310 879 2375 καί
900 2309 1059 2393 particula
1073 2331 1140 2373 non
1154 2309 1238 2373 vide·

95 2441 169 2483 mur
191 2441 299 2483 carere
321 2441 427 2503 posse:
465 2419 545 2484 haee
568 2421 653 2484 enim
676 2443 747 2485 curn
768 2421 991 2504 perspicuitati
1014 2420 1239 2485 concinnitati-

95 2553 158 2614 que
181 2530 334 2593 orationis
358 2531 551 2594 conveniens
574 2536 638 2614 est,
667 2535 736 2595 tum
758 2531 920 2595 stabilitur
947 2531 979 2594 vi
1002 2531 1239 2594 consuetudinis

94 2641 133 2703 in
155 2639 216 2703 hoo
236 2661 355 2725 genere
376 2641 536 2724 loquendi.
568 2641 808 2706 Sententiarum
830 2644 938 2705 autem
959 2663 1060 2705 nexus
1081 2641 1148 2705 fere
1165 2662 1239 2705 con-

95 2751 219 2814 tinetur
241 2751 378 2835 quadam
401 2753 656 2835 comparatione,
680 2774 760 2836 quae
783 2753 830 2817 sic
851 2752 1045 2816 instituitur:
1069 2764 1101 2816 ut
1124 2758 1240 2831 Cupido

94 2869 174 2926 rosis
192 2876 365 2951 ,coronatus
391 2869 484 2928 saltat
515 2885 582 2928 own
617 2869 744 2941 Gratiis,
781 2872 825 2929 ita
851 2885 907 2944 epo
934 2884 1051 2943 quoque
1077 2875 1240 2927 coronatus

92 2978 231 3038 saltabo:
267 2973 350 3056 quod
372 2973 501 3037 effertur
522 2974 727 3057 imperativo:

250 3103 536 3183 cremonense,
560 3103 813 3181 soltupilruv

249 3213 435 3292 septimic,
459 3212 616 3289 Δεύνυεε,
639 3217 742 3291 casote

249 3324 327 3402 μετὰ
348 3323 465 3401 κούρη(
489 3324 692 3402 βαθυκόλπου

251 3433 404 3512 poison
427 3433 645 3513 crepovlcsoic

250 3543 492 3623 πεπυκαεμένο(
515 3544 701 3622 χορεύεω.

95 3688 149 3752 Ita
172 3687 257 3751 enim
286 3688 365 3751 haec
388 3686 504 3770 corrigi
533 3687 679 3750 existimo
708 3687 770 3751 arti
794 3685 1034 3750 convenientius
1057 3707 1151 3768 quam
1174 3686 1239 3749 fac-

96 3801 167 3861 tum
189 3800 238 3861 est
260 3798 301 3861 ab
316 3797 426 3882 Anglo
448 3797 585 3881 quodam
607 3797 735 3861 homine
760 3795 804 3884 [et
825 3797 913 3880 prius
935 3794 1087 3859 aBothio
1103 3794 1239 3859 ‘Grund-

97 3916 180 3991 ziige
202 3908 258 3970 der
280 3907 411 3971 llletrilr'
435 3930 466 3990 p.
486 3907 551 3997 33],
577 3908 664 3971 cuius
687 3908 811 3971 monitu
834 3909 952 3987 (τέψον
976 3928 1013 3985 με
1035 3929 1060 3970 κ.
1084 3908 1110 3969 λ.
1132 3905 1239 3989 posuit

97 4017 319 4082 Mehlhornius
347 4021 475 4081 nostras
502 4018 722 4101 Anthologiae
749 4019 868 4100 lyricae
896 4040 928 4100 p.
952 4017 1003 4081 93.
1048 4014 1096 4079 De
1119 4015 1239 4078 littera-

96 4150 169 4191 rum
197 4129 432 4212 permutatione
461 4150 486 4209 φ
510 4132 542 4191 et
564 4151 606 4210 ψ,
636 4149 657 4191 α
680 4131 752 4192 eto
781 4127 860 4191 dicis
889 4149 1000 4191 caussa
1030 4147 1290 4196 commemorem

96 4237 204 4302 Bastii
226 4238 403 4304 Comment.
427 4238 657 4324 palaeograph.
681 4261 712 4321 p.
731 4239 791 4302 737
815 4242 847 4301 et
861 4236 1013 4301 Lobeckii
1034 4236 1177 4321 Parerga
1200 4235 1240 4299 ad

95 4348 318 4432 Phrynichum
339 4372 371 4433 p.
395 4348 468 4414 941.
492 4388 534 4398 -
556 4348 713 4415 Revertor
735 4348 774 4412 ad
797 4348 887 4413 illum
909 4369 1001 4432 quem
1025 4347 1119 4434 attigi
1143 4351 1240 4413 antea
