<?xml version="1.0" encoding="UTF-8"?>
<!DOCTYPE html PUBLIC "-//W3C//DTD XHTML 1.0 Transitional//EN"
    "http://www.w3.org/TR/xhtml1/DTD/xhtml1-transitional.dtd">
<html xmlns="http://www.w3.org/1999/xhtml" xml:lang="en" lang="en">
 <head>
  <title>
</title>
<meta http-equiv="Content-Type" content="text/html;charset=utf-8" />
  <meta name='ocr-system' content='tesseract 3.04.00' />
  <meta name='ocr-capabilities' content='ocr_page ocr_carea ocr_par ocr_line ocrx_word'/>
</head>
<body>
  <div class='ocr_page' id='page_1' title='image "./fridericiritsch04wachgoog_0542.png"; bbox 0 0 2924 4996; ppageno 0'>
   <div class='ocr_carea' id='block_1_1' title="bbox 403 295 1241 363">
    <p class='ocr_par' dir='ltr' id='par_1_1' title="bbox 403 295 1241 363">
     <span class='ocr_line' id='line_1_1' title="bbox 403 295 1241 363; baseline -0.002 -2"><span class='ocrx_word' id='word_1_1' title='bbox 403 315 559 363; x_wconf 81' lang='lat' dir='ltr'>mouusu</span> <span class='ocrx_word' id='word_1_2' title='bbox 581 313 933 363; x_wconf 72' lang='lat' dir='ltr'>numcuauussnusm.</span> <span class='ocrx_word' id='word_1_3' title='bbox 1178 295 1241 360; x_wconf 64' lang='lat'>527</span> 
     </span>
    </p>
   </div>
   <div class='ocr_carea' id='block_1_2' title="bbox 100 464 1244 1317">
    <p class='ocr_par' dir='ltr' id='par_1_2' title="bbox 100 464 1244 1317">
     <span class='ocr_line' id='line_1_2' title="bbox 101 464 1241 551; baseline -0.002 -21"><span class='ocrx_word' id='word_1_4' title='bbox 101 468 183 531; x_wconf 87' lang='lat' dir='ltr'>liber</span> <span class='ocrx_word' id='word_1_5' title='bbox 204 470 312 530; x_wconf 81' lang='lat' dir='ltr'>servat</span> <span class='ocrx_word' id='word_1_6' title='bbox 332 466 380 548; x_wconf 90' lang='grc' dir='ltr'>Π,</span> <span class='ocrx_word' id='word_1_7' title='bbox 403 466 461 530; x_wconf 79' lang='lat'>58:</span> <span class='ocrx_word' id='word_1_8' title='bbox 489 469 562 531; x_wconf 84' lang='grc' dir='ltr'>κατ’</span> <span class='ocrx_word' id='word_1_9' title='bbox 588 466 693 546; x_wconf 88' lang='grc' dir='ltr'>ὄνομα</span> <span class='ocrx_word' id='word_1_10' title='bbox 722 468 845 546; x_wconf 83' lang='grc' dir='ltr'>Νομᾶν·</span> <span class='ocrx_word' id='word_1_11' title='bbox 875 464 962 551; x_wconf 80' lang='grc' dir='ltr'>[χρὴ</span> <span class='ocrx_word' id='word_1_12' title='bbox 991 467 1127 546; x_wconf 81' lang='grc' dir='ltr'>δὲτὴν</span> <span class='ocrx_word' id='word_1_13' title='bbox 1155 469 1241 528; x_wconf 81' lang='grc' dir='ltr'>δευ-</span> 
     </span>
     <span class='ocr_line' id='line_1_3' title="bbox 100 576 1242 658; baseline -0.006 -16"><span class='ocrx_word' id='word_1_14' title='bbox 100 580 220 657; x_wconf 89' lang='grc' dir='ltr'>τέραν</span> <span class='ocrx_word' id='word_1_15' title='bbox 243 578 439 656; x_wconf 85' lang='grc' dir='ltr'>ςυλλαβὴν</span> <span class='ocrx_word' id='word_1_16' title='bbox 461 576 695 641; x_wconf 83' lang='grc' dir='ltr'>ἐκτείνοντα</span> <span class='ocrx_word' id='word_1_17' title='bbox 718 576 992 658; x_wconf 84' lang='grc' dir='ltr'>βαρυτονεῖν];</span> <span class='ocrx_word' id='word_1_18' title='bbox 1021 577 1107 637; x_wconf 83' lang='lat' dir='ltr'>certo</span> <span class='ocrx_word' id='word_1_19' title='bbox 1129 577 1242 636; x_wconf 87' lang='lat' dir='ltr'>autem</span> 
     </span>
     <span class='ocr_line' id='line_1_4' title="bbox 100 683 1241 768; baseline -0.003 -18"><span class='ocrx_word' id='word_1_20' title='bbox 100 708 167 750; x_wconf 91' lang='lat' dir='ltr'>non</span> <span class='ocrx_word' id='word_1_21' title='bbox 195 689 286 768; x_wconf 84' lang='lat' dir='ltr'>sunt,</span> <span class='ocrx_word' id='word_1_22' title='bbox 317 706 398 768; x_wconf 87' lang='lat' dir='ltr'>quae</span> <span class='ocrx_word' id='word_1_23' title='bbox 424 707 506 749; x_wconf 88' lang='lat' dir='ltr'>unus</span> <span class='ocrx_word' id='word_1_24' title='bbox 533 692 560 748; x_wconf 85' lang='lat' dir='ltr'><em>A</em></span> <span class='ocrx_word' id='word_1_25' title='bbox 588 684 678 748; x_wconf 88' lang='lat' dir='ltr'>addit</span> <span class='ocrx_word' id='word_1_26' title='bbox 704 683 762 767; x_wconf 83' lang='lat' dir='ltr'>IV,</span> <span class='ocrx_word' id='word_1_27' title='bbox 787 685 842 749; x_wconf 88' lang='lat'>16:</span> <span class='ocrx_word' id='word_1_28' title='bbox 869 686 909 749; x_wconf 88' lang='grc' dir='ltr'>τὰ</span> <span class='ocrx_word' id='word_1_29' title='bbox 936 685 993 763; x_wconf 81' lang='grc' dir='ltr'>μὲν</span> <span class='ocrx_word' id='word_1_30' title='bbox 1021 684 1103 748; x_wconf 84' lang='grc' dir='ltr'>ἄλλα</span> <span class='ocrx_word' id='word_1_31' title='bbox 1125 687 1241 764; x_wconf 87' lang='grc' dir='ltr'>φορεῖν</span> 
     </span>
     <span class='ocr_line' id='line_1_5' title="bbox 101 794 1240 879; baseline -0.003 -19"><span class='ocrx_word' id='word_1_32' title='bbox 101 796 188 860; x_wconf 85' lang='grc' dir='ltr'>ὅπλα</span> <span class='ocrx_word' id='word_1_33' title='bbox 209 796 404 874; x_wconf 81' lang='grc' dir='ltr'>προςέταξεν</span> <span class='ocrx_word' id='word_1_34' title='bbox 427 795 486 859; x_wconf 88' lang='grc' dir='ltr'>ὅςα</span> <span class='ocrx_word' id='word_1_35' title='bbox 510 795 619 879; x_wconf 86' lang='grc' dir='ltr'>[τοὺς</span> <span class='ocrx_word' id='word_1_36' title='bbox 646 795 792 859; x_wconf 84' lang='grc' dir='ltr'>ἄλλους</span> <span class='ocrx_word' id='word_1_37' title='bbox 820 794 925 878; x_wconf 87' lang='grc' dir='ltr'>ἤτοι]</span> <span class='ocrx_word' id='word_1_38' title='bbox 953 795 1029 859; x_wconf 87' lang='grc' dir='ltr'>τοὺς</span> <span class='ocrx_word' id='word_1_39' title='bbox 1050 794 1240 874; x_wconf 88' lang='grc' dir='ltr'>προτέρους,</span> 
     </span>
     <span class='ocr_line' id='line_1_6' title="bbox 102 902 1242 986; baseline -0.003 -18"><span class='ocrx_word' id='word_1_40' title='bbox 102 905 153 968; x_wconf 86' lang='lat' dir='ltr'>vel</span> <span class='ocrx_word' id='word_1_41' title='bbox 174 902 232 986; x_wconf 85' lang='lat' dir='ltr'>IV,</span> <span class='ocrx_word' id='word_1_42' title='bbox 255 905 295 968; x_wconf 75' lang='lat'>67</span> <span class='ocrx_word' id='word_1_43' title='bbox 319 907 399 968; x_wconf 86' lang='lat' dir='ltr'>extr.</span> <span class='ocrx_word' id='word_1_44' title='bbox 422 904 478 968; x_wconf 92' lang='lat' dir='ltr'>ubi</span> <span class='ocrx_word' id='word_1_45' title='bbox 504 905 617 967; x_wconf 90' lang='lat' dir='ltr'>horum</span> <span class='ocrx_word' id='word_1_46' title='bbox 645 906 696 969; x_wconf 84' lang='grc' dir='ltr'>καὶ</span> <span class='ocrx_word' id='word_1_47' title='bbox 717 906 770 969; x_wconf 84' lang='grc' dir='ltr'>διὰ</span> <span class='ocrx_word' id='word_1_48' title='bbox 790 904 820 968; x_wconf 90' lang='grc' dir='ltr'>τί</span> <span class='ocrx_word' id='word_1_49' title='bbox 845 908 902 982; x_wconf 85' lang='grc' dir='ltr'>τῆς</span> <span class='ocrx_word' id='word_1_50' title='bbox 924 904 1106 983; x_wconf 87' lang='grc' dir='ltr'>ἐπωνυμίας</span> <span class='ocrx_word' id='word_1_51' title='bbox 1127 902 1242 980; x_wconf 87' lang='grc' dir='ltr'>ταύτης</span> 
     </span>
     <span class='ocr_line' id='line_1_7' title="bbox 102 1011 1242 1097; baseline -0.003 -19"><span class='ocrx_word' id='word_1_52' title='bbox 102 1015 214 1093; x_wconf 83' lang='grc' dir='ltr'>ἔτυχεν</span> <span class='ocrx_word' id='word_1_53' title='bbox 242 1013 338 1079; x_wconf 80' lang='grc' dir='ltr'>οὐδὲν</span> <span class='ocrx_word' id='word_1_54' title='bbox 367 1014 454 1097; x_wconf 85' lang='grc' dir='ltr'>αὐτῷ</span> <span class='ocrx_word' id='word_1_55' title='bbox 482 1015 702 1094; x_wconf 87' lang='grc' dir='ltr'>προςηκούςης</span> <span class='ocrx_word' id='word_1_56' title='bbox 730 1015 872 1076; x_wconf 83' lang='lat' dir='ltr'>extrema</span> <span class='ocrx_word' id='word_1_57' title='bbox 899 1013 945 1076; x_wconf 87' lang='lat' dir='ltr'>sio</span> <span class='ocrx_word' id='word_1_58' title='bbox 973 1012 1117 1076; x_wconf 83' lang='lat' dir='ltr'>exhibet:</span> <span class='ocrx_word' id='word_1_59' title='bbox 1146 1011 1242 1077; x_wconf 85' lang='grc' dir='ltr'>οὐδὲν</span> 
     </span>
     <span class='ocr_line' id='line_1_8' title="bbox 102 1121 1244 1209; baseline -0.004 -22"><span class='ocrx_word' id='word_1_60' title='bbox 102 1124 221 1202; x_wconf 83' lang='grc' dir='ltr'>αὐτῆς</span> <span class='ocrx_word' id='word_1_61' title='bbox 250 1124 467 1203; x_wconf 85' lang='grc' dir='ltr'>προςηκούςης</span> <span class='ocrx_word' id='word_1_62' title='bbox 498 1130 551 1209; x_wconf 87' lang='grc' dir='ltr'>τῷ</span> <span class='ocrx_word' id='word_1_63' title='bbox 584 1123 697 1203; x_wconf 86' lang='grc' dir='ltr'>ἀνδρὶ</span> <span class='ocrx_word' id='word_1_64' title='bbox 728 1124 866 1206; x_wconf 86' lang='grc' dir='ltr'>τούτῳ.</span> <span class='ocrx_word' id='word_1_65' title='bbox 910 1122 1002 1186; x_wconf 81' lang='lat' dir='ltr'>Adde</span> <span class='ocrx_word' id='word_1_66' title='bbox 1032 1121 1244 1185; x_wconf 84' lang='lat' dir='ltr'>certissimum</span> 
     </span>
     <span class='ocr_line' id='line_1_9' title="bbox 103 1232 997 1317; baseline 0 -21"><span class='ocrx_word' id='word_1_67' title='bbox 103 1232 238 1296; x_wconf 86' lang='lat' dir='ltr'>correcti</span> <span class='ocrx_word' id='word_1_68' title='bbox 259 1239 287 1295; x_wconf 84' lang='grc' dir='ltr'><em>Α</em></span> <span class='ocrx_word' id='word_1_69' title='bbox 309 1232 479 1317; x_wconf 79' lang='lat' dir='ltr'>vestigium</span> <span class='ocrx_word' id='word_1_70' title='bbox 500 1232 534 1315; x_wconf 86' lang='grc' dir='ltr'>Ι,</span> <span class='ocrx_word' id='word_1_71' title='bbox 558 1232 614 1315; x_wconf 78' lang='lat'>72,</span> <span class='ocrx_word' id='word_1_72' title='bbox 638 1232 677 1295; x_wconf 91' lang='lat' dir='ltr'>de</span> <span class='ocrx_word' id='word_1_73' title='bbox 700 1254 761 1316; x_wconf 93' lang='lat' dir='ltr'>quo</span> <span class='ocrx_word' id='word_1_74' title='bbox 783 1232 907 1296; x_wconf 77' lang='lat' dir='ltr'>dicetur</span> <span class='ocrx_word' id='word_1_75' title='bbox 930 1232 997 1314; x_wconf 67' lang='lat' dir='ltr'>§a</span> 
     </span>
    </p>
   </div>
   <div class='ocr_carea' id='block_1_3' title="bbox 637 1428 711 1508">
    <p class='ocr_par' dir='ltr' id='par_1_3' title="bbox 637 1428 711 1508">
     <span class='ocr_line' id='line_1_10' title="bbox 637 1428 711 1508; baseline -0.027 -17"><span class='ocrx_word' id='word_1_76' title='bbox 637 1428 711 1508; x_wconf 71' lang='lat' dir='ltr'>§a</span> 
     </span>
    </p>
   </div>
   <div class='ocr_carea' id='block_1_4' title="bbox 97 1559 1296 3940">
    <p class='ocr_par' dir='ltr' id='par_1_4' title="bbox 97 1559 1296 3940">
     <span class='ocr_line' id='line_1_11' title="bbox 187 1559 1244 1644; baseline -0.003 -20"><span class='ocrx_word' id='word_1_77' title='bbox 187 1560 233 1624; x_wconf 90' lang='lat' dir='ltr'>Vt</span> <span class='ocrx_word' id='word_1_78' title='bbox 258 1560 383 1643; x_wconf 85' lang='lat' dir='ltr'>plenius</span> <span class='ocrx_word' id='word_1_79' title='bbox 414 1561 528 1642; x_wconf 89' lang='lat' dir='ltr'>etiam,</span> <span class='ocrx_word' id='word_1_80' title='bbox 559 1582 621 1644; x_wconf 90' lang='lat' dir='ltr'>quo</span> <span class='ocrx_word' id='word_1_81' title='bbox 647 1582 746 1644; x_wconf 86' lang='lat' dir='ltr'>usque</span> <span class='ocrx_word' id='word_1_82' title='bbox 774 1559 990 1644; x_wconf 86' lang='lat' dir='ltr'>interpolandi</span> <span class='ocrx_word' id='word_1_83' title='bbox 1017 1559 1182 1624; x_wconf 71' lang='lat' dir='ltr'>temeritas</span> <span class='ocrx_word' id='word_1_84' title='bbox 1208 1559 1244 1622; x_wconf 92' lang='lat' dir='ltr'>in</span> 
     </span>
     <span class='ocr_line' id='line_1_12' title="bbox 102 1669 1245 1754; baseline -0.003 -20"><span class='ocrx_word' id='word_1_85' title='bbox 102 1676 184 1734; x_wconf 84' lang='lat' dir='ltr'>CDP</span> <span class='ocrx_word' id='word_1_86' title='bbox 206 1691 375 1754; x_wconf 85' lang='lat' dir='ltr'>progressa</span> <span class='ocrx_word' id='word_1_87' title='bbox 401 1669 459 1753; x_wconf 86' lang='lat' dir='ltr'>sit,</span> <span class='ocrx_word' id='word_1_88' title='bbox 490 1674 717 1754; x_wconf 79' lang='lat' dir='ltr'>cognoscatur,</span> <span class='ocrx_word' id='word_1_89' title='bbox 752 1670 908 1754; x_wconf 83' lang='lat' dir='ltr'>quaedam</span> <span class='ocrx_word' id='word_1_90' title='bbox 941 1669 1086 1753; x_wconf 82' lang='lat' dir='ltr'>exempla</span> <span class='ocrx_word' id='word_1_91' title='bbox 1113 1669 1245 1732; x_wconf 87' lang='lat' dir='ltr'>afferam</span> 
     </span>
     <span class='ocr_line' id='line_1_13' title="bbox 101 1777 1244 1864; baseline -0.003 -21"><span class='ocrx_word' id='word_1_92' title='bbox 101 1801 175 1843; x_wconf 89' lang='lat' dir='ltr'>oum</span> <span class='ocrx_word' id='word_1_93' title='bbox 196 1783 307 1843; x_wconf 89' lang='lat' dir='ltr'>nostra</span> <span class='ocrx_word' id='word_1_94' title='bbox 322 1778 523 1864; x_wconf 82' lang='lat' dir='ltr'>quaestione,</span> <span class='ocrx_word' id='word_1_95' title='bbox 548 1801 628 1863; x_wconf 88' lang='lat' dir='ltr'>quae</span> <span class='ocrx_word' id='word_1_96' title='bbox 651 1783 700 1843; x_wconf 88' lang='lat' dir='ltr'>est</span> <span class='ocrx_word' id='word_1_97' title='bbox 721 1779 761 1843; x_wconf 88' lang='lat' dir='ltr'>de</span> <span class='ocrx_word' id='word_1_98' title='bbox 775 1780 895 1843; x_wconf 87' lang='lat' dir='ltr'>maiore</span> <span class='ocrx_word' id='word_1_99' title='bbox 916 1779 978 1842; x_wconf 89' lang='lat' dir='ltr'>fide</span> <span class='ocrx_word' id='word_1_100' title='bbox 995 1780 1062 1842; x_wconf 81' lang='lat' dir='ltr'>sive</span> <span class='ocrx_word' id='word_1_101' title='bbox 1076 1777 1244 1842; x_wconf 86' lang='lat' dir='ltr'>Vrbinatis</span> 
     </span>
     <span class='ocr_line' id='line_1_14' title="bbox 101 1887 1244 1972; baseline -0.001 -21"><span class='ocrx_word' id='word_1_102' title='bbox 101 1889 169 1952; x_wconf 85' lang='lat' dir='ltr'>sive</span> <span class='ocrx_word' id='word_1_103' title='bbox 197 1887 341 1953; x_wconf 82' lang='lat' dir='ltr'>Ohisiani</span> <span class='ocrx_word' id='word_1_104' title='bbox 369 1888 503 1971; x_wconf 80' lang='lat' dir='ltr'>codicia,</span> <span class='ocrx_word' id='word_1_105' title='bbox 531 1910 599 1952; x_wconf 91' lang='lat' dir='ltr'>non</span> <span class='ocrx_word' id='word_1_106' title='bbox 627 1889 814 1972; x_wconf 83' lang='lat' dir='ltr'>coniuncte,</span> <span class='ocrx_word' id='word_1_107' title='bbox 843 1888 898 1952; x_wconf 86' lang='lat' dir='ltr'>sed</span> <span class='ocrx_word' id='word_1_108' title='bbox 927 1892 960 1952; x_wconf 87' lang='lat' dir='ltr'>et</span> <span class='ocrx_word' id='word_1_109' title='bbox 987 1892 1100 1971; x_wconf 83' lang='lat' dir='ltr'>suapte</span> <span class='ocrx_word' id='word_1_110' title='bbox 1128 1890 1244 1951; x_wconf 76' lang='lat' dir='ltr'>natiue</span> 
     </span>
     <span class='ocr_line' id='line_1_15' title="bbox 101 1997 1244 2082; baseline -0.001 -21"><span class='ocrx_word' id='word_1_111' title='bbox 101 2002 136 2061; x_wconf 90' lang='lat' dir='ltr'>et</span> <span class='ocrx_word' id='word_1_112' title='bbox 157 2001 326 2080; x_wconf 88' lang='lat' dir='ltr'>propterea</span> <span class='ocrx_word' id='word_1_113' title='bbox 347 1998 583 2081; x_wconf 87' lang='lat' dir='ltr'>memorabilia,</span> <span class='ocrx_word' id='word_1_114' title='bbox 613 1998 696 2082; x_wconf 91' lang='lat' dir='ltr'>quod</span> <span class='ocrx_word' id='word_1_115' title='bbox 723 1998 831 2062; x_wconf 86' lang='lat' dir='ltr'>fraudi</span> <span class='ocrx_word' id='word_1_116' title='bbox 857 1998 989 2061; x_wconf 85' lang='lat' dir='ltr'>fuenmt</span> <span class='ocrx_word' id='word_1_117' title='bbox 1010 1997 1157 2082; x_wconf 77' lang='lat' dir='ltr'>Dionysii</span> <span class='ocrx_word' id='word_1_118' title='bbox 1181 1997 1244 2060; x_wconf 90' lang='lat' dir='ltr'>edi-</span> 
     </span>
     <span class='ocr_line' id='line_1_16' title="bbox 99 2106 1245 2190; baseline -0.002 -19"><span class='ocrx_word' id='word_1_119' title='bbox 99 2106 225 2172; x_wconf 86' lang='lat' dir='ltr'>toribus</span> <span class='ocrx_word' id='word_1_120' title='bbox 253 2107 293 2170; x_wconf 86' lang='lat' dir='ltr'>ad</span> <span class='ocrx_word' id='word_1_121' title='bbox 321 2128 419 2170; x_wconf 91' lang='lat' dir='ltr'>unum</span> <span class='ocrx_word' id='word_1_122' title='bbox 446 2108 604 2171; x_wconf 88' lang='lat' dir='ltr'>omnibus.</span> <span class='ocrx_word' id='word_1_123' title='bbox 654 2107 778 2172; x_wconf 88' lang='lat' dir='ltr'>Habuit</span> <span class='ocrx_word' id='word_1_124' title='bbox 811 2111 917 2171; x_wconf 86' lang='lat' dir='ltr'>autem</span> <span class='ocrx_word' id='word_1_125' title='bbox 949 2107 1159 2190; x_wconf 84' lang='lat' dir='ltr'>interpolator</span> <span class='ocrx_word' id='word_1_126' title='bbox 1189 2109 1245 2169; x_wconf 86' lang='lat' dir='ltr'>eut</span> 
     </span>
     <span class='ocr_line' id='line_1_17' title="bbox 100 2215 1244 2300; baseline 0 -22"><span class='ocrx_word' id='word_1_127' title='bbox 100 2216 222 2278; x_wconf 86' lang='lat' dir='ltr'>iustam</span> <span class='ocrx_word' id='word_1_128' title='bbox 255 2237 399 2279; x_wconf 81' lang='lat' dir='ltr'>caussam</span> <span class='ocrx_word' id='word_1_129' title='bbox 413 2259 416 2265; x_wconf 43' lang='grc' dir='ltr'><em>ι</em></span> <span class='ocrx_word' id='word_1_130' title='bbox 432 2220 487 2280; x_wconf 89' lang='lat' dir='ltr'>aut</span> <span class='ocrx_word' id='word_1_131' title='bbox 518 2239 585 2281; x_wconf 90' lang='lat' dir='ltr'>non</span> <span class='ocrx_word' id='word_1_132' title='bbox 618 2220 751 2300; x_wconf 88' lang='lat' dir='ltr'>iustam,</span> <span class='ocrx_word' id='word_1_133' title='bbox 792 2239 847 2281; x_wconf 88' lang='lat' dir='ltr'>cur</span> <span class='ocrx_word' id='word_1_134' title='bbox 880 2216 1011 2280; x_wconf 88' lang='lat' dir='ltr'>omnino</span> <span class='ocrx_word' id='word_1_135' title='bbox 1040 2217 1079 2280; x_wconf 89' lang='lat' dir='ltr'>de</span> <span class='ocrx_word' id='word_1_136' title='bbox 1107 2215 1244 2279; x_wconf 88' lang='lat' dir='ltr'>addendi</span> 
     </span>
     <span class='ocr_line' id='line_1_18' title="bbox 99 2325 1244 2410; baseline 0 -21"><span class='ocrx_word' id='word_1_137' title='bbox 99 2325 297 2389; x_wconf 84' lang='lat' dir='ltr'>necessitate</span> <span class='ocrx_word' id='word_1_138' title='bbox 313 2326 480 2410; x_wconf 80' lang='lat' dir='ltr'>cogitaret.</span> <span class='ocrx_word' id='word_1_139' title='bbox 513 2326 634 2391; x_wconf 86' lang='lat' dir='ltr'>Iustam</span> <span class='ocrx_word' id='word_1_140' title='bbox 649 2328 737 2391; x_wconf 84' lang='lat' dir='ltr'>velut</span> <span class='ocrx_word' id='word_1_141' title='bbox 751 2326 815 2409; x_wconf 90' lang='grc' dir='ltr'>ΠΙ,</span> <span class='ocrx_word' id='word_1_142' title='bbox 836 2327 891 2390; x_wconf 85' lang='lat'>16:</span> <span class='ocrx_word' id='word_1_143' title='bbox 913 2327 978 2404; x_wconf 85' lang='grc' dir='ltr'>ἐγὼ</span> <span class='ocrx_word' id='word_1_144' title='bbox 1001 2328 1037 2390; x_wconf 82' lang='grc' dir='ltr'>δὲ</span> <span class='ocrx_word' id='word_1_145' title='bbox 1058 2326 1173 2405; x_wconf 88' lang='grc' dir='ltr'>ἀρετῆς</span> <span class='ocrx_word' id='word_1_146' title='bbox 1188 2327 1244 2404; x_wconf 80' lang='grc' dir='ltr'>μὲν</span> 
     </span>
     <span class='ocr_line' id='line_1_19' title="bbox 102 2435 1246 2517; baseline -0.001 -17"><span class='ocrx_word' id='word_1_147' title='bbox 102 2437 201 2500; x_wconf 82' lang='grc' dir='ltr'>ἕνεκα</span> <span class='ocrx_word' id='word_1_148' title='bbox 228 2438 356 2513; x_wconf 82' lang='grc' dir='ltr'>καὶτῆς</span> <span class='ocrx_word' id='word_1_149' title='bbox 379 2437 458 2501; x_wconf 86' lang='grc' dir='ltr'>κατὰ</span> <span class='ocrx_word' id='word_1_150' title='bbox 486 2441 577 2517; x_wconf 86' lang='grc' dir='ltr'>χεῖρα</span> <span class='ocrx_word' id='word_1_151' title='bbox 597 2438 822 2516; x_wconf 89' lang='grc' dir='ltr'>γενναιότητος</span> <span class='ocrx_word' id='word_1_152' title='bbox 845 2485 928 2501; x_wconf 91' lang='grc'>,...</span> <span class='ocrx_word' id='word_1_153' title='bbox 956 2435 1088 2500; x_wconf 86' lang='grc' dir='ltr'>πάντων</span> <span class='ocrx_word' id='word_1_154' title='bbox 1114 2435 1246 2514; x_wconf 86' lang='grc' dir='ltr'>μάλιςτα</span> 
     </span>
     <span class='ocr_line' id='line_1_20' title="bbox 103 2544 1245 2626; baseline -0.001 -17"><span class='ocrx_word' id='word_1_155' title='bbox 103 2546 298 2624; x_wconf 84' lang='grc' dir='ltr'>δεξομένους</span> <span class='ocrx_word' id='word_1_156' title='bbox 321 2545 400 2624; x_wconf 86' lang='grc' dir='ltr'>ὑμᾶς</span> <span class='ocrx_word' id='word_1_157' title='bbox 421 2546 480 2610; x_wconf 88' lang='grc' dir='ltr'>τὸν</span> <span class='ocrx_word' id='word_1_158' title='bbox 503 2546 584 2626; x_wconf 86' lang='grc' dir='ltr'>ὑπὲρ</span> <span class='ocrx_word' id='word_1_159' title='bbox 598 2553 665 2612; x_wconf 86' lang='grc' dir='ltr'>τῶν</span> <span class='ocrx_word' id='word_1_160' title='bbox 682 2546 847 2626; x_wconf 85' lang='grc' dir='ltr'>ἀριςτείων</span> <span class='ocrx_word' id='word_1_161' title='bbox 868 2547 1019 2611; x_wconf 81' lang='grc' dir='ltr'>κίνδυνον</span> <span class='ocrx_word' id='word_1_162' title='bbox 1042 2544 1174 2624; x_wconf 86' lang='grc' dir='ltr'>ἄραςθαι</span> <span class='ocrx_word' id='word_1_163' title='bbox 1195 2549 1245 2608; x_wconf 83' lang='grc' dir='ltr'>δε-</span> 
     </span>
     <span class='ocr_line' id='line_1_21' title="bbox 98 2655 1296 2736; baseline 0 -18"><span class='ocrx_word' id='word_1_164' title='bbox 98 2656 219 2718; x_wconf 84' lang='grc' dir='ltr'>δοικὼς</span> <span class='ocrx_word' id='word_1_165' title='bbox 233 2657 274 2733; x_wconf 86' lang='grc' dir='ltr'>μὴ</span> <span class='ocrx_word' id='word_1_166' title='bbox 289 2655 327 2718; x_wconf 86' lang='grc' dir='ltr'>τὸ</span> <span class='ocrx_word' id='word_1_167' title='bbox 348 2703 396 2718; x_wconf 89' lang='grc'>...</span> <span class='ocrx_word' id='word_1_168' title='bbox 416 2659 564 2732; x_wconf 80' lang='grc' dir='ltr'>ςυγγενὲς</span> <span class='ocrx_word' id='word_1_169' title='bbox 579 2657 734 2736; x_wconf 82' lang='grc' dir='ltr'>ἐμπόδιον</span> <span class='ocrx_word' id='word_1_170' title='bbox 751 2657 824 2735; x_wconf 80' lang='grc' dir='ltr'>ὑμῖν</span> <span class='ocrx_word' id='word_1_171' title='bbox 841 2656 969 2735; x_wconf 84' lang='grc' dir='ltr'>γένηται</span> <span class='ocrx_word' id='word_1_172' title='bbox 984 2658 1040 2733; x_wconf 81' lang='grc' dir='ltr'>τῆς</span> <span class='ocrx_word' id='word_1_173' title='bbox 1055 2655 1243 2735; x_wconf 81' lang='grc' dir='ltr'>προθυμίας,</span> <span class='ocrx_word' id='word_1_174' title='bbox 1264 2671 1296 2719; x_wconf 83' lang='grc'>13</span> 
     </span>
     <span class='ocr_line' id='line_1_22' title="bbox 98 2763 1246 2848; baseline -0.003 -20"><span class='ocrx_word' id='word_1_175' title='bbox 98 2763 226 2843; x_wconf 89' lang='grc' dir='ltr'>χρόνον</span> <span class='ocrx_word' id='word_1_176' title='bbox 249 2763 407 2847; x_wconf 82' lang='grc' dir='ltr'>ῄτηςάμην</span> <span class='ocrx_word' id='word_1_177' title='bbox 430 2767 493 2828; x_wconf 85' lang='grc' dir='ltr'>κτλ.</span> <span class='ocrx_word' id='word_1_178' title='bbox 531 2764 718 2829; x_wconf 84' lang='lat' dir='ltr'>Sententiae</span> <span class='ocrx_word' id='word_1_179' title='bbox 740 2769 980 2848; x_wconf 88' lang='lat' dir='ltr'>structuraeque</span> <span class='ocrx_word' id='word_1_180' title='bbox 995 2764 1129 2846; x_wconf 85' lang='lat' dir='ltr'>hiatum,</span> <span class='ocrx_word' id='word_1_181' title='bbox 1153 2784 1246 2846; x_wconf 89' lang='lat' dir='ltr'>quem</span> 
     </span>
     <span class='ocr_line' id='line_1_23' title="bbox 98 2872 1246 2957; baseline 0.001 -22"><span class='ocrx_word' id='word_1_182' title='bbox 98 2893 164 2935; x_wconf 90' lang='lat' dir='ltr'>nec</span> <span class='ocrx_word' id='word_1_183' title='bbox 188 2878 217 2935; x_wconf 89' lang='lat' dir='ltr'><em>B</em></span> <span class='ocrx_word' id='word_1_184' title='bbox 236 2893 297 2935; x_wconf 85' lang='lat' dir='ltr'>nec</span> <span class='ocrx_word' id='word_1_185' title='bbox 313 2876 369 2936; x_wconf 84' lang='lat' dir='ltr'>AB</span> <span class='ocrx_word' id='word_1_186' title='bbox 384 2874 531 2956; x_wconf 82' lang='lat' dir='ltr'>explent,</span> <span class='ocrx_word' id='word_1_187' title='bbox 555 2878 628 2957; x_wconf 87' lang='lat' dir='ltr'>post</span> <span class='ocrx_word' id='word_1_188' title='bbox 643 2874 922 2953; x_wconf 60' lang='lat' dir='ltr'>&amp;petaminariis</span> <span class='ocrx_word' id='word_1_189' title='bbox 945 2875 1130 2938; x_wconf 83' lang='grc' dir='ltr'>ἐπιεικῶς</span> <span class='ocrx_word' id='word_1_190' title='bbox 1152 2872 1246 2936; x_wconf 83' lang='grc' dir='ltr'>ὑπέ-</span> 
     </span>
     <span class='ocr_line' id='line_1_24' title="bbox 99 2980 1246 3067; baseline -0.001 -22"><span class='ocrx_word' id='word_1_191' title='bbox 99 2985 226 3061; x_wconf 85' lang='grc' dir='ltr'>λαβον</span> <span class='ocrx_word' id='word_1_192' title='bbox 248 2981 353 3045; x_wconf 84' lang='lat' dir='ltr'>verbis</span> <span class='ocrx_word' id='word_1_193' title='bbox 376 2982 564 3066; x_wconf 87' lang='lat' dir='ltr'>adiectaque</span> <span class='ocrx_word' id='word_1_194' title='bbox 586 2987 660 3066; x_wconf 86' lang='lat' dir='ltr'>post</span> <span class='ocrx_word' id='word_1_195' title='bbox 682 2986 834 3049; x_wconf 81' lang='grc' dir='ltr'>δεδοικὼς</span> <span class='ocrx_word' id='word_1_196' title='bbox 856 2983 1014 3067; x_wconf 87' lang='lat' dir='ltr'>particula</span> <span class='ocrx_word' id='word_1_197' title='bbox 1036 2984 1077 3047; x_wconf 83' lang='grc' dir='ltr'>δὲ</span> <span class='ocrx_word' id='word_1_198' title='bbox 1097 2986 1176 3045; x_wconf 80' lang='lat' dir='ltr'>CDP</span> <span class='ocrx_word' id='word_1_199' title='bbox 1187 2980 1246 3044; x_wconf 89' lang='lat' dir='ltr'>tol·</span> 
     </span>
     <span class='ocr_line' id='line_1_25' title="bbox 99 3090 1246 3176; baseline 0.001 -24"><span class='ocrx_word' id='word_1_200' title='bbox 99 3090 169 3152; x_wconf 88' lang='lat' dir='ltr'>lere</span> <span class='ocrx_word' id='word_1_201' title='bbox 192 3090 314 3173; x_wconf 79' lang='lat' dir='ltr'>conati3</span> <span class='ocrx_word' id='word_1_202' title='bbox 337 3091 411 3174; x_wconf 90' lang='lat' dir='ltr'>quid</span> <span class='ocrx_word' id='word_1_203' title='bbox 433 3092 597 3175; x_wconf 81' lang='lat' dir='ltr'>exciderit,</span> <span class='ocrx_word' id='word_1_204' title='bbox 621 3092 746 3156; x_wconf 89' lang='lat' dir='ltr'>definiri</span> <span class='ocrx_word' id='word_1_205' title='bbox 768 3092 895 3176; x_wconf 86' lang='lat' dir='ltr'>nequit;</span> <span class='ocrx_word' id='word_1_206' title='bbox 918 3090 1092 3174; x_wconf 80' lang='lat' dir='ltr'>simplicius</span> <span class='ocrx_word' id='word_1_207' title='bbox 1114 3090 1246 3169; x_wconf 85' lang='grc' dir='ltr'>ἄραςθατ</span> 
     </span>
     <span class='ocr_line' id='line_1_26' title="bbox 97 3199 1246 3281; baseline -0.001 -18"><span class='ocrx_word' id='word_1_208' title='bbox 97 3200 343 3279; x_wconf 85' lang='grc' dir='ltr'>ἡγούμενος,</span> <span class='ocrx_word' id='word_1_209' title='bbox 372 3201 470 3267; x_wconf 84' lang='grc' dir='ltr'>ἀλλὰ</span> <span class='ocrx_word' id='word_1_210' title='bbox 498 3204 651 3267; x_wconf 82' lang='grc' dir='ltr'>δεδοικὼς</span> <span class='ocrx_word' id='word_1_211' title='bbox 684 3204 725 3281; x_wconf 92' lang='grc' dir='ltr'>μὴ</span> <span class='ocrx_word' id='word_1_212' title='bbox 759 3205 822 3266; x_wconf 84' lang='grc' dir='ltr'>κτλ.</span> <span class='ocrx_word' id='word_1_213' title='bbox 859 3201 1010 3265; x_wconf 83' lang='lat' dir='ltr'>conicias.</span> <span class='ocrx_word' id='word_1_214' title='bbox 1044 3237 1087 3248; x_wconf 89' lang='lat'>-</span> <span class='ocrx_word' id='word_1_215' title='bbox 1125 3199 1246 3263; x_wconf 72' lang='lat' dir='ltr'>(bntra</span> 
     </span>
     <span class='ocr_line' id='line_1_27' title="bbox 98 3307 1247 3394; baseline -0.001 -22"><span class='ocrx_word' id='word_1_216' title='bbox 98 3329 171 3372; x_wconf 91' lang='lat' dir='ltr'>non</span> <span class='ocrx_word' id='word_1_217' title='bbox 198 3312 267 3371; x_wconf 86' lang='lat' dir='ltr'>erat</span> <span class='ocrx_word' id='word_1_218' title='bbox 296 3329 351 3371; x_wconf 93' lang='lat' dir='ltr'>cur</span> <span class='ocrx_word' id='word_1_219' title='bbox 377 3311 485 3392; x_wconf 90' lang='lat' dir='ltr'>paullo</span> <span class='ocrx_word' id='word_1_220' title='bbox 513 3314 604 3394; x_wconf 83' lang='lat' dir='ltr'>ante,</span> <span class='ocrx_word' id='word_1_221' title='bbox 637 3332 707 3394; x_wconf 90' lang='lat' dir='ltr'>cap.</span> <span class='ocrx_word' id='word_1_222' title='bbox 733 3311 772 3374; x_wconf 82' lang='lat'>15</span> <span class='ocrx_word' id='word_1_223' title='bbox 795 3314 891 3393; x_wconf 71' lang='lat' dir='ltr'>exta,</span> <span class='ocrx_word' id='word_1_224' title='bbox 921 3309 1040 3373; x_wconf 86' lang='lat' dir='ltr'>Fufetii</span> <span class='ocrx_word' id='word_1_225' title='bbox 1067 3310 1170 3373; x_wconf 90' lang='lat' dir='ltr'>oratio</span> <span class='ocrx_word' id='word_1_226' title='bbox 1195 3307 1247 3372; x_wconf 84' lang='lat' dir='ltr'>vel</span> 
     </span>
     <span class='ocr_line' id='line_1_28' title="bbox 98 3417 1246 3502; baseline 0.003 -23"><span class='ocrx_word' id='word_1_227' title='bbox 98 3417 169 3480; x_wconf 92' lang='lat' dir='ltr'>ullo</span> <span class='ocrx_word' id='word_1_228' title='bbox 192 3417 408 3482; x_wconf 81' lang='lat' dir='ltr'>additamento</span> <span class='ocrx_word' id='word_1_229' title='bbox 430 3418 481 3483; x_wconf 87' lang='lat' dir='ltr'>vel</span> <span class='ocrx_word' id='word_1_230' title='bbox 502 3419 563 3483; x_wconf 91' lang='lat' dir='ltr'>hoc</span> <span class='ocrx_word' id='word_1_231' title='bbox 585 3422 672 3484; x_wconf 83' lang='lat' dir='ltr'>exitu</span> <span class='ocrx_word' id='word_1_232' title='bbox 693 3420 728 3483; x_wconf 91' lang='lat' dir='ltr'>in</span> <span class='ocrx_word' id='word_1_233' title='bbox 752 3425 831 3483; x_wconf 82' lang='lat' dir='ltr'>CDP</span> <span class='ocrx_word' id='word_1_234' title='bbox 854 3418 1123 3502; x_wconf 88' lang='lat' dir='ltr'>amplificaretur:</span> <span class='ocrx_word' id='word_1_235' title='bbox 1151 3439 1246 3498; x_wconf 93' lang='grc' dir='ltr'>προ-</span> 
     </span>
     <span class='ocr_line' id='line_1_29' title="bbox 97 3527 1246 3608; baseline 0.001 -18"><span class='ocrx_word' id='word_1_236' title='bbox 97 3527 305 3605; x_wconf 87' lang='grc' dir='ltr'>θυμότατα</span> <span class='ocrx_word' id='word_1_237' title='bbox 327 3529 372 3592; x_wconf 86' lang='grc' dir='ltr'>ἂν</span> <span class='ocrx_word' id='word_1_238' title='bbox 395 3530 578 3594; x_wconf 79' lang='grc' dir='ltr'>δέξαιντο</span> <span class='ocrx_word' id='word_1_239' title='bbox 601 3531 670 3595; x_wconf 87' lang='grc' dir='ltr'>τὸν</span> <span class='ocrx_word' id='word_1_240' title='bbox 693 3531 791 3608; x_wconf 80' lang='grc' dir='ltr'>ὑπὲρ</span> <span class='ocrx_word' id='word_1_241' title='bbox 813 3533 878 3608; x_wconf 88' lang='grc' dir='ltr'>τῆς</span> <span class='ocrx_word' id='word_1_242' title='bbox 897 3529 1086 3608; x_wconf 84' lang='grc' dir='ltr'>πατρίδος</span> <span class='ocrx_word' id='word_1_243' title='bbox 1108 3529 1246 3605; x_wconf 82' lang='grc' dir='ltr'>ἀγῶνα</span> 
     </span>
     <span class='ocr_line' id='line_1_30' title="bbox 97 3637 1247 3722; baseline -0.001 -21"><span class='ocrx_word' id='word_1_244' title='bbox 97 3637 168 3701; x_wconf 89' lang='grc' dir='ltr'>καὶ</span> <span class='ocrx_word' id='word_1_245' title='bbox 189 3638 357 3714; x_wconf 80' lang='grc' dir='ltr'>μηδενὸς</span> <span class='ocrx_word' id='word_1_246' title='bbox 380 3638 693 3717; x_wconf 86' lang='grc' dir='ltr'>ἀναγκάςαντος;</span> <span class='ocrx_word' id='word_1_247' title='bbox 722 3660 803 3722; x_wconf 88' lang='lat' dir='ltr'>quae</span> <span class='ocrx_word' id='word_1_248' title='bbox 830 3639 871 3702; x_wconf 93' lang='lat' dir='ltr'>ad</span> <span class='ocrx_word' id='word_1_249' title='bbox 893 3637 1134 3702; x_wconf 85' lang='lat' dir='ltr'>similitudinem</span> <span class='ocrx_word' id='word_1_250' title='bbox 1156 3658 1247 3720; x_wconf 86' lang='lat' dir='ltr'>prae·</span> 
     </span>
     <span class='ocr_line' id='line_1_31' title="bbox 97 3745 1246 3830; baseline 0.003 -24"><span class='ocrx_word' id='word_1_251' title='bbox 97 3764 234 3830; x_wconf 81' lang='lat' dir='ltr'>grassae</span> <span class='ocrx_word' id='word_1_252' title='bbox 255 3745 410 3810; x_wconf 87' lang='lat' dir='ltr'>orationis</span> <span class='ocrx_word' id='word_1_253' title='bbox 431 3745 633 3811; x_wconf 84' lang='lat' dir='ltr'>Hostilianae</span> <span class='ocrx_word' id='word_1_254' title='bbox 657 3749 793 3812; x_wconf 86' lang='lat' dir='ltr'>conficta</span> <span class='ocrx_word' id='word_1_255' title='bbox 816 3750 891 3811; x_wconf 85' lang='lat' dir='ltr'>sunt</span> <span class='ocrx_word' id='word_1_256' title='bbox 918 3746 1038 3810; x_wconf 88' lang='lat' dir='ltr'>omnia.</span> <span class='ocrx_word' id='word_1_257' title='bbox 1083 3745 1173 3810; x_wconf 91' lang='lat' dir='ltr'>Nihil</span> <span class='ocrx_word' id='word_1_258' title='bbox 1195 3747 1246 3810; x_wconf 91' lang='lat' dir='ltr'>de·</span> 
     </span>
     <span class='ocr_line' id='line_1_32' title="bbox 98 3844 1247 3940; baseline 0.003 -25"><span class='ocrx_word' id='word_1_259' title='bbox 98 3873 175 3916; x_wconf 86' lang='lat' dir='ltr'>esse</span> <span class='ocrx_word' id='word_1_260' title='bbox 203 3852 388 3938; x_wconf 79' lang='lat' dir='ltr'>intelleges,</span> <span class='ocrx_word' id='word_1_261' title='bbox 418 3855 472 3920; x_wconf 93' lang='lat' dir='ltr'>ubi</span> <span class='ocrx_word' id='word_1_262' title='bbox 499 3878 565 3920; x_wconf 90' lang='lat' dir='ltr'>non</span> <span class='ocrx_word' id='word_1_263' title='bbox 593 3858 634 3921; x_wconf 90' lang='lat' dir='ltr'>ab</span> <span class='ocrx_word' id='word_1_264' title='bbox 663 3859 696 3922; x_wconf 81' lang='grc' dir='ltr'>εἰ</span> <span class='ocrx_word' id='word_1_265' title='bbox 725 3858 795 3922; x_wconf 84' lang='grc' dir='ltr'>οὗν</span> <span class='ocrx_word' id='word_1_266' title='bbox 818 3858 973 3940; x_wconf 87' lang='lat' dir='ltr'>protasim</span> <span class='ocrx_word' id='word_1_267' title='bbox 1000 3855 1138 3939; x_wconf 87' lang='lat' dir='ltr'>ordiere‚</span> <span class='ocrx_word' id='word_1_268' title='bbox 1168 3844 1247 3918; x_wconf 80' lang='lat' dir='ltr'>sane</span> 
     </span>
    </p>
   </div>
   <div class='ocr_carea' id='block_1_5' title="bbox 91 3962 1247 4373">
    <p class='ocr_par' dir='ltr' id='par_1_5' title="bbox 91 3962 1247 4373">
     <span class='ocr_line' id='line_1_33' title="bbox 97 3962 1246 4049; baseline 0.001 -23"><span class='ocrx_word' id='word_1_269' title='bbox 97 3962 195 4026; x_wconf 88' lang='lat' dir='ltr'>illam</span> <span class='ocrx_word' id='word_1_270' title='bbox 216 3963 346 4046; x_wconf 87' lang='lat' dir='ltr'>apodosi</span> <span class='ocrx_word' id='word_1_271' title='bbox 369 3965 557 4048; x_wconf 84' lang='lat' dir='ltr'>carituram,</span> <span class='ocrx_word' id='word_1_272' title='bbox 593 3966 648 4029; x_wconf 88' lang='lat' dir='ltr'>sed</span> <span class='ocrx_word' id='word_1_273' title='bbox 675 3970 823 4048; x_wconf 85' lang='lat' dir='ltr'>suscepta</span> <span class='ocrx_word' id='word_1_274' title='bbox 850 3988 909 4049; x_wconf 90' lang='lat' dir='ltr'>pro</span> <span class='ocrx_word' id='word_1_275' title='bbox 936 3965 987 4029; x_wconf 81' lang='lat' dir='ltr'>his</span> <span class='ocrx_word' id='word_1_276' title='bbox 1015 3965 1126 4044; x_wconf 85' lang='grc' dir='ltr'>εἴπερ</span> <span class='ocrx_word' id='word_1_277' title='bbox 1148 3965 1246 4047; x_wconf 87' lang='lat' dir='ltr'>parti·</span> 
     </span>
     <span class='ocr_line' id='line_1_34' title="bbox 96 4070 1247 4157; baseline 0 -21"><span class='ocrx_word' id='word_1_278' title='bbox 96 4070 178 4136; x_wconf 88' lang='lat' dir='ltr'>cula</span> <span class='ocrx_word' id='word_1_279' title='bbox 199 4075 383 4155; x_wconf 82' lang='lat' dir='ltr'>mutataque</span> <span class='ocrx_word' id='word_1_280' title='bbox 405 4073 663 4157; x_wconf 86' lang='lat' dir='ltr'>interpunctione</span> <span class='ocrx_word' id='word_1_281' title='bbox 679 4074 719 4138; x_wconf 88' lang='lat' dir='ltr'>ad</span> <span class='ocrx_word' id='word_1_282' title='bbox 734 4076 819 4138; x_wconf 90' lang='lat' dir='ltr'>hanc</span> <span class='ocrx_word' id='word_1_283' title='bbox 834 4075 1026 4138; x_wconf 88' lang='lat' dir='ltr'>concinnam</span> <span class='ocrx_word' id='word_1_284' title='bbox 1042 4074 1247 4138; x_wconf 88' lang='lat' dir='ltr'>construendi</span> 
     </span>
     <span class='ocr_line' id='line_1_35' title="bbox 94 4180 1247 4265; baseline -0.002 -17"><span class='ocrx_word' id='word_1_285' title='bbox 94 4180 344 4262; x_wconf 80' lang='lat' dir='ltr'>simplicitatem</span> <span class='ocrx_word' id='word_1_286' title='bbox 366 4181 489 4265; x_wconf 87' lang='lat' dir='ltr'>reliqua</span> <span class='ocrx_word' id='word_1_287' title='bbox 510 4184 725 4247; x_wconf 83' lang='lat' dir='ltr'>revocaveris:</span> <span class='ocrx_word' id='word_1_288' title='bbox 748 4185 940 4263; x_wconf 88' lang='grc' dir='ltr'>μαντεύομαι</span> <span class='ocrx_word' id='word_1_289' title='bbox 962 4186 997 4248; x_wconf 82' lang='grc' dir='ltr'>δὲ</span> <span class='ocrx_word' id='word_1_290' title='bbox 1012 4186 1062 4246; x_wconf 84' lang='grc' dir='ltr'>καὶ</span> <span class='ocrx_word' id='word_1_291' title='bbox 1077 4185 1150 4262; x_wconf 74' lang='grc' dir='ltr'>περὶ</span> <span class='ocrx_word' id='word_1_292' title='bbox 1169 4184 1247 4248; x_wconf 88' lang='grc' dir='ltr'>ἐκεί-</span> 
     </span>
     <span class='ocr_line' id='line_1_36' title="bbox 91 4290 1246 4373; baseline -0.001 -15"><span class='ocrx_word' id='word_1_293' title='bbox 91 4311 174 4358; x_wconf 87' lang='grc' dir='ltr'>νων</span> <span class='ocrx_word' id='word_1_294' title='bbox 198 4290 251 4354; x_wconf 83' lang='grc' dir='ltr'>οῐα</span> <span class='ocrx_word' id='word_1_295' title='bbox 273 4291 321 4354; x_wconf 84' lang='grc' dir='ltr'>καὶ</span> <span class='ocrx_word' id='word_1_296' title='bbox 343 4293 415 4370; x_wconf 89' lang='grc' dir='ltr'>περὶ</span> <span class='ocrx_word' id='word_1_297' title='bbox 436 4296 504 4357; x_wconf 86' lang='grc' dir='ltr'>τῶν</span> <span class='ocrx_word' id='word_1_298' title='bbox 524 4293 705 4373; x_wconf 85' lang='grc' dir='ltr'>ἡμετέρων,</span> <span class='ocrx_word' id='word_1_299' title='bbox 727 4293 838 4373; x_wconf 85' lang='grc' dir='ltr'>εἴπερ</span> <span class='ocrx_word' id='word_1_300' title='bbox 866 4294 940 4358; x_wconf 87' lang='grc' dir='ltr'>εἰςὶν</span> <span class='ocrx_word' id='word_1_301' title='bbox 963 4293 1052 4358; x_wconf 87' lang='grc' dir='ltr'>οἵους</span> <span class='ocrx_word' id='word_1_302' title='bbox 1075 4293 1246 4372; x_wconf 86' lang='grc' dir='ltr'>ἀκούομεν,</span> 
     </span>
    </p>
   </div>
   <div class='ocr_carea' id='block_1_6' title="bbox 0 0 1466 4996">
    <p class='ocr_par' dir='ltr' id='par_1_6' title="bbox 0 0 1466 4996">
     <span class='ocr_line' id='line_1_37' title="bbox 0 0 1466 4996; baseline 0 0"><span class='ocrx_word' id='word_1_303' title='bbox 0 0 1466 4996; x_wconf 95' lang='lat' dir='ltr'> </span> 
     </span>
    </p>
   </div>
  </div>
 </body>
</html>
