2948 4996
235 326 298 394 452
693 346 741 394 na
763 348 912 397 uansrrs

237 502 322 561 certe
344 519 418 581 pars
441 520 549 562 eorum
572 499 628 583 (cf.
651 499 692 563 fr.
716 498 835 585 XXII).
880 499 1064 564 Pellaeus
1091 501 1192 585 igitur
1219 500 1381 585 Marsyas,

236 607 378 692 aequalis
412 608 588 672 Alexandri
615 608 659 672 M.
690 631 762 672 cum
789 630 888 693 eoque
914 631 979 674 una
1013 609 1182 693 educatus,
1218 612 1381 695 Antigoni

237 722 343 781 autem
369 717 471 782 frater
503 719 649 782 uterinus
684 718 738 800 (fr.
762 718 840 804 IX),
874 719 935 782 etsi
967 721 1162 799 γραμμάτων
1190 722 1382 786 διδὰεκαλοε

236 827 342 910 aliquo
367 831 511 911 tempore
538 828 657 912 fuiti),
691 830 800 891 tamen
834 831 958 891 mutata
995 829 1080 893 vitae
1116 830 1308 895 condicione
1339 831 1380 894 ad

146 995 151 1001 .
235 959 325 1000 arma
347 959 380 1026 se
403 937 574 1001 contulerit
596 940 737 1021 oportet,
766 938 893 1021 quando
915 959 1043 1022 pugnae
1065 939 1175 1002 navali
1201 940 1243 1003 ab
1263 941 1380 1004 Deme

235 1047 297 1110 trio
331 1024 489 1131 Antigoni
523 1047 588 1110 filio
626 1047 743 1131 olymp.
780 1048 857 1130 118,
890 1049 911 1110 2
945 1051 1056 1111 contra
1084 1047 1306 1112 Ptolemaeum
1338 1049 1379 1112 ad

235 1155 374 1238 Cyprum
398 1157 584 1220 commissae
606 1156 763 1238 interfuit,
787 1157 856 1239 ipse
878 1157 988 1221 classis
1010 1157 1188 1240 particulae
1206 1158 1247 1221 ab
1262 1159 1378 1222 Deme-

233 1266 296 1329 trio
332 1266 512 1349 praefectus
547 1266 601 1351 (fr.
634 1265 706 1352 IX).
761 1270 874 1331 Rerum
912 1271 1183 1332 Macedonicorum
1219 1272 1379 1332 tastonam

234 1374 343 1439 decem
371 1375 461 1439 libris
490 1376 671 1459 complexus
698 1378 747 1439 est
774 1377 816 1439 ab
843 1376 1022 1460 originibus
1049 1377 1090 1440 ad
1115 1377 1232 1459 olymp.
1261 1377 1379 1458 1122

235 1485 289 1567 (fr.
305 1484 378 1569 IX),
402 1485 448 1548 ita
470 1484 597 1569 quidem
618 1489 654 1550 ut
676 1485 844 1549 minimum
865 1488 1015 1569 quattuor
1036 1486 1109 1549 libri
1132 1485 1229 1549 medii
1250 1485 1288 1548 in
1302 1486 1377 1549 Phi-

234 1594 425 1677 lippicorum
462 1597 640 1677 temporum
680 1596 866 1659 narratione
903 1599 1107 1659 versarentur
1139 1595 1194 1680 (fr.
1228 1593 1270 1658 V.
1303 1594 1376 1679 VI).

233 1703 297 1767 Pro
324 1726 362 1768 ea
390 1704 571 1788 quae‘cum
598 1708 810 1769 tractatarum
842 1727 948 1769 rerum
974 1704 1128 1768 memoria
1154 1704 1378 1770 intercedebat

234 1812 381 1896 Marsyae
410 1817 443 1876 et
472 1814 596 1897 patriae
624 1818 656 1878 et
685 1801 801 1878 aetatis
823 1815 975 1898 societaS,
1005 1814 1144 1896 locuples
1177 1814 1317 1897 scriptor
1344 1818 1378 1878 et

234 1922 295 1986 fide
317 1910 435 2007 dignus
457 1923 582 1986 videtur
604 1924 764 1988 exstitisse
787 1924 841 2007 (fr.
865 1924 936 2007 IV).
987 1923 1056 1988 Nec
1077 1928 1247 1989 Atticorum
1276 1924 1377 1988 ullum

234 2033 405 2117 vestigium
427 2037 533 2096 exstat
560 2033 617 2116 (cf.
640 2034 680 2097 fr.
705 2033 782 2119 XI),
812 2055 883 2116 nec,
907 2034 1024 2097 damno
1046 2034 1203 2117 imprimis
1224 2033 1375 2115 dolende,

234 2143 300 2206 eius
328 2141 402 2206 libri
430 2165 492 2226 quo
522 2148 560 2206 de
586 2149 764 2207 educatione
791 2148 967 2207 Alexandri
993 2149 1036 2207 M.
1065 2146 1300 2208 commentatus
1327 2149 1376 2208 est

234 2252 291 2335 (cf.
326 2252 367 2315 fr.
397 2252 531 2335 XXVI).
583 2252 727 2336 Marsyas
760 2256 874 2332 autem,
898 2251 1190 2337 PhilippensiS,
1224 2253 1375 2318 Herculis

234 2361 380 2425 sacerdos
403 2362 457 2445 (fr.
481 2361 591 2445 XVI),
615 2362 752 2444 primum
775 2366 1037 2426 commemoratus
1060 2363 1145 2426 circa
1167 2362 1373 2446 Vespasiani,

234 2470 366 2533 Traiani
381 2470 600 2554 Hadrianique
622 2473 767 2553 tempora
790 2471 844 2554 (fr.
862 2470 949 2534 XIX.
966 2470 1038 2535 XX.
1054 2471 1158 2556 XVI),
1176 2473 1238 2536 etsi
1254 2478 1374 2557 quanto

234 2584 306 2661 post
332 2580 495 2643 Pellaeum
521 2580 636 2643 vixerit
662 2601 729 2643 non
758 2584 894 2663 constat,
925 2584 1035 2644 tamen
1067 2581 1151 2644 haud
1183 2586 1374 2646 cunctanter

234 2689 274 2751 ad
301 2689 484 2772 posterioris
512 2690 627 2753 aetatis
656 2711 693 2753 ea
720 2693 864 2774 tempora
891 2690 1075 2754 referendus
1103 2694 1167 2771 est,
1197 2691 1312 2775 quibus
1340 2693 1374 2755 iu

234 2799 442 2882 multiplicem
470 2800 576 2863 variae
599 2799 786 2863 eruditionis
808 2799 1035 2864 tractationem
1057 2799 1269 2884 subtilemque
1292 2823 1373 2864 com·

233 2909 400 2973 mentandi
430 2909 606 2972 exilitatem
635 2913 725 2972 vetus
754 2913 786 2972 et
814 2910 946 2993 antiqua
974 2909 1152 2972 litterarum
1182 2909 1373 2994 simplicitas

233 3022 373 3082 verterat
401 3017 455 3101 (fr.
484 3017 578 3082 XVII
606 3019 701 3103 sqq).
752 3017 855 3081 Huius
889 3023 1131 3094 Macedonicos,¹
1157 3040 1239 3101 quae
1273 3021 1373 3083 multa

231 3127 329 3191 fuisse
351 3127 386 3190 in
408 3128 548 3191 locorum
571 3127 784 3211 descriptione
811 3127 959 3190 videntur
989 3127 1043 3211 (fr.
1066 3126 1157 3210 XV),
1193 3128 1276 3193 haec
1300 3129 1372 3212 fuit,

232 3237 259 3298 si
281 3237 465 3300 testimonio
487 3258 553 3300 non
575 3237 725 3321 ambiguo
747 3236 939 3319 insistimus,
963 3237 1061 3319 ratio,
1085 3240 1122 3299 ut
1143 3237 1333 3302 incohatum
1355 3261 1374 3302 a

233 3344 360 3409 Pellaeo
382 3369 460 3429 opus
490 3346 731 3428 continuarent,
760 3346 793 3409 h.
818 3332 845 3409 ess
868 3349 905 3408 ut
926 3346 1151 3430 praetermissa
1173 3349 1375 3429 superiorimi

232 3476 344 3538 regum
366 3455 519 3518 memoria
541 3456 583 3518 ab
605 3455 704 3538 ipsius
720 3455 896 3519 Alexandri
919 3457 962 3518 M.
986 3455 1080 3519 rebus
1102 3455 1213 3539 gestis,
1239 3479 1376 3540 quarum

232 3569 356 3647 partem
388 3568 516 3628 tautum
547 3564 777 3648 perscripserat
810 3564 971 3646 Pellaeus,
1011 3563 1193 3627 ordirentur
1227 3567 1285 3648 (fr.
1320 3567 1374 3650 X),

229 3673 319 3736 libris
358 3678 464 3738 autem
501 3675 668 3737 minimum
705 3695 760 3737 ser
794 3673 1137 3757 comprehenderentur
1175 3674 1230 3757 (fr.
1268 3675 1376 3762 XIII).

231 3784 319 3857 (luae
350 3787 456 3847 autem
494 3785 579 3848 inter
617 3782 697 3846 haec
729 3783 944 3867 Philippensis
977 3782 1125 3865 Marsyae
1162 3781 1378 3850 Macedonica

232 3892 433 3977 eiusdemque
455 3897 495 3960 τὰ
517 3897 588 3975 περὶ
611 3894 838 3976 Ἀλέξανδρον,
868 3914 1000 3976 quorum
1028 3891 1158 3974 quintus
1185 3892 1270 3956 liber
1294 3896 1379 3960 exci-

299 4164 323 4232 *)
343 4164 384 4233 [ld
402 4182 449 4218 cur
467 4162 503 4218 ad
521 4162 608 4218 aniles
631 4162 741 4217 fabulas
758 4161 900 4217 Heckerus
919 4160 1026 4231 releget
1043 4158 1184 4230 Philologi
1201 4164 1221 4215 t.
1238 4160 1304 4234 Vp.
1320 4172 1381 4230 452,

231 4271 329 4310 sanam
351 4257 488 4311 rationem
515 4274 570 4310 non
593 4258 703 4325 exputo.
745 4255 882 4308 Nimirum
908 4254 1016 4308 Phemii
1037 4254 1083 4307 ille
1106 4253 1280 4322 Homerique
1304 4274 1380 4324 quae

230 4352 355 4403 teruntur
373 4350 536 4419 magisteria
553 4352 712 4403 antestatur
731 4351 761 4401 ut
779 4351 936 4402 commenta
953 4365 1066 4416 prorsus
1085 4346 1208 4417 parilia]
