2896 4996
456 354 503 400 ms
526 354 596 402 ono
619 353 663 399 ar
686 352 827 399 oriona.
1147 334 1210 399 669

67 530 138 571 mus
161 507 247 570 norit
269 506 406 570 utillum:
429 506 514 569 haud
531 507 597 570 scio
613 528 654 570 an
671 529 689 569 a
704 505 839 569 veritate
860 503 1002 587 proxime
1019 505 1131 586 absim,
1155 504 1209 587 qui

66 640 134 681 non
150 617 318 701 posteriori
330 639 425 700 quam
439 617 536 679 tertio
552 616 678 680 saeculo
690 616 755 678 eius
768 617 907 678 aetatem
925 613 1074 677 tribuam.
1103 615 1152 676 Ac
1168 635 1209 677 ne
1240 689 1242 695 y

66 727 151 791 forte
174 727 316 807 dubites,
339 728 447 790 sintne
462 726 517 789 illa
534 748 607 789 vere
622 725 774 809 Eudemi,
799 746 879 810 quae
894 725 1046 809 leguntur
1070 722 1205 811 [Anecd.

67 836 183 926 Beth]
206 861 238 921 p.
255 839 327 919 321,
348 838 401 900 16:
424 837 579 917 ἐχρήτατο
603 840 638 901 δὲ
659 836 806 902 Αἰλιανὸε
829 837 865 901 ἐν
887 842 932 919 τῷ
955 837 1027 915 περὶ
1049 835 1206 915 προνοία(

66 949 163 1030 τρίτῳ
183 955 229 1031 τῷ
253 948 468 1027 ἀβατανίετω(
488 948 558 1013 ἀντὶ
581 952 640 1013 τοῦ
656 947 735 1013 ἄνευ
751 947 881 1027 ὀδύνης,
906 967 946 1008 en
962 944 1073 1008 eadem
1095 944 1210 1009 Suidas

67 1059 201 1141 praehet
223 1058 311 1121 nulla
334 1058 442 1121 littera
465 1058 616 1140 disparia.
662 1056 724 1121 Sed
746 1056 830 1121 idem
853 1055 965 1120 Suidas
992 1054 1137 1119 fraudem
1160 1078 1209 1118 ar-

67 1169 140 1252 guit
161 1191 193 1251 p.
210 1145 283 1250 367,
307 1168 390 1232 2-8
412 1167 630 1232 manifestam.
661 1167 711 1230 Ibi
734 1167 820 1231 enim
844 1188 915 1230 cum
937 1165 1120 1250 Theognoti
1143 1166 1209 1230 sive

66 1277 266 1363 'theognosti
289 1278 529 1363 Orthographia
552 1278 723 1341 excitetur:
752 1299 846 1361 quem
868 1276 1056 1360 scriptorem
1078 1278 1209 1340 incunte

66 1388 195 1452 saeculo
217 1410 302 1452 nono
316 1389 432 1453 vixisse
447 1388 642 1452 Villoisonus
664 1387 805 1451 ostendit
820 1387 942 1450 Anecd.
967 1409 1016 1472 gr.
1033 1387 1112 1470 Hp.
1134 1387 1209 1451 127:

67 1501 178 1561 tamen
208 1498 369 1583 germanis
392 1497 527 1561 Eudemi
556 1499 659 1561 verbis
688 1497 794 1561 aliena
822 1520 920 1560 manu
953 1498 1067 1583 (ipsius
1096 1497 1210 1580 opinor

68 1609 263 1688 (υναγωγῆτ
286 1608 437 1689 auctoris)
469 1631 613 1692 pannum
641 1609 788 1672 adsutum
815 1628 883 1671 esse
919 1609 1077 1689 γράφεται
1105 1611 1140 1672 δὲ
1168 1646 1210 1656 -

67 1720 286 1801 ὀρθογραφίᾳ,
316 1718 551 1783 evidentissime
574 1717 689 1783 Suidae
712 1719 908 1801 comparatio
930 1718 1038 1801 docet,
1063 1718 1096 1783 in
1121 1719 1209 1782 cuius

66 1829 205 1892 lexicum
234 1828 389 1893 Eudemia
416 1830 616 1893 transierunt
641 1828 711 1891 sine
740 1828 920 1892 adventicia
948 1829 1010 1891 ista
1038 1827 1207 1911 particula.

65 1937 119 2002 Ita
142 1943 248 2002 auteur
272 1939 433 2002 commode
461 1942 582 2003 semoto
608 1940 791 2021 importuno
819 1938 1015 2023 magistel10,
1046 1938 1209 2002 luculenta

65 2052 168 2111 restat
191 2049 382 2132 optimorum
400 2049 567 2112 ¹hominum
589 2049 786 2132 frequentia,
810 2049 929 2112 novicii
952 2049 1116 2132 scriptoris
1139 2040 1207 2113 nul-

65 2158 128 2221 lius
151 2158 304 2222 societate
327 2159 526 2223 dedecorata.
565 2159 647 2224 Sunt
669 2160 755 2223 enim
776 2159 862 2223 hice:
886 2159 1051 2241 Aelianus,
1076 2159 1207 2223 Aeschi-

64 2290 139 2351 nes,
164 2268 357 2352 Aeschylus,
387 2269 640 2355 Agesander,
670 2269 799 2352 Alexis,
829 2269 1008 2352 Amipsias,
1039 2269 1206 2351 Anaxilas,

65 2379 296 2461 Antimachus,
321 2378 505 2463 Antiphon,
530 2379 757 2464 Apollodorus,
783 2379 1027 2462 Aristophanes,
1052 2380 1208 2443 Aristote-

64 2488 127 2570 les,
163 2489 375 2573 Chrysippus,
406 2489 580 2573 Clidemus,
610 2489 737 2572 Crates,
768 2490 933 2573 Cratinus,
963 2491 1207 2575 Demagoras

66 2598 237 2680 Samius,
262 2598 442 2665 Demetrius
458 2599 616 2684 Scepsim,
634 2599 876 2682 Demosthenes,
901 2599 1066 2684 Didymus,
1091 2601 1207 2665 Dinar-
1225 2613 1259 2663 80

65 2708 156 2790 chus,
180 2708 322 2793 Eupolis,
347 2709 532 2795 Euripides,
556 2710 759 2793 Hellanicus,
783 2710 989 2795 Hermippus,
1014 2711 1205 2795 Herodotus,

63 2817 236 2902 Homerus,
252 2819 442 2905 Hyperides,
460 2821 579 2904 Isaeus,
595 2820 764 2903 Isocrates,
788 2821 976 2903 Menander,
1000 2821 1205 2902 Nicoehares,

62 2929 231 3012 Nicolaus,
254 2929 473 3015 Nicostratus,
497 2931 723 3014 Pherecrates,
747 2930 857 3013 Philo,
881 2931 1106 3013 Philochorus,
1131 2930 1205 2994 Phi-

61 3040 190 3125 lyllius,
227 3040 443 3125 Phrynichus,
474 3041 583 3123 Plato,
614 3041 809 3123 Simonides,
844 3041 1031 3124 Sophoclea,
1062 3040 1204 3124 Strattis,

59 3151 301 3235 Theopompus
324 3151 535 3237 Thucydides,
558 3152 748 3236 Xenophon.
