2924 4996
224 343 288 404 490
492 357 538 403 nn
561 357 791 405 narranaams
814 357 1107 418 aamovrranrnvs

225 510 372 594 praebuit
401 532 432 592 p.
454 511 485 591 6,
510 509 548 573 16
575 512 709 574 πολλῶν
737 509 830 573 unice
856 531 982 592 verum,
1012 510 1097 574 solus
1124 532 1191 575 non
1220 513 1364 597 agnoscit

225 620 427 683 intolerabile.
455 619 533 682 illud
560 619 590 701 6,
615 619 656 684 28
683 620 771 685 τότεε
806 641 865 683 nec
893 618 1000 684 hercle
1026 621 1138 703 irrepta
1166 624 1245 685 sunt
1273 622 1363 702 8,18

226 732 510 811 φιλοπονώτατον,
534 729 563 811 9,
580 730 622 792 23
641 730 719 794 ὅεοι.
751 728 920 814 Singulare
943 733 1046 794 estet
1068 752 1139 794 cum
1162 753 1228 795 uno
1242 731 1363 795 Veneto

226 839 388 924 Sylburgii
412 860 631 922 communc0p.
652 841 699 920 10,
716 839 758 903 29
780 839 1000 919 ἀγωνὶεμαειν.
1031 839 1149 915 Quodsi
1170 844 1258 905 recte
1272 863 1363 925 supra

226 949 418 1013 coniecimus
446 948 488 1012 ab
509 948 590 1032 Lapi
619 948 726 1013 codice
753 971 820 1013 non
847 950 974 1013 differre
1003 949 1150 1015 Hudsoni
1172 949 1363 1015 Vaticanum

224 1060 302 1141 450,
337 1081 397 1122 nec
430 1058 471 1122 ab
498 1059 559 1122 hoc
589 1059 747 1122 diversum
781 1081 853 1122 eum
882 1059 1075 1123 Vaticanum
1109 1082 1178 1125 esse
1208 1061 1262 1145 qui
1294 1061 1363 1125 Kel-

224 1158 392 1232 lermanno
426 1172 508 1232 teste
541 1168 634 1232 hodic
668 1173 854 1233 numeratur
889 1171 964 1251 133,
999 1169 1109 1234 cadem
1138 1193 1252 1254 opera,
1287 1192 1363 1255 quae

224 1279 317 1342 huius
344 1278 467 1342 indoles
494 1279 537 1342 sit
566 1279 607 1342 ab
629 1279 799 1343 Ambrosio
831 1283 941 1343 nostro
970 1302 1036 1344 non
1064 1280 1219 1364 inspecti,
1254 1282 1363 1364 proba·

225 1389 332 1452 biliter
360 1392 625 1452 commonstrasse
652 1389 845 1471 videbimur,
874 1390 937 1453 nisi
963 1390 1090 1474 quidem
1118 1391 1182 1454 alio
1205 1392 1310 1474 Lepus
1331 1391 1363 1454 in

224 1498 403 1581 undecimo,
428 1499 491 1563 alio
514 1499 622 1563 codice
644 1521 718 1563 usus
741 1502 789 1562 est
811 1500 845 1562 in
861 1500 1019 1582 prioribus
1035 1500 1288 1584 Antiquitatium
1303 1501 1363 1564 Ro-

224 1631 391 1673 manarum
414 1609 514 1674 libris.

478 1978 526 2050 II.
580 1977 918 2052 Commentatio
953 1975 1110 2050 altera.

193 2176 203 2222 1
309 2161 455 2246 Dionysii
479 2163 586 2247 capita
607 2163 760 2248 triginta,
784 2184 865 2246 quae
887 2166 962 2226 sunt
984 2163 1026 2226 ab
1045 2161 1140 2225 initio
1162 2161 1237 2225 libri
1259 2161 1363 2244 primi,

225 2272 263 2335 ad
286 2273 344 2335 hos
365 2272 463 2336 libros
486 2273 740 2337 emendavimus:

376 2389 401 2445 Α
445 2382 630 2447 Chisianum
652 2384 709 2466 58,
733 2383 842 2447 decem
864 2381 1026 2445 librorum.

376 2497 405 2555 B
444 2491 635 2557 Vrbinatem
660 2495 735 2572 105,
759 2493 813 2577 qui
836 2492 991 2555 Hudsono
1013 2494 1062 2554 est
1083 2490 1264 2554 Vaticanus
1297 2492 1363 2570 103,

489 2603 566 2666 item
587 2603 696 2667 decem
719 2602 881 2666 librorum.

377 2717 401 2775 C
442 2711 674 2776 Coislinianum
699 2713 759 2776 150
769 2712 816 2796 *),
840 2710 988 2774 undecim
1009 2709 1173 2773 librorum.

310 2853 313 2864 i
376 2827 404 2884 l)
439 2821 577 2908 Regium
592 2822 773 2886 Parisinum
792 2821 872 2886 1654
887 2824 920 2884 et
933 2820 1024 2902 1655,
1041 2820 1152 2884 decem
1166 2820 1331 2884 librorum.

376 2938 405 2995 E
445 2932 639 2996 Vaticanum
664 2933 740 3013 133,
764 2931 817 3015 qui
840 2930 994 2994 Hudsono
1016 2932 1065 2993 cst
1087 2928 1267 2993 Vaticanus
1292 2930 1365 3010 450,

489 3041 636 3106 undecim
658 3041 820 3105 librorum.

376 3160 404 3216 F
448 3152 641 3216 Vrbinatem
666 3152 735 3233 106,
759 3152 897 3235 quinque
920 3151 1072 3215 librorum
1094 3150 1246 3233 priorum.

375 3269 402 3326 P
447 3262 630 3345 Principem
653 3261 825 3325 editionem
847 3282 864 3325 c
887 3267 915 3324 1)
937 3260 1075 3324 ductam.

373 3377 402 3435 B
445 3371 627 3436 Romanum
649 3371 789 3436 codicem
812 3370 985 3455 Sylburgii.

381 3488 408 3544 V
446 3481 605 3546 Venetam
629 3481 769 3546 codicem
792 3481 970 3566 Sylburgii‚
994 3501 1060 3544 non
1078 3479 1240 3544 diversum
1261 3502 1282 3543 a

381 3599 427 3655 Va
447 3591 573 3656 Veneto
588 3592 757 3656 chartaceo
772 3592 834 3655 212
850 3591 892 3655 ab
903 3589 1116 3655 Ambroschio
1132 3589 1261 3672 collato,
1280 3591 1367 3654 cuim

489 3701 709 3787 apographum
732 3701 911 3784 exemplum
934 3703 983 3764 cst
999 3698 1143 3763 Venetus
1164 3698 1369 3764 membrana-

489 3833 561 3876 ceus
582 3812 655 3876 213.

306 3923 355 3986 De
382 3922 433 3987 his
465 3923 555 3986 libris
591 3943 661 3986 cum
689 3921 808 4005 partim
838 3920 972 3985 anobis
1001 3920 1181 4004 expositum
1211 3919 1254 3982 sit
1283 3919 1370 3984 edita

223 4056 251 4096 a.
283 4030 648 4101 CIOIOCCOXXXVHI
684 4031 909 4095 dissertatione
942 4028 1205 4110 Vratisloviensi,
1246 4029 1369 4110 partim

222 4142 299 4204 olim
328 4143 550 4225 exponendum
578 4142 620 4205 sit
648 4143 842 4224 accuratius,
873 4141 925 4204 hic
947 4138 1057 4203 licebit
1086 4137 1196 4221 paucis
1219 4137 1370 4223 defungi.

291 4378 316 4442 *λ
342 4377 418 4445 [Non
438 4386 499 4445 loo,
518 4379 592 4447 quod
611 4378 721 4448 scripsit
737 4377 920 4446 Kiesslingius
938 4376 990 4430 vol.
1012 4377 1023 4428 1
1040 4374 1127 4444 praes.
1145 4390 1171 4441 p.
1185 4370 1242 4437 vi]
