<?xml version="1.0" encoding="UTF-8"?>
<!DOCTYPE html PUBLIC "-//W3C//DTD XHTML 1.0 Transitional//EN"
    "http://www.w3.org/TR/xhtml1/DTD/xhtml1-transitional.dtd">
<html xmlns="http://www.w3.org/1999/xhtml" xml:lang="en" lang="en">
 <head>
  <title>
</title>
<meta http-equiv="Content-Type" content="text/html;charset=utf-8" />
  <meta name='ocr-system' content='tesseract 3.04.00' />
  <meta name='ocr-capabilities' content='ocr_page ocr_carea ocr_par ocr_line ocrx_word'/>
</head>
<body>
  <div class='ocr_page' id='page_1' title='image "./fridericiritsch04wachgoog_0414.png"; bbox 0 0 2948 4996; ppageno 0'>
   <div class='ocr_carea' id='block_1_1' title="bbox 506 290 1232 360">
    <p class='ocr_par' dir='ltr' id='par_1_1' title="bbox 506 290 1232 360">
     <span class='ocr_line' id='line_1_1' title="bbox 506 290 1232 360; baseline 0.001 -1"><span class='ocrx_word' id='word_1_1' title='bbox 506 304 629 359; x_wconf 78' lang='lat' dir='ltr'>onom</span> <span class='ocrx_word' id='word_1_2' title='bbox 652 304 815 359; x_wconf 74' lang='lat' dir='ltr'>coronat.</span> <span class='ocrx_word' id='word_1_3' title='bbox 927 327 932 334; x_wconf 90' lang='lat'><em>-</em></span> <span class='ocrx_word' id='word_1_4' title='bbox 1169 290 1232 360; x_wconf 80' lang='grc'>399</span> 
     </span>
    </p>
   </div>
   <div class='ocr_carea' id='block_1_2' title="bbox 86 459 1358 4413">
    <p class='ocr_par' dir='ltr' id='par_1_2' title="bbox 86 459 1358 4413">
     <span class='ocr_line' id='line_1_2' title="bbox 90 459 1233 548; baseline -0.01 -9"><span class='ocrx_word' id='word_1_5' title='bbox 90 476 112 539; x_wconf 75' lang='grc' dir='ltr'>ε’</span> <span class='ocrx_word' id='word_1_6' title='bbox 136 464 258 535; x_wconf 84' lang='lat' dir='ltr'>vocalis</span> <span class='ocrx_word' id='word_1_7' title='bbox 292 462 452 532; x_wconf 83' lang='lat' dir='ltr'>coalescit.</span> <span class='ocrx_word' id='word_1_8' title='bbox 498 461 618 530; x_wconf 77' lang='lat' dir='ltr'>Contra</span> <span class='ocrx_word' id='word_1_9' title='bbox 644 462 844 528; x_wconf 77' lang='lat' dir='ltr'>memorabili</span> <span class='ocrx_word' id='word_1_10' title='bbox 873 459 1018 548; x_wconf 85' lang='lat' dir='ltr'>exemplo</span> <span class='ocrx_word' id='word_1_11' title='bbox 1051 484 1233 529; x_wconf 83' lang='lat' dir='ltr'>mensuram</span> 
     </span>
     <span class='ocr_line' id='line_1_3' title="bbox 86 574 1233 660; baseline -0.007 -13"><span class='ocrx_word' id='word_1_12' title='bbox 86 581 286 647; x_wconf 80' lang='lat' dir='ltr'>trochaicam</span> <span class='ocrx_word' id='word_1_13' title='bbox 314 577 419 660; x_wconf 90' lang='lat' dir='ltr'>ipsum</span> <span class='ocrx_word' id='word_1_14' title='bbox 446 576 561 655; x_wconf 80' lang='grc' dir='ltr'>νεαρόε</span> <span class='ocrx_word' id='word_1_15' title='bbox 588 576 777 639; x_wconf 88' lang='lat' dir='ltr'>vocabulum</span> <span class='ocrx_word' id='word_1_16' title='bbox 810 574 895 658; x_wconf 86' lang='lat' dir='ltr'>apud</span> <span class='ocrx_word' id='word_1_17' title='bbox 922 575 1097 639; x_wconf 77' lang='lat' dir='ltr'>Pindarum</span> <span class='ocrx_word' id='word_1_18' title='bbox 1125 580 1233 640; x_wconf 90' lang='lat' dir='ltr'>tuetur</span> 
     </span>
     <span class='ocr_line' id='line_1_4' title="bbox 86 685 1233 775; baseline -0.007 -18"><span class='ocrx_word' id='word_1_19' title='bbox 86 692 183 775; x_wconf 87' lang='lat' dir='ltr'>Pyth.</span> <span class='ocrx_word' id='word_1_20' title='bbox 208 689 248 771; x_wconf 83' lang='lat' dir='ltr'>X,</span> <span class='ocrx_word' id='word_1_21' title='bbox 272 688 315 752; x_wconf 80' lang='lat'>25</span> <span class='ocrx_word' id='word_1_22' title='bbox 341 689 391 751; x_wconf 88' lang='grc' dir='ltr'>καὶ</span> <span class='ocrx_word' id='word_1_23' title='bbox 413 688 508 752; x_wconf 84' lang='grc' dir='ltr'>Ζώων</span> <span class='ocrx_word' id='word_1_24' title='bbox 531 686 576 750; x_wconf 82' lang='grc' dir='ltr'>ἔτι</span> <span class='ocrx_word' id='word_1_25' title='bbox 598 687 733 766; x_wconf 79' lang='grc' dir='ltr'>νεαρόν,</span> <span class='ocrx_word' id='word_1_26' title='bbox 768 685 823 769; x_wconf 91' lang='lat' dir='ltr'>qui</span> <span class='ocrx_word' id='word_1_27' title='bbox 845 707 954 749; x_wconf 85' lang='lat' dir='ltr'>versus</span> <span class='ocrx_word' id='word_1_28' title='bbox 982 685 1032 748; x_wconf 93' lang='lat' dir='ltr'>his</span> <span class='ocrx_word' id='word_1_29' title='bbox 1061 687 1233 769; x_wconf 81' lang='lat' dir='ltr'>respondet</span> 
     </span>
     <span class='ocr_line' id='line_1_5' title="bbox 88 795 1232 880; baseline -0.003 -14"><span class='ocrx_word' id='word_1_30' title='bbox 88 798 349 866; x_wconf 76' lang='lat' dir='ltr'>constantissime</span> <span class='ocrx_word' id='word_1_31' title='bbox 379 796 510 880; x_wconf 85' lang='lat' dir='ltr'>longam</span> <span class='ocrx_word' id='word_1_32' title='bbox 539 796 740 859; x_wconf 71' lang='lat' dir='ltr'>servantibus</span> <span class='ocrx_word' id='word_1_33' title='bbox 768 795 1016 878; x_wconf 67' lang='lat' dir='ltr'>paenultimam:</span> <span class='ocrx_word' id='word_1_34' title='bbox 1052 801 1118 862; x_wconf 86' lang='grc' dir='ltr'>τῶν</span> <span class='ocrx_word' id='word_1_35' title='bbox 1141 798 1175 861; x_wconf 84' lang='grc' dir='ltr'>δ’</span> <span class='ocrx_word' id='word_1_36' title='bbox 1197 798 1232 862; x_wconf 84' lang='grc' dir='ltr'>ἐν</span> 
     </span>
     <span class='ocr_line' id='line_1_6' title="bbox 87 906 1232 988; baseline -0.004 -12"><span class='ocrx_word' id='word_1_37' title='bbox 87 912 212 976; x_wconf 83' lang='grc' dir='ltr'>Ἑλλάδι</span> <span class='ocrx_word' id='word_1_38' title='bbox 234 912 383 988; x_wconf 86' lang='grc' dir='ltr'>τερπνῶν</span> <span class='ocrx_word' id='word_1_39' title='bbox 405 916 446 954; x_wconf 77' lang='grc'>-’</span> <span class='ocrx_word' id='word_1_40' title='bbox 470 906 563 986; x_wconf 88' lang='grc' dir='ltr'>ὀλβία</span> <span class='ocrx_word' id='word_1_41' title='bbox 592 906 793 984; x_wconf 71' lang='grc' dir='ltr'>Λακεδαῐμον,</span> <span class='ocrx_word' id='word_1_42' title='bbox 812 943 854 952; x_wconf 90' lang='grc'>-</span> <span class='ocrx_word' id='word_1_43' title='bbox 875 907 1001 982; x_wconf 87' lang='grc' dir='ltr'>γεύεται</span> <span class='ocrx_word' id='word_1_44' title='bbox 1022 907 1083 986; x_wconf 89' lang='grc' dir='ltr'>γὰρ</span> <span class='ocrx_word' id='word_1_45' title='bbox 1106 907 1232 971; x_wconf 83' lang='grc' dir='ltr'>ἀέθλων</span> 
     </span>
     <span class='ocr_line' id='line_1_7' title="bbox 87 1014 1233 1102; baseline -0.004 -18"><span class='ocrx_word' id='word_1_46' title='bbox 87 1060 130 1070; x_wconf 89' lang='grc'>-</span> <span class='ocrx_word' id='word_1_47' title='bbox 152 1024 186 1084; x_wconf 92' lang='lat' dir='ltr'>et</span> <span class='ocrx_word' id='word_1_48' title='bbox 208 1017 263 1102; x_wconf 90' lang='lat' dir='ltr'>qui</span> <span class='ocrx_word' id='word_1_49' title='bbox 285 1021 361 1080; x_wconf 87' lang='lat' dir='ltr'>sunt</span> <span class='ocrx_word' id='word_1_50' title='bbox 382 1015 506 1099; x_wconf 87' lang='lat' dir='ltr'>reliqui.</span> <span class='ocrx_word' id='word_1_51' title='bbox 551 1015 597 1079; x_wconf 85' lang='lat' dir='ltr'>Vt</span> <span class='ocrx_word' id='word_1_52' title='bbox 623 1038 688 1079; x_wconf 91' lang='lat' dir='ltr'>non</span> <span class='ocrx_word' id='word_1_53' title='bbox 711 1014 856 1099; x_wconf 86' lang='lat' dir='ltr'>profecto</span> <span class='ocrx_word' id='word_1_54' title='bbox 877 1015 987 1098; x_wconf 88' lang='lat' dir='ltr'>inepte</span> <span class='ocrx_word' id='word_1_55' title='bbox 1009 1037 1105 1100; x_wconf 86' lang='lat' dir='ltr'>agere</span> <span class='ocrx_word' id='word_1_56' title='bbox 1128 1015 1233 1080; x_wconf 87' lang='lat' dir='ltr'>videa-</span> 
     </span>
     <span class='ocr_line' id='line_1_8' title="bbox 88 1124 1233 1213; baseline -0.003 -19"><span class='ocrx_word' id='word_1_57' title='bbox 88 1136 156 1213; x_wconf 84' lang='lat' dir='ltr'>tur,</span> <span class='ocrx_word' id='word_1_58' title='bbox 181 1128 252 1212; x_wconf 83' lang='lat' dir='ltr'>qui,</span> <span class='ocrx_word' id='word_1_59' title='bbox 276 1125 357 1210; x_wconf 90' lang='lat' dir='ltr'>quod</span> <span class='ocrx_word' id='word_1_60' title='bbox 381 1125 521 1189; x_wconf 84' lang='lat' dir='ltr'>Pindaro</span> <span class='ocrx_word' id='word_1_61' title='bbox 543 1125 650 1208; x_wconf 81' lang='lat' dir='ltr'>licuit,</span> <span class='ocrx_word' id='word_1_62' title='bbox 679 1124 763 1188; x_wconf 88' lang='lat' dir='ltr'>idem</span> <span class='ocrx_word' id='word_1_63' title='bbox 785 1125 820 1189; x_wconf 90' lang='lat' dir='ltr'>in</span> <span class='ocrx_word' id='word_1_64' title='bbox 842 1125 942 1208; x_wconf 87' lang='lat' dir='ltr'>lyrico</span> <span class='ocrx_word' id='word_1_65' title='bbox 964 1147 1083 1210; x_wconf 85' lang='lat' dir='ltr'>genere</span> <span class='ocrx_word' id='word_1_66' title='bbox 1107 1126 1233 1190; x_wconf 85' lang='lat' dir='ltr'>licuisse</span> 
     </span>
     <span class='ocr_line' id='line_1_9' title="bbox 90 1235 1233 1325; baseline -0.005 -19"><span class='ocrx_word' id='word_1_67' title='bbox 90 1238 241 1324; x_wconf 85' lang='lat' dir='ltr'>Sophocli</span> <span class='ocrx_word' id='word_1_68' title='bbox 273 1240 404 1321; x_wconf 87' lang='lat' dir='ltr'>arguat:</span> <span class='ocrx_word' id='word_1_69' title='bbox 448 1235 512 1298; x_wconf 85' lang='lat' dir='ltr'>nisi</span> <span class='ocrx_word' id='word_1_70' title='bbox 543 1238 658 1325; x_wconf 20' lang='lat' dir='ltr'>tamen·</span> <span class='ocrx_word' id='word_1_71' title='bbox 686 1235 877 1320; x_wconf 86' lang='lat' dir='ltr'>gravissima</span> <span class='ocrx_word' id='word_1_72' title='bbox 913 1235 1071 1300; x_wconf 73' lang='lat' dir='ltr'>dubitatio</span> <span class='ocrx_word' id='word_1_73' title='bbox 1105 1236 1233 1301; x_wconf 87' lang='lat' dir='ltr'>aliunde</span> 
     </span>
     <span class='ocr_line' id='line_1_10' title="bbox 90 1344 1233 1430; baseline -0.003 -15"><span class='ocrx_word' id='word_1_74' title='bbox 90 1353 254 1415; x_wconf 85' lang='lat' dir='ltr'>nascatur.</span> <span class='ocrx_word' id='word_1_75' title='bbox 299 1344 375 1410; x_wconf 90' lang='lat' dir='ltr'>Non</span> <span class='ocrx_word' id='word_1_76' title='bbox 397 1345 597 1409; x_wconf 87' lang='lat' dir='ltr'>haerebimus</span> <span class='ocrx_word' id='word_1_77' title='bbox 620 1368 705 1409; x_wconf 92' lang='lat' dir='ltr'>nunc</span> <span class='ocrx_word' id='word_1_78' title='bbox 728 1346 763 1408; x_wconf 91' lang='lat' dir='ltr'>in</span> <span class='ocrx_word' id='word_1_79' title='bbox 785 1346 826 1411; x_wconf 90' lang='grc' dir='ltr'>οὐ</span> <span class='ocrx_word' id='word_1_80' title='bbox 846 1346 981 1412; x_wconf 78' lang='grc' dir='ltr'>-οὔτε</span> <span class='ocrx_word' id='word_1_81' title='bbox 1003 1347 1233 1430; x_wconf 88' lang='lat' dir='ltr'>particularum</span> 
     </span>
     <span class='ocr_line' id='line_1_11' title="bbox 90 1455 1233 1542; baseline -0.003 -18"><span class='ocrx_word' id='word_1_82' title='bbox 90 1460 260 1524; x_wconf 84' lang='lat' dir='ltr'>societate:</span> <span class='ocrx_word' id='word_1_83' title='bbox 283 1478 379 1540; x_wconf 90' lang='lat' dir='ltr'>quam</span> <span class='ocrx_word' id='word_1_84' title='bbox 400 1455 455 1519; x_wconf 91' lang='lat' dir='ltr'>diu</span> <span class='ocrx_word' id='word_1_85' title='bbox 477 1458 586 1519; x_wconf 87' lang='lat' dir='ltr'>estex</span> <span class='ocrx_word' id='word_1_86' title='bbox 608 1478 670 1538; x_wconf 90' lang='lat' dir='ltr'>quo</span> <span class='ocrx_word' id='word_1_87' title='bbox 693 1457 734 1519; x_wconf 91' lang='lat' dir='ltr'>ab</span> <span class='ocrx_word' id='word_1_88' title='bbox 757 1455 902 1519; x_wconf 81' lang='lat' dir='ltr'>Elmsleii</span> <span class='ocrx_word' id='word_1_89' title='bbox 923 1455 1122 1542; x_wconf 86' lang='lat' dir='ltr'>Reisigiique</span> <span class='ocrx_word' id='word_1_90' title='bbox 1144 1458 1233 1521; x_wconf 91' lang='lat' dir='ltr'>dubi-</span> 
     </span>
     <span class='ocr_line' id='line_1_12' title="bbox 90 1564 1233 1648; baseline -0.003 -14"><span class='ocrx_word' id='word_1_91' title='bbox 90 1568 269 1634; x_wconf 88' lang='lat' dir='ltr'>tationibus</span> <span class='ocrx_word' id='word_1_92' title='bbox 291 1568 331 1632; x_wconf 85' lang='grc' dir='ltr'>οὐ</span> <span class='ocrx_word' id='word_1_93' title='bbox 353 1603 395 1617; x_wconf 52' lang='grc' dir='ltr'>ν-</span> <span class='ocrx_word' id='word_1_94' title='bbox 418 1566 495 1631; x_wconf 86' lang='grc' dir='ltr'>οὐδέ</span> <span class='ocrx_word' id='word_1_95' title='bbox 519 1565 735 1648; x_wconf 85' lang='lat' dir='ltr'>expetentium</span> <span class='ocrx_word' id='word_1_96' title='bbox 763 1564 969 1630; x_wconf 86' lang='lat' dir='ltr'>Hermannus</span> <span class='ocrx_word' id='word_1_97' title='bbox 994 1567 1171 1632; x_wconf 82' lang='lat' dir='ltr'>vindicavit</span> <span class='ocrx_word' id='word_1_98' title='bbox 1198 1568 1233 1631; x_wconf 93' lang='lat' dir='ltr'>in</span> 
     </span>
     <span class='ocr_line' id='line_1_13' title="bbox 90 1674 1233 1763; baseline -0.002 -20"><span class='ocrx_word' id='word_1_99' title='bbox 90 1680 168 1743; x_wconf 79' lang='lat' dir='ltr'>Eur.</span> <span class='ocrx_word' id='word_1_100' title='bbox 192 1677 278 1741; x_wconf 87' lang='lat' dir='ltr'>Med.</span> <span class='ocrx_word' id='word_1_101' title='bbox 301 1698 334 1759; x_wconf 88' lang='lat' dir='ltr'>p.</span> <span class='ocrx_word' id='word_1_102' title='bbox 357 1676 421 1740; x_wconf 83' lang='grc'>330</span> <span class='ocrx_word' id='word_1_103' title='bbox 442 1697 510 1759; x_wconf 89' lang='lat' dir='ltr'>sqq.</span> <span class='ocrx_word' id='word_1_104' title='bbox 533 1676 598 1740; x_wconf 87' lang='grc'>400</span> <span class='ocrx_word' id='word_1_105' title='bbox 620 1698 687 1759; x_wconf 91' lang='lat' dir='ltr'>sqq.</span> <span class='ocrx_word' id='word_1_106' title='bbox 733 1674 853 1739; x_wconf 88' lang='lat' dir='ltr'>Verum</span> <span class='ocrx_word' id='word_1_107' title='bbox 880 1677 963 1759; x_wconf 92' lang='lat' dir='ltr'>quod</span> <span class='ocrx_word' id='word_1_108' title='bbox 991 1679 1109 1758; x_wconf 82' lang='grc' dir='ltr'>νεαρόε</span> <span class='ocrx_word' id='word_1_109' title='bbox 1137 1679 1233 1763; x_wconf 88' lang='lat' dir='ltr'>vulgo</span> 
     </span>
     <span class='ocr_line' id='line_1_14' title="bbox 92 1784 1233 1869; baseline 0 -17"><span class='ocrx_word' id='word_1_110' title='bbox 92 1789 233 1853; x_wconf 85' lang='lat' dir='ltr'>creditur</span> <span class='ocrx_word' id='word_1_111' title='bbox 260 1809 328 1850; x_wconf 84' lang='lat' dir='ltr'>esse</span> <span class='ocrx_word' id='word_1_112' title='bbox 354 1785 525 1867; x_wconf 77' lang='lat' dir='ltr'>‘iuvenis&#39;‚</span> <span class='ocrx_word' id='word_1_113' title='bbox 562 1784 595 1848; x_wconf 92' lang='lat' dir='ltr'>id</span> <span class='ocrx_word' id='word_1_114' title='bbox 618 1785 745 1869; x_wconf 88' lang='lat' dir='ltr'>quidem</span> <span class='ocrx_word' id='word_1_115' title='bbox 766 1808 895 1869; x_wconf 86' lang='lat' dir='ltr'>prorsus</span> <span class='ocrx_word' id='word_1_116' title='bbox 917 1786 1000 1850; x_wconf 88' lang='lat' dir='ltr'>falso</span> <span class='ocrx_word' id='word_1_117' title='bbox 1023 1788 1109 1851; x_wconf 89' lang='lat' dir='ltr'>credi</span> <span class='ocrx_word' id='word_1_118' title='bbox 1132 1789 1233 1852; x_wconf 91' lang='lat' dir='ltr'>soien-</span> 
     </span>
     <span class='ocr_line' id='line_1_15' title="bbox 93 1878 1233 1982; baseline 0 -19"><span class='ocrx_word' id='word_1_119' title='bbox 93 1900 168 1963; x_wconf 88' lang='lat' dir='ltr'>dum</span> <span class='ocrx_word' id='word_1_120' title='bbox 197 1902 260 1962; x_wconf 88' lang='lat' dir='ltr'>est:</span> <span class='ocrx_word' id='word_1_121' title='bbox 298 1895 339 1959; x_wconf 89' lang='lat' dir='ltr'>ad</span> <span class='ocrx_word' id='word_1_122' title='bbox 364 1899 509 1959; x_wconf 89' lang='lat' dir='ltr'>teneram</span> <span class='ocrx_word' id='word_1_123' title='bbox 542 1878 629 1958; x_wconf 87' lang='lat' dir='ltr'>enim</span> <span class='ocrx_word' id='word_1_124' title='bbox 662 1895 740 1958; x_wconf 88' lang='lat' dir='ltr'>illud</span> <span class='ocrx_word' id='word_1_125' title='bbox 768 1899 907 1960; x_wconf 90' lang='lat' dir='ltr'>aetatem</span> <span class='ocrx_word' id='word_1_126' title='bbox 940 1899 1110 1982; x_wconf 77' lang='lat' dir='ltr'>puerilem,</span> <span class='ocrx_word' id='word_1_127' title='bbox 1148 1899 1233 1963; x_wconf 87' lang='lat' dir='ltr'>haud</span> 
     </span>
     <span class='ocr_line' id='line_1_16' title="bbox 91 2005 1233 2094; baseline 0.002 -22"><span class='ocrx_word' id='word_1_128' title='bbox 91 2030 250 2094; x_wconf 88' lang='lat' dir='ltr'>quaquam</span> <span class='ocrx_word' id='word_1_129' title='bbox 279 2005 319 2069; x_wconf 91' lang='lat' dir='ltr'>ad</span> <span class='ocrx_word' id='word_1_130' title='bbox 346 2005 516 2070; x_wconf 89' lang='lat' dir='ltr'>iuvenilem</span> <span class='ocrx_word' id='word_1_131' title='bbox 545 2008 690 2088; x_wconf 86' lang='lat' dir='ltr'>spectare</span> <span class='ocrx_word' id='word_1_132' title='bbox 718 2007 862 2089; x_wconf 86' lang='lat' dir='ltr'>exempla</span> <span class='ocrx_word' id='word_1_133' title='bbox 884 2011 1050 2090; x_wconf 89' lang='lat' dir='ltr'>poetarum</span> <span class='ocrx_word' id='word_1_134' title='bbox 1072 2010 1113 2073; x_wconf 91' lang='lat' dir='ltr'>ad</span> <span class='ocrx_word' id='word_1_135' title='bbox 1135 2033 1233 2074; x_wconf 90' lang='lat' dir='ltr'>unum</span> 
     </span>
     <span class='ocr_line' id='line_1_17' title="bbox 92 2109 1358 2200; baseline 0.002 -18"><span class='ocrx_word' id='word_1_136' title='bbox 92 2118 200 2182; x_wconf 91' lang='lat' dir='ltr'>omnia</span> <span class='ocrx_word' id='word_1_137' title='bbox 223 2116 383 2181; x_wconf 86' lang='lat' dir='ltr'>evincunt.</span> <span class='ocrx_word' id='word_1_138' title='bbox 427 2114 575 2180; x_wconf 86' lang='lat' dir='ltr'>Infantes</span> <span class='ocrx_word' id='word_1_139' title='bbox 597 2114 756 2179; x_wconf 85' lang='lat' dir='ltr'>Homerus</span> <span class='ocrx_word' id='word_1_140' title='bbox 785 2117 906 2200; x_wconf 85' lang='lat' dir='ltr'>cogitat</span> <span class='ocrx_word' id='word_1_141' title='bbox 934 2133 1005 2182; x_wconf 80' lang='lat' dir='ltr'>cum·</span> <span class='ocrx_word' id='word_1_142' title='bbox 1027 2124 1137 2185; x_wconf 69' lang='lat' dir='ltr'>nobee</span> <span class='ocrx_word' id='word_1_143' title='bbox 1160 2142 1232 2186; x_wconf 81' lang='grc' dir='ltr'>νεα·</span> <span class='ocrx_word' id='word_1_144' title='bbox 1353 2109 1358 2114; x_wconf 57' lang='grc'><em>’</em></span> 
     </span>
     <span class='ocr_line' id='line_1_18' title="bbox 92 2224 1233 2312; baseline 0.002 -18"><span class='ocrx_word' id='word_1_145' title='bbox 92 2231 144 2310; x_wconf 89' lang='grc' dir='ltr'>ροὶ</span> <span class='ocrx_word' id='word_1_146' title='bbox 164 2228 259 2309; x_wconf 86' lang='grc' dir='ltr'>χῆραί</span> <span class='ocrx_word' id='word_1_147' title='bbox 280 2248 314 2292; x_wconf 86' lang='grc' dir='ltr'>τε</span> <span class='ocrx_word' id='word_1_148' title='bbox 336 2230 482 2302; x_wconf 81' lang='grc' dir='ltr'>γυναῖκεε</span> <span class='ocrx_word' id='word_1_149' title='bbox 504 2225 584 2289; x_wconf 88' lang='lat' dir='ltr'>dicit</span> <span class='ocrx_word' id='word_1_150' title='bbox 605 2224 715 2289; x_wconf 89' lang='lat' dir='ltr'>Iliadis</span> <span class='ocrx_word' id='word_1_151' title='bbox 738 2225 787 2308; x_wconf 80' lang='grc' dir='ltr'>ΙΙ,</span> <span class='ocrx_word' id='word_1_152' title='bbox 810 2227 888 2291; x_wconf 81' lang='lat'><strong>289:</strong></span> <span class='ocrx_word' id='word_1_153' title='bbox 922 2228 961 2291; x_wconf 92' lang='lat' dir='ltr'>de</span> <span class='ocrx_word' id='word_1_154' title='bbox 984 2251 1082 2312; x_wconf 90' lang='lat' dir='ltr'>puero</span> <span class='ocrx_word' id='word_1_155' title='bbox 1105 2234 1233 2296; x_wconf 86' lang='grc' dir='ltr'>διαυλο-</span> 
     </span>
     <span class='ocr_line' id='line_1_19' title="bbox 92 2335 1233 2423; baseline 0.002 -20"><span class='ocrx_word' id='word_1_156' title='bbox 92 2340 203 2422; x_wconf 82' lang='grc' dir='ltr'>δρόμῳ</span> <span class='ocrx_word' id='word_1_157' title='bbox 237 2336 393 2399; x_wconf 86' lang='lat' dir='ltr'>Pindarus</span> <span class='ocrx_word' id='word_1_158' title='bbox 426 2335 565 2418; x_wconf 76' lang='lat' dir='ltr'>loquItur</span> <span class='ocrx_word' id='word_1_159' title='bbox 597 2335 618 2398; x_wconf 94' lang='lat' dir='ltr'>l.</span> <span class='ocrx_word' id='word_1_160' title='bbox 648 2358 674 2398; x_wconf 87' lang='lat' dir='ltr'>s.</span> <span class='ocrx_word' id='word_1_161' title='bbox 703 2358 746 2399; x_wconf 89' lang='lat' dir='ltr'>s.:</span> <span class='ocrx_word' id='word_1_162' title='bbox 789 2335 828 2398; x_wconf 89' lang='lat' dir='ltr'>de</span> <span class='ocrx_word' id='word_1_163' title='bbox 861 2336 967 2401; x_wconf 90' lang='lat' dir='ltr'>filiolis</span> <span class='ocrx_word' id='word_1_164' title='bbox 1000 2339 1159 2423; x_wconf 83' lang='lat' dir='ltr'>Thyestae</span> <span class='ocrx_word' id='word_1_165' title='bbox 1192 2342 1233 2405; x_wconf 93' lang='lat' dir='ltr'>ab</span> 
     </span>
     <span class='ocr_line' id='line_1_20' title="bbox 94 2445 1233 2538; baseline 0.003 -26"><span class='ocrx_word' id='word_1_166' title='bbox 94 2450 196 2512; x_wconf 86' lang='lat' dir='ltr'>Atreo</span> <span class='ocrx_word' id='word_1_167' title='bbox 223 2446 372 2511; x_wconf 84' lang='lat' dir='ltr'>mactatis</span> <span class='ocrx_word' id='word_1_168' title='bbox 400 2445 487 2509; x_wconf 89' lang='lat' dir='ltr'>dicta</span> <span class='ocrx_word' id='word_1_169' title='bbox 514 2448 589 2508; x_wconf 89' lang='lat' dir='ltr'>sunt</span> <span class='ocrx_word' id='word_1_170' title='bbox 615 2447 728 2511; x_wconf 86' lang='grc' dir='ltr'>τέλεον</span> <span class='ocrx_word' id='word_1_171' title='bbox 756 2451 885 2525; x_wconf 84' lang='grc' dir='ltr'>νεαροῑε</span> <span class='ocrx_word' id='word_1_172' title='bbox 912 2448 1059 2516; x_wconf 81' lang='grc' dir='ltr'>ἐπιθύεαι</span> <span class='ocrx_word' id='word_1_173' title='bbox 1088 2451 1123 2514; x_wconf 89' lang='lat' dir='ltr'>in</span> <span class='ocrx_word' id='word_1_174' title='bbox 1145 2453 1233 2538; x_wconf 89' lang='lat' dir='ltr'>Aga-</span> 
     </span>
     <span class='ocr_line' id='line_1_21' title="bbox 93 2553 1233 2627; baseline 0.004 -4"><span class='ocrx_word' id='word_1_175' title='bbox 93 2578 263 2623; x_wconf 90' lang='lat' dir='ltr'>memnone</span> <span class='ocrx_word' id='word_1_176' title='bbox 289 2579 319 2621; x_wconf 91' lang='lat' dir='ltr'>v.</span> <span class='ocrx_word' id='word_1_177' title='bbox 346 2555 427 2620; x_wconf 78' lang='lat'><strong>1472</strong></span> <span class='ocrx_word' id='word_1_178' title='bbox 461 2553 510 2618; x_wconf 92' lang='lat' dir='ltr'>ed.</span> <span class='ocrx_word' id='word_1_179' title='bbox 539 2553 666 2619; x_wconf 84' lang='lat' dir='ltr'>Herm:</span> <span class='ocrx_word' id='word_1_180' title='bbox 704 2556 884 2620; x_wconf 88' lang='lat' dir='ltr'>adultomm</span> <span class='ocrx_word' id='word_1_181' title='bbox 912 2562 945 2622; x_wconf 90' lang='lat' dir='ltr'>et</span> <span class='ocrx_word' id='word_1_182' title='bbox 971 2560 1114 2625; x_wconf 92' lang='lat' dir='ltr'>nondum</span> <span class='ocrx_word' id='word_1_183' title='bbox 1146 2563 1233 2627; x_wconf 89' lang='lat' dir='ltr'>adul-</span> 
     </span>
     <span class='ocr_line' id='line_1_22' title="bbox 93 2664 1233 2751; baseline 0.004 -17"><span class='ocrx_word' id='word_1_184' title='bbox 93 2673 199 2734; x_wconf 89' lang='lat' dir='ltr'>torum</span> <span class='ocrx_word' id='word_1_185' title='bbox 226 2665 385 2751; x_wconf 87' lang='lat' dir='ltr'>oppositio</span> <span class='ocrx_word' id='word_1_186' title='bbox 411 2665 449 2728; x_wconf 87' lang='lat' dir='ltr'>fit</span> <span class='ocrx_word' id='word_1_187' title='bbox 474 2664 593 2729; x_wconf 88' lang='lat' dir='ltr'>ibidem</span> <span class='ocrx_word' id='word_1_188' title='bbox 620 2689 650 2729; x_wconf 92' lang='lat' dir='ltr'>v.</span> <span class='ocrx_word' id='word_1_189' title='bbox 674 2666 737 2730; x_wconf 88' lang='grc'>344</span> <span class='ocrx_word' id='word_1_190' title='bbox 762 2669 837 2748; x_wconf 89' lang='grc' dir='ltr'>μήτε</span> <span class='ocrx_word' id='word_1_191' title='bbox 860 2670 959 2746; x_wconf 90' lang='grc' dir='ltr'>μέγαν</span> <span class='ocrx_word' id='word_1_192' title='bbox 982 2672 1055 2750; x_wconf 81' lang='grc' dir='ltr'>μήτ’</span> <span class='ocrx_word' id='word_1_193' title='bbox 1078 2672 1137 2739; x_wconf 84' lang='grc' dir='ltr'>οὖν</span> <span class='ocrx_word' id='word_1_194' title='bbox 1160 2696 1233 2741; x_wconf 90' lang='grc' dir='ltr'>νεα-</span> 
     </span>
     <span class='ocr_line' id='line_1_23' title="bbox 94 2776 1233 2863; baseline 0.004 -18"><span class='ocrx_word' id='word_1_195' title='bbox 94 2785 164 2860; x_wconf 85' lang='grc' dir='ltr'>ρῶν</span> <span class='ocrx_word' id='word_1_196' title='bbox 193 2799 283 2854; x_wconf 77' lang='grc' dir='ltr'>τινα,</span> <span class='ocrx_word' id='word_1_197' title='bbox 314 2776 392 2839; x_wconf 86' lang='lat' dir='ltr'>item</span> <span class='ocrx_word' id='word_1_198' title='bbox 424 2796 592 2859; x_wconf 85' lang='lat' dir='ltr'>puerorum</span> <span class='ocrx_word' id='word_1_199' title='bbox 626 2797 799 2860; x_wconf 90' lang='lat' dir='ltr'>senumque</span> <span class='ocrx_word' id='word_1_200' title='bbox 831 2800 861 2841; x_wconf 87' lang='lat' dir='ltr'>v.</span> <span class='ocrx_word' id='word_1_201' title='bbox 896 2779 936 2842; x_wconf 80' lang='lat'>76</span> <span class='ocrx_word' id='word_1_202' title='bbox 968 2784 1085 2860; x_wconf 73' lang='grc' dir='ltr'>νεαρὸς</span> <span class='ocrx_word' id='word_1_203' title='bbox 1118 2786 1233 2863; x_wconf 79' lang='grc' dir='ltr'>μυελό(</span> 
     </span>
     <span class='ocr_line' id='line_1_24' title="bbox 94 2885 1233 2977; baseline 0.003 -23"><span class='ocrx_word' id='word_1_204' title='bbox 94 2891 194 2975; x_wconf 81' lang='grc' dir='ltr'>(ἰεχὺε</span> <span class='ocrx_word' id='word_1_205' title='bbox 220 2887 356 2972; x_wconf 83' lang='grc' dir='ltr'>ἰεόπαιε)</span> <span class='ocrx_word' id='word_1_206' title='bbox 389 2889 422 2949; x_wconf 89' lang='lat' dir='ltr'>et</span> <span class='ocrx_word' id='word_1_207' title='bbox 449 2885 648 2966; x_wconf 74' lang='grc' dir='ltr'>ἰεόπρεεβοεε</span> <span class='ocrx_word' id='word_1_208' title='bbox 684 2887 851 2968; x_wconf 88' lang='lat' dir='ltr'>puerulum</span> <span class='ocrx_word' id='word_1_209' title='bbox 884 2889 1029 2953; x_wconf 88' lang='lat' dir='ltr'>Orestem</span> <span class='ocrx_word' id='word_1_210' title='bbox 1060 2890 1233 2977; x_wconf 82' lang='lat' dir='ltr'>Iphigenia</span> 
     </span>
     <span class='ocr_line' id='line_1_25' title="bbox 93 2996 1233 3083; baseline 0.004 -20"><span class='ocrx_word' id='word_1_211' title='bbox 93 2999 174 3063; x_wconf 89' lang='lat' dir='ltr'>dicit</span> <span class='ocrx_word' id='word_1_212' title='bbox 196 2999 317 3079; x_wconf 83' lang='grc' dir='ltr'>βρέφοε</span> <span class='ocrx_word' id='word_1_213' title='bbox 339 2997 452 3062; x_wconf 83' lang='grc' dir='ltr'>ἔλιπον</span> <span class='ocrx_word' id='word_1_214' title='bbox 474 2996 624 3071; x_wconf 78' lang='grc' dir='ltr'>ἀγκάλαι(</span> <span class='ocrx_word' id='word_1_215' title='bbox 639 2998 758 3077; x_wconf 91' lang='grc' dir='ltr'>νεαρὸν</span> <span class='ocrx_word' id='word_1_216' title='bbox 774 3003 913 3080; x_wconf 83' lang='grc' dir='ltr'>τροφοῦ,</span> <span class='ocrx_word' id='word_1_217' title='bbox 938 3001 1056 3079; x_wconf 90' lang='grc' dir='ltr'>νεαρὸν</span> <span class='ocrx_word' id='word_1_218' title='bbox 1072 3003 1107 3066; x_wconf 89' lang='grc' dir='ltr'>ἐν</span> <span class='ocrx_word' id='word_1_219' title='bbox 1123 3004 1233 3083; x_wconf 77' lang='grc' dir='ltr'>δόμοι(</span> 
     </span>
     <span class='ocr_line' id='line_1_26' title="bbox 93 3104 1233 3195; baseline 0.002 -22"><span class='ocrx_word' id='word_1_220' title='bbox 93 3132 125 3173; x_wconf 89' lang='lat' dir='ltr'>v.</span> <span class='ocrx_word' id='word_1_221' title='bbox 150 3109 212 3173; x_wconf 81' lang='lat'>835</span> <span class='ocrx_word' id='word_1_222' title='bbox 235 3106 284 3170; x_wconf 82' lang='lat' dir='ltr'>ed.</span> <span class='ocrx_word' id='word_1_223' title='bbox 306 3106 448 3171; x_wconf 71' lang='lat' dir='ltr'>Nauck:</span> <span class='ocrx_word' id='word_1_224' title='bbox 477 3104 672 3189; x_wconf 84' lang='lat' dir='ltr'>Ganymedis</span> <span class='ocrx_word' id='word_1_225' title='bbox 695 3108 853 3186; x_wconf 83' lang='grc' dir='ltr'>πρόεωπα</span> <span class='ocrx_word' id='word_1_226' title='bbox 875 3110 976 3188; x_wconf 87' lang='grc' dir='ltr'>νεαρά</span> <span class='ocrx_word' id='word_1_227' title='bbox 999 3109 1082 3174; x_wconf 90' lang='lat' dir='ltr'>idem</span> <span class='ocrx_word' id='word_1_228' title='bbox 1105 3111 1233 3195; x_wconf 81' lang='lat' dir='ltr'>Euripi-</span> 
     </span>
     <span class='ocr_line' id='line_1_27' title="bbox 93 3214 1233 3299; baseline 0.003 -15"><span class='ocrx_word' id='word_1_229' title='bbox 93 3221 151 3284; x_wconf 85' lang='lat' dir='ltr'>des</span> <span class='ocrx_word' id='word_1_230' title='bbox 172 3218 288 3282; x_wconf 79' lang='lat' dir='ltr'>&#39;Proad</span> <span class='ocrx_word' id='word_1_231' title='bbox 312 3216 388 3281; x_wconf 83' lang='lat'>835:</span> <span class='ocrx_word' id='word_1_232' title='bbox 412 3214 502 3299; x_wconf 90' lang='lat' dir='ltr'>quasi</span> <span class='ocrx_word' id='word_1_233' title='bbox 524 3216 678 3297; x_wconf 83' lang='lat' dir='ltr'>puerilem</span> <span class='ocrx_word' id='word_1_234' title='bbox 700 3216 905 3281; x_wconf 83' lang='lat' dir='ltr'>teneritatem</span> <span class='ocrx_word' id='word_1_235' title='bbox 928 3228 961 3283; x_wconf 89' lang='lat' dir='ltr'>et</span> <span class='ocrx_word' id='word_1_236' title='bbox 982 3221 1148 3285; x_wconf 90' lang='lat' dir='ltr'>mollitiem</span> <span class='ocrx_word' id='word_1_237' title='bbox 1170 3225 1233 3287; x_wconf 89' lang='lat' dir='ltr'>oris</span> 
     </span>
     <span class='ocr_line' id='line_1_28' title="bbox 93 3324 1232 3418; baseline 0.004 -25"><span class='ocrx_word' id='word_1_238' title='bbox 93 3331 180 3393; x_wconf 87' lang='lat' dir='ltr'>idem</span> <span class='ocrx_word' id='word_1_239' title='bbox 201 3327 364 3413; x_wconf 88' lang='lat' dir='ltr'>significat</span> <span class='ocrx_word' id='word_1_240' title='bbox 379 3324 556 3409; x_wconf 90' lang='lat' dir='ltr'>Hippolyto</span> <span class='ocrx_word' id='word_1_241' title='bbox 578 3326 693 3406; x_wconf 81' lang='grc' dir='ltr'>εάρκαε</span> <span class='ocrx_word' id='word_1_242' title='bbox 715 3329 832 3407; x_wconf 82' lang='grc' dir='ltr'>νεαράε</span> <span class='ocrx_word' id='word_1_243' title='bbox 855 3330 973 3397; x_wconf 83' lang='grc' dir='ltr'>ξανθόν</span> <span class='ocrx_word' id='word_1_244' title='bbox 994 3353 1028 3396; x_wconf 90' lang='grc' dir='ltr'>τε</span> <span class='ocrx_word' id='word_1_245' title='bbox 1050 3333 1131 3413; x_wconf 87' lang='grc' dir='ltr'>κάρα</span> <span class='ocrx_word' id='word_1_246' title='bbox 1153 3334 1232 3418; x_wconf 81' lang='grc' dir='ltr'>(οια-</span> 
     </span>
     <span class='ocr_line' id='line_1_29' title="bbox 92 3433 1234 3528; baseline 0.002 -23"><span class='ocrx_word' id='word_1_247' title='bbox 92 3439 275 3523; x_wconf 80' lang='grc' dir='ltr'>λυμανθείι)</span> <span class='ocrx_word' id='word_1_248' title='bbox 311 3436 456 3500; x_wconf 88' lang='lat' dir='ltr'>tribuens</span> <span class='ocrx_word' id='word_1_249' title='bbox 492 3433 592 3518; x_wconf 92' lang='lat' dir='ltr'>Hipp.</span> <span class='ocrx_word' id='word_1_250' title='bbox 634 3436 725 3499; x_wconf 87' lang='lat'>1343.</span> <span class='ocrx_word' id='word_1_251' title='bbox 777 3435 846 3501; x_wconf 90' lang='lat' dir='ltr'>Nec</span> <span class='ocrx_word' id='word_1_252' title='bbox 882 3438 1040 3504; x_wconf 88' lang='lat' dir='ltr'>Pindarus</span> <span class='ocrx_word' id='word_1_253' title='bbox 1074 3447 1234 3528; x_wconf 88' lang='lat' dir='ltr'>repugnat</span> 
     </span>
     <span class='ocr_line' id='line_1_30' title="bbox 92 3546 1233 3634; baseline 0.006 -24"><span class='ocrx_word' id='word_1_254' title='bbox 92 3551 207 3615; x_wconf 82' lang='lat' dir='ltr'>Isthm.</span> <span class='ocrx_word' id='word_1_255' title='bbox 230 3547 326 3630; x_wconf 80' lang='lat' dir='ltr'>vm,</span> <span class='ocrx_word' id='word_1_256' title='bbox 349 3547 405 3611; x_wconf 81' lang='lat'>47:</span> <span class='ocrx_word' id='word_1_257' title='bbox 439 3547 489 3610; x_wconf 88' lang='grc' dir='ltr'>καὶ</span> <span class='ocrx_word' id='word_1_258' title='bbox 511 3547 631 3625; x_wconf 89' lang='grc' dir='ltr'>νεαρὰν</span> <span class='ocrx_word' id='word_1_259' title='bbox 654 3546 776 3613; x_wconf 80' lang='grc' dir='ltr'>ἔδειξαν</span> <span class='ocrx_word' id='word_1_260' title='bbox 799 3553 913 3627; x_wconf 70' lang='lat' dir='ltr'>topos</span> <span class='ocrx_word' id='word_1_261' title='bbox 937 3552 1069 3631; x_wconf 66' lang='grc' dir='ltr'>πόματ’</span> <span class='ocrx_word' id='word_1_262' title='bbox 1091 3555 1233 3634; x_wconf 86' lang='grc' dir='ltr'>ἀπείροι-</span> 
     </span>
     <span class='ocr_line' id='line_1_31' title="bbox 92 3655 1293 3747; baseline 0.004 -20"><span class='ocrx_word' id='word_1_263' title='bbox 92 3683 143 3727; x_wconf 79' lang='grc' dir='ltr'>(ιν</span> <span class='ocrx_word' id='word_1_264' title='bbox 161 3661 283 3740; x_wconf 85' lang='grc' dir='ltr'>-ἀρετὰν</span> <span class='ocrx_word' id='word_1_265' title='bbox 298 3657 455 3737; x_wconf 80' lang='grc' dir='ltr'>Ἀχιλέοεε</span> <span class='ocrx_word' id='word_1_266' title='bbox 477 3655 708 3719; x_wconf 88' lang='lat' dir='ltr'>recordandum</span> <span class='ocrx_word' id='word_1_267' title='bbox 724 3659 773 3720; x_wconf 90' lang='lat' dir='ltr'>est</span> <span class='ocrx_word' id='word_1_268' title='bbox 788 3658 875 3721; x_wconf 91' lang='lat' dir='ltr'>enirn</span> <span class='ocrx_word' id='word_1_269' title='bbox 897 3682 1069 3726; x_wconf 84' lang='lat' dir='ltr'>sexennem</span> <span class='ocrx_word' id='word_1_270' title='bbox 1093 3665 1234 3747; x_wconf 87' lang='lat' dir='ltr'>coepisse</span> <span class='ocrx_word' id='word_1_271' title='bbox 1256 3684 1293 3734; x_wconf 85' lang='grc' dir='ltr'>ινι</span> 
     </span>
     <span class='ocr_line' id='line_1_32' title="bbox 94 3764 1233 3838; baseline 0.002 -2"><span class='ocrx_word' id='word_1_272' title='bbox 94 3770 255 3836; x_wconf 85' lang='lat' dir='ltr'>Achillem</span> <span class='ocrx_word' id='word_1_273' title='bbox 276 3767 404 3831; x_wconf 82' lang='lat' dir='ltr'>virtutis</span> <span class='ocrx_word' id='word_1_274' title='bbox 425 3765 572 3829; x_wconf 85' lang='lat' dir='ltr'>iuvenilis</span> <span class='ocrx_word' id='word_1_275' title='bbox 595 3764 785 3830; x_wconf 87' lang='lat' dir='ltr'>documenta</span> <span class='ocrx_word' id='word_1_276' title='bbox 808 3768 900 3833; x_wconf 89' lang='lat' dir='ltr'>edere</span> <span class='ocrx_word' id='word_1_277' title='bbox 924 3771 1033 3836; x_wconf 89' lang='lat' dir='ltr'>eodem</span> <span class='ocrx_word' id='word_1_278' title='bbox 1054 3777 1136 3838; x_wconf 88' lang='lat' dir='ltr'>teste</span> <span class='ocrx_word' id='word_1_279' title='bbox 1150 3774 1233 3838; x_wconf 75' lang='lat' dir='ltr'>&#39;Pin-</span> 
     </span>
     <span class='ocr_line' id='line_1_33' title="bbox 92 3876 1232 3966; baseline 0.004 -21"><span class='ocrx_word' id='word_1_280' title='bbox 92 3881 173 3945; x_wconf 88' lang='lat' dir='ltr'>daro</span> <span class='ocrx_word' id='word_1_281' title='bbox 194 3879 287 3944; x_wconf 89' lang='lat' dir='ltr'>Nem.</span> <span class='ocrx_word' id='word_1_282' title='bbox 310 3876 370 3959; x_wconf 89' lang='lat' dir='ltr'>Ill,</span> <span class='ocrx_word' id='word_1_283' title='bbox 393 3876 435 3940; x_wconf 89' lang='grc'>49</span> <span class='ocrx_word' id='word_1_284' title='bbox 463 3876 584 3960; x_wconf 84' lang='grc' dir='ltr'>(ἑξέτηε</span> <span class='ocrx_word' id='word_1_285' title='bbox 605 3881 788 3961; x_wconf 75' lang='grc' dir='ltr'>τοπρῶτον,</span> <span class='ocrx_word' id='word_1_286' title='bbox 812 3879 893 3946; x_wconf 86' lang='grc' dir='ltr'>ὅλον</span> <span class='ocrx_word' id='word_1_287' title='bbox 916 3884 949 3946; x_wconf 84' lang='grc' dir='ltr'>δ’</span> <span class='ocrx_word' id='word_1_288' title='bbox 970 3884 1072 3949; x_wconf 82' lang='grc' dir='ltr'>ἔπειτ’</span> <span class='ocrx_word' id='word_1_289' title='bbox 1094 3885 1135 3952; x_wconf 83' lang='grc' dir='ltr'>ἀν</span> <span class='ocrx_word' id='word_1_290' title='bbox 1158 3887 1232 3966; x_wconf 91' lang='grc' dir='ltr'>χρό-</span> 
     </span>
     <span class='ocr_line' id='line_1_34' title="bbox 90 3985 1234 4077; baseline 0.001 -19"><span class='ocrx_word' id='word_1_291' title='bbox 90 3993 188 4076; x_wconf 80' lang='grc' dir='ltr'>νον),</span> <span class='ocrx_word' id='word_1_292' title='bbox 221 4008 401 4053; x_wconf 90' lang='lat' dir='ltr'>novennem</span> <span class='ocrx_word' id='word_1_293' title='bbox 428 3989 535 4049; x_wconf 90' lang='lat' dir='ltr'>autem</span> <span class='ocrx_word' id='word_1_294' title='bbox 563 3985 689 4049; x_wconf 88' lang='lat' dir='ltr'>filiabus</span> <span class='ocrx_word' id='word_1_295' title='bbox 721 3985 904 4070; x_wconf 82' lang='lat' dir='ltr'>Lycomedis</span> <span class='ocrx_word' id='word_1_296' title='bbox 926 4013 960 4055; x_wconf 87' lang='lat' dir='ltr'>se</span> <span class='ocrx_word' id='word_1_297' title='bbox 982 3993 1132 4077; x_wconf 82' lang='lat' dir='ltr'>miscere,</span> <span class='ocrx_word' id='word_1_298' title='bbox 1168 4017 1234 4059; x_wconf 90' lang='lat' dir='ltr'>non</span> 
     </span>
     <span class='ocr_line' id='line_1_35' title="bbox 89 4094 1231 4188; baseline 0.002 -21"><span class='ocrx_word' id='word_1_299' title='bbox 89 4102 239 4188; x_wconf 84' lang='lat' dir='ltr'>prolecto</span> <span class='ocrx_word' id='word_1_300' title='bbox 260 4099 407 4162; x_wconf 88' lang='lat' dir='ltr'>iuvenem</span> <span class='ocrx_word' id='word_1_301' title='bbox 430 4094 485 4158; x_wconf 87' lang='lat' dir='ltr'>sed</span> <span class='ocrx_word' id='word_1_302' title='bbox 508 4094 791 4181; x_wconf 81' lang='lat' dir='ltr'>adulescentulum,</span> <span class='ocrx_word' id='word_1_303' title='bbox 816 4103 944 4164; x_wconf 88' lang='lat' dir='ltr'>auctore</span> <span class='ocrx_word' id='word_1_304' title='bbox 960 4104 1154 4186; x_wconf 88' lang='lat' dir='ltr'>Apollodoro</span> <span class='ocrx_word' id='word_1_305' title='bbox 1171 4105 1231 4188; x_wconf 85' lang='lat' dir='ltr'>III,</span> 
     </span>
     <span class='ocr_line' id='line_1_36' title="bbox 93 4206 1355 4313; baseline 0.003 -36"><span class='ocrx_word' id='word_1_306' title='bbox 93 4216 146 4296; x_wconf 77' lang='lat'>13,</span> <span class='ocrx_word' id='word_1_307' title='bbox 170 4213 201 4293; x_wconf 83' lang='lat'>8,</span> <span class='ocrx_word' id='word_1_308' title='bbox 225 4211 276 4275; x_wconf 88' lang='lat' dir='ltr'>vel</span> <span class='ocrx_word' id='word_1_309' title='bbox 299 4207 372 4271; x_wconf 75' lang='lat' dir='ltr'>‘vix</span> <span class='ocrx_word' id='word_1_310' title='bbox 393 4206 443 4271; x_wconf 84' lang='lat' dir='ltr'>bis</span> <span class='ocrx_word' id='word_1_311' title='bbox 465 4226 558 4269; x_wconf 88' lang='lat' dir='ltr'>senos</span> <span class='ocrx_word' id='word_1_312' title='bbox 582 4212 701 4268; x_wconf 85' lang='lat' dir='ltr'>annos’</span> <span class='ocrx_word' id='word_1_313' title='bbox 725 4213 876 4292; x_wconf 90' lang='lat' dir='ltr'>agentem</span> <span class='ocrx_word' id='word_1_314' title='bbox 898 4214 1071 4277; x_wconf 85' lang='lat' dir='ltr'>secundum</span> <span class='ocrx_word' id='word_1_315' title='bbox 1094 4215 1233 4280; x_wconf 84' lang='lat' dir='ltr'>Statium</span> <span class='ocrx_word' id='word_1_316' title='bbox 1345 4295 1355 4313; x_wconf 49' lang='lat'><strong>·</strong></span> 
     </span>
     <span class='ocr_line' id='line_1_37' title="bbox 88 4316 1279 4413; baseline -0.003 -19"><span class='ocrx_word' id='word_1_317' title='bbox 88 4322 214 4391; x_wconf 84' lang='lat' dir='ltr'>Achill·</span> <span class='ocrx_word' id='word_1_318' title='bbox 242 4319 294 4402; x_wconf 82' lang='lat' dir='ltr'>II,</span> <span class='ocrx_word' id='word_1_319' title='bbox 322 4317 401 4399; x_wconf 71' lang='lat'>395,</span> <span class='ocrx_word' id='word_1_320' title='bbox 436 4316 524 4379; x_wconf 67' lang='lat' dir='ltr'>brevi</span> <span class='ocrx_word' id='word_1_321' title='bbox 553 4319 659 4378; x_wconf 70' lang='lat' dir='ltr'>³11le</span> <span class='ocrx_word' id='word_1_322' title='bbox 685 4326 839 4413; x_wconf 88' lang='lat' dir='ltr'>temporis</span> <span class='ocrx_word' id='word_1_323' title='bbox 866 4323 971 4405; x_wconf 86' lang='lat' dir='ltr'>spatio</span> <span class='ocrx_word' id='word_1_324' title='bbox 997 4325 1165 4390; x_wconf 88' lang='lat' dir='ltr'>interiecto</span> <span class='ocrx_word' id='word_1_325' title='bbox 1192 4325 1233 4392; x_wconf 86' lang='lat' dir='ltr'>ad</span> <span class='ocrx_word' id='word_1_326' title='bbox 1275 4349 1279 4356; x_wconf 92' lang='lat'><strong>·</strong></span> 
     </span>
    </p>
   </div>
   <div class='ocr_carea' id='block_1_3' title="bbox 0 0 1481 4996">
    <p class='ocr_par' dir='ltr' id='par_1_3' title="bbox 0 0 1481 4996">
     <span class='ocr_line' id='line_1_38' title="bbox 0 0 1481 4996; baseline 0 0"><span class='ocrx_word' id='word_1_327' title='bbox 0 0 1481 4996; x_wconf 95' lang='lat' dir='ltr'> </span> 
     </span>
    </p>
   </div>
  </div>
 </body>
</html>
