2948 4996
256 317 319 385 418
696 333 743 388 oa
766 307 966 390 aurisonis

258 491 480 574 Casaubonus,
511 491 599 557 cuius
627 491 751 578 ingenii
779 493 880 558 aciem
902 493 1028 558 nescias
1056 515 1098 557 an
1120 488 1239 559 mentis
1268 490 1404 579 pruden-

257 601 337 665 tiam
359 602 458 686 pluris
480 603 582 667 facias
605 624 677 667 cum
703 603 859 667 imm‘ensa
882 603 1086 669 coniunctam
1110 608 1142 668 et
1164 606 1351 690 huguarum
1373 614 1404 672 et

256 711 462 776 historiarum
490 712 682 796 eruditione,
713 715 747 778 iu
775 713 832 777 illa
854 714 1039 798 quaestione
1068 715 1238 779 aberrare
1265 717 1328 781 sibi
1350 741 1404 802 po-

255 823 318 885 tuit
340 845 461 887 cavere.
507 823 538 887 ls
561 823 647 887 enim
669 823 777 887 adnot.
802 824 836 888 in
852 823 972 888 Athen.
988 825 1019 889 V
1041 848 1073 908 p.
1090 826 1152 889 217
1170 830 1205 909 E,
1230 831 1401 912 postquam

254 932 438 1017 ingeniose,
462 956 543 1017 quae
566 938 650 997 esset
672 934 712 997 ad
735 934 943 998 emaculanda
966 933 1127 999 Athenaei
1149 937 1248 1001 verba
1272 939 1325 1002 via
1355 938 1401 1002 in-

255 1043 433 1127 stituenda,
471 1045 659 1144 perspexit,
689 1048 799 1107 tamen
826 1066 1009 1127 perversam
1038 1046 1073 1110 in
1095 1042 1222 1130 partem
1250 1070 1327 1111 usus
1355 1054 1401 1113 est

255 1151 420 1217 Diodori
444 1154 565 1237 verbis,
599 1154 652 1238 qui
675 1153 814 1218 Lachete
843 1155 996 1219 archonte
1019 1155 1069 1218 vel
1097 1155 1138 1219 ol.
1163 1155 1358 1240 LXXXXV,
1385 1160 1397 1221 l

254 1262 334 1326 haec
356 1285 424 1328 esse
445 1267 537 1349 gesta
560 1267 672 1328 narrat
694 1264 766 1328 libri
783 1263 861 1328 XIV
884 1286 910 1328 c.
927 1266 985 1345 37:
1014 1266 1093 1331 κατὰ
1114 1269 1149 1331 δέ
1172 1270 1231 1346 τὴν
1257 1271 1399 1334 Μακεδο-

253 1374 325 1439 νίαν
348 1376 518 1454 Ἀρχέλαος
547 1375 566 1438 δ
591 1377 735 1455 βαςιλεὺς
755 1413 797 1423 -
819 1377 876 1441 τὸν
907 1376 976 1456 βίον
999 1371 1186 1458 μετήλλαξε,
1217 1380 1399 1457 βαςιλεύςας

253 1485 307 1563 ἔτη
330 1485 419 1550 ἑπτά.
458 1484 526 1560 Quo
548 1485 732 1548 testimonio
755 1486 800 1549 lta
823 1486 937 1550 nititur
953 1484 1171 1570 Casaubonus,
1195 1491 1231 1550 ut
1248 1488 1398 1552 Archelai

252 1595 421 1678 imperium
443 1594 484 1658 ol.
507 1593 613 1660 XCIII
637 1618 722 1658 anno
744 1597 764 1659 3
787 1599 820 1660 et
842 1596 881 1660 ol.
902 1595 990 1661 XCV
1013 1618 1099 1660 anno
1120 1597 1141 1659 2
1163 1596 1312 1661 definiat:
1337 1599 1397 1663 col·

252 1704 462 1789 laudaturque
491 1727 510 1768 a
535 1703 665 1788 Baylio,
697 1705 864 1769 Perizonio
888 1706 928 1770 ad
950 1706 1139 1788 Aelianum,
1173 1707 1256 1771 aliis,
1274 1709 1306 1793 ¹¹)
1351 1710 1397 1773 Ac

252 1815 321 1879 leve
351 1818 414 1899 cst,
443 1816 525 1898 quod
547 1815 721 1879 Lachetem
750 1815 896 1879 confudit
924 1839 995 1880 cum
1022 1817 1239 1900 Aristocrate3
1268 1819 1396 1902 gravius

253 1927 374 2007 autem,
405 1925 488 2009 quod
509 1925 566 1989 illa
589 1925 685 1989 verba
708 1948 774 1989 non
796 1948 889 2010 posse
912 1930 958 1990 sic
980 1927 1101 2010 scripta
1124 1948 1192 1991 esse
1216 1949 1236 1989 a
1258 1927 1397 1991 Diodoro

251 2035 383 2099 minime
405 2036 582 2119 perspexit:
610 2036 727 2120 quippe
750 2036 886 2100 eundem
909 2037 1104 2100 Archelaum
1130 2036 1215 2100 idem
1239 2037 1396 2102 Diodorus

251 2146 424 2229 scripserat
446 2145 536 2228 XIII,
560 2148 601 2210 49
628 2145 775 2229 Pydnam
804 2168 1004 2231 expugnasse
1027 2146 1180 2210 archonte
1204 2146 1395 2231 Glaucippo,

250 2256 311 2320 hoc
334 2262 383 2320 est
404 2257 445 2320 ol.
470 2255 570 2339 thll,
594 2258 629 2321 3:
653 2260 687 2319 ut
709 2257 877 2319 minimum
898 2256 1007 2321 decem
1028 2277 1184 2320 annornm
1207 2257 1277 2321 eins
1300 2258 1395 2341 impe·

251 2367 334 2429 rium
348 2367 456 2430 fuerit.
501 2366 646 2431 Prudens
669 2366 754 2429 enim
778 2366 891 2430 omitto
913 2369 1048 2430 mortem
1063 2366 1240 2450 Euripidis,
1265 2369 1320 2452 qui
1344 2369 1395 2432 illo

251 2476 321 2559 ipso
343 2477 462 2560 olymp.
481 2476 586 2541 XCIII
610 2465 695 2540 anim
718 2477 813 2540 tertio
835 2480 978 2540 mortuus
1001 2498 1068 2540 esse
1092 2476 1176 2560 apud
1198 2477 1395 2542 Archelaum

251 2570 397 2649 dicitur.
424 2586 624 2670 Quapropter
658 2587 871 2670 corruptelam
904 2586 1065 2671 quandam
1097 2586 1201 2650 inesse
1231 2589 1267 2651 in
1302 2590 1395 2655 ἑπτά

251 2717 327 2759 voce
350 2697 463 2760 merito
487 2698 611 2761 censuit
633 2696 786 2781 Lydiatus
808 2721 840 2781 p.
858 2698 894 2781 8,
924 2697 1041 2760 nimius
1063 2697 1118 2761 ille
1146 2697 1181 2761 in
1205 2699 1395 2783 corrigendo

251 2829 408 2870 annorum
435 2830 583 2872 numero:
622 2829 683 2890 quo
712 2807 819 2889 paullo
853 2806 1082 2871 consideratius
1116 2807 1184 2891 egit
1212 2808 1394 2872 Dodwellus

251 2918 271 2981 l.
298 2940 324 2981 c.
348 2941 380 3002 p.
407 2919 444 2982 18
464 2925 497 3002 u,
535 2919 569 2980 in
599 2917 685 2980 cuius
715 2917 876 2981 sententia
903 2917 1136 3002 Wesselingius
1165 2919 1329 3001 acquievit
1356 2918 1394 2982 ad

317 3156 341 3224 *)
362 3153 409 3224 [Vt
426 3153 543 3223 planius,
563 3153 628 3220 qnid
647 3153 687 3207 rei
705 3156 806 3222 agatur
825 3153 944 3222 quidque
961 3153 1114 3208 instituerit
1125 3152 1318 3221 Casaubonus,
1336 3173 1393 3226 per-

250 3248 391 3317 spiciatur,
409 3247 545 3302 Athenaei
565 3246 783 3316 disputationem
801 3247 940 3315 integram
955 3247 1028 3301 infra
1045 3247 1126 3316 posui
1142 3245 1217 3300 illius
1236 3248 1394 3303 coniectura

250 3358 327 3395 secus
346 3342 516 3410 suppletam:
539 3340 696 3408 Περδλκκας
714 3341 812 3394 τοίνυν
830 3342 887 3407 πρὸ
907 3342 1058 3407 Ἀρχελάου
1076 3342 1224 3406 βαςιλεύει,
1250 3343 1290 3394 ὼς
1312 3344 1394 3407 μένδ

250 3436 395 3489 Ἀκάνθιός
408 3452 475 3501 φηςι
489 3435 656 3500 Νικομήδης,
675 3436 724 3500 έτη
736 3433 943 3501 τεςςαράκοντα
956 3435 996 3501 έν,
1015 3433 1186 3498 Θεόπομπος
1199 3435 1230 3487 δέ
1241 3436 1394 3501 τριάκοντα

249 3529 344 3593 πέντε,
365 3529 543 3594 Ἀναξιμένης
561 3527 777 3594 τεςςαράκοντα,
797 3528 960 3593 Ἱερώνυμος
979 3527 1082 3580 εῐκοςιν
1101 3526 1189 3592 δκτώ,
1210 3527 1349 3594 Μαρςὺας
1366 3531 1395 3581 δέ

249 3624 293 3673 καί
306 3621 461 3687 Φιλόχορος
481 3623 564 3675 εἴκοςι
576 3621 648 3687 τρία,
670 3621 785 3673 τούτων
802 3621 854 3673 οὖν
871 3621 1014 3686 διαφόρως
1033 3619 1243 3685 λςτορουμένων
1262 3623 1395 3687 λάβωμεν

248 3714 300 3765 τὸν
324 3714 469 3779 έλάχιςτον
491 3715 624 3780 ἀριθμὸν,
649 3715 685 3766 τὰ
710 3715 794 3768 εῐκοςι
816 3714 880 3780 τρία
902 3716 959 3780 έτη.
1002 3714 1143 3779 Περικλῆς
1167 3714 1197 3765 δ’
1221 3715 1395 3783 ἀποθνὴςκει

249 3808 319 3859 κατὰ
338 3809 373 3860 τὸ
390 3808 489 3874 τρίτον
508 3809 571 3860 έτος
589 3811 641 3860 τοῦ
659 3808 928 3874 Πελοποννηςιακοῦ
947 3808 1085 3871 πολέμου,
1108 3807 1250 3872 ἄρχοντος
1270 3810 1395 3875 Ἐπαμεί-

248 3916 345 3967 νονος,
363 3895 412 3966 ἐφ’
431 3901 465 3953 οὔ
484 3903 603 3969 τελευτᾷ
623 3901 873 3968 [Ἀλέξανδρος,
895 3902 949 3952 καί
967 3901 1031 3965 την
1051 3899 1230 3963 βαςιλείαν
1248 3902 1395 3970 Περδίκ-

248 4009 306 4047 κας
326 3995 530 4060 διαδέχεται,
555 3994 591 4046 ὃς
609 3993 810 4058 έβαςέλευεν
829 3995 892 4047 έυις
913 3992 1072 4058 Καλλίου,
1097 3993 1152 4058 ἐφ’
1169 3992 1209 4045 οὗ
1228 3998 1395 4064 τελευτᾷ]

246 4087 402 4153 Περδίκκας
425 4090 469 4140 καί
490 4089 545 4152 τὴν
569 4087 707 4152 βαςιλείαν
731 4089 877 4154 Ἀρχέλαος
899 4086 1060 4150 διαδέχεται.
1101 4083 1200 4138 Mirari
1222 4086 1396 4143 Meinelrium

246 4179 353 4244 licebit,
383 4178 429 4246 qui
456 4181 522 4233 ante
546 4178 750 4248 disputatorum
773 4180 841 4233 nihil
863 4196 962 4234 curans
988 4177 1208 4231 nrfelicissimum
1234 4180 1397 4239 Gasauboni

248 4274 470 4341 supplementum
501 4289 515 4325 e
538 4271 794 4341 Schweighaeuseri
823 4272 950 4341 exemplo
980 4270 1099 4324 transire
1128 4271 1157 4324 in
1187 4290 1269 4328 sunm
1304 4278 1346 4346 (h,
1372 4298 1395 4333 ο,

248 4365 481 4418 Τουλυιοιὶιιιιιιιιιι
500 4384 599 4435 passus
619 4366 653 4418 sit
674 4367 757 4419 nimiu
775 4367 900 4435 prolecto
919 4364 1114 4435 humanitate]
