2896 4996
453 313 501 359 na
523 312 594 360 ono
616 313 661 359 nr
684 313 825 361 onroun.
1149 295 1211 360 587

70 488 200 531 monem
215 430 247 550 p.
271 465 334 531 305
355 466 405 529 vel
428 466 528 530 multo
550 466 615 530 illis
636 466 723 550 prior
745 465 941 531 Villoiaonus
956 465 1213 550 Prolegomenon

69 578 105 643 in
127 577 264 642 Iliadem
286 599 317 660 p.
341 575 444 640 XXX.

606 722 680 801 §4-

156 857 310 923 Caussam
344 857 544 941 significavi,
580 856 679 937 Ὠροι
713 859 746 920 et
773 856 889 937 Ὠρίων
920 856 1052 920 nomina
1084 878 1140 919 cur
1172 878 1213 919 ne

69 968 253 1053 potuissent
275 967 418 1051 quidem,
449 957 574 1031 etiarnsi
589 967 763 1051 vellemus,
793 968 931 1031 invicem
960 968 1001 1030 ab
1030 989 1064 1030 se
1087 966 1214 1050 seiungi

70 1078 334 1143 commentando:
372 1081 466 1142 tantu
495 1079 581 1142 enirn
609 1100 718 1142 eorum
747 1081 796 1142 cst
823 1077 1046 1162 propinquitas
1070 1079 1102 1140 et
1123 1076 1213 1160 quasi

70 1189 234 1254 consortio
256 1188 422 1273 quaedam,
445 1191 482 1252 ut
503 1189 600 1253 etiam
622 1191 855 1273 posteaquam,
880 1191 956 1272 quot
977 1187 1077 1272 etqui
1093 1185 1214 1249 suerint

68 1300 293 1385 grammatici,
319 1300 515 1381 constiterit,
546 1299 578 1363 id
600 1299 684 1384 quod
706 1300 848 1363 omnium
871 1302 920 1362 est
942 1297 1211 1379 obscurissimum,

69 1410 233 1474 communi
256 1410 392 1494 quodam
407 1411 569 1474 societatis
584 1410 713 1475 vinculo
737 1410 973 1474 contineantur.
1004 1409 1054 1472 Ac
1076 1408 1213 1492 primum

67 1521 113 1584 ab
136 1520 234 1586 Suida
255 1522 321 1584 tres
344 1524 551 1584 recensentur
573 1520 778 1605 grammatici
800 1520 887 1584 hice:

113 1631 232 1711 Ὠρίων
261 1633 403 1711 Θηβαῖος
430 1636 486 1710 τῆς
515 1631 690 1707 Αἰγύπτου·
726 1632 915 1710 (υναγωγὴν
942 1634 1083 1709 γνωμῶν
1111 1630 1212 1707 ἤγουν

157 1741 350 1818 ἀνθολόγιον
373 1743 456 1821 πρὸ(
484 1742 637 1806 Εὐδοκίαν
664 1743 724 1822 τὴν
747 1743 899 1822 βαειλέω(
928 1741 1036 1825 [immo
1060 1739 1212 1824 βατιλίδα]
1314 1829 1319 1833 .

157 1855 292 1928 γυναῖκα
315 1852 491 1917 Θεοδοιίου
518 1856 576 1917 τοῦ
599 1856 720 1931 μικροῦ,
744 1854 847 1932 βιβλία
868 1852 947 1931 τρία.

114 1963 233 2042 Ὠρίων
271 1963 514 2042 Ἀλεξανδρεύς,
556 1963 781 2042 γραμματικός·
818 1962 1027 2040 ἀνθολόγιον,
1064 1962 1212 2025 Ἀττικῶν

157 2075 277 2139 λέξεων
300 2074 500 2154 ιυναγωγήν,
524 2074 596 2153 περὶ
619 2072 838 2152 ἐτυμολογίας,
865 2073 1021 2151 ἐγκώμιον
1044 2072 1213 2150 Ἀδριανοῦ

157 2187 215 2248 τοῦ
238 2183 394 2263 καίεαροε.
1094 2272 1095 2275 ¹

109 2293 211 2374 Ὠροι
227 2294 460 2374 Ἀλεξανδρεύς,
484 2293 706 2377 γραμματικός,
730 2293 900 2358 παιδευταί
921 2293 957 2358 ἐν
974 2293 1213 2359 Κωνεταντίνου

157 2404 265 2469 πόλει·
298 2405 420 2485 ἔγραψε
443 2406 515 2484 περὶ
537 2405 715 2484 διχρόνων,
751 2403 842 2469 ὅπως
870 2404 909 2468 τὰ
937 2404 1044 2468 ἐθνικὰ
1072 2404 1213 2480 λεκτέον,

159 2514 261 2579 λύιειε
294 2515 482 2594 προτάιεων
512 2521 578 2581 τῶν
600 2517 818 2595 Ἡρωδιαναῦ,
846 2512 963 2579 πίνακα
990 2519 1056 2579 τῶν
1085 2513 1213 2593 ἑαυτοῦ,

157 2626 230 2704 περὶ
246 2624 429 2701 ἐγκλιτιιιῶν
452 2625 584 2709 μορίων,
608 2625 832 2706 ὀρθογραφίαν
855 2625 934 2690 κατὰ
951 2628 1120 2703 ττοιχεῑον,
1142 2626 1214 2704 περὶ

157 2739 213 2813 τῆς
241 2757 267 2800 ει
294 2736 490 2816 διφθόγγου,
525 2736 747 2817 ὀρθογραφίαν
776 2738 848 2814 περὶ
875 2739 931 2814 τῆ(
958 2757 990 2799 αι
1023 2735 1212 2815 διφθόγγου,

157 2847 237 2909 κατὰ
264 2845 426 2925 Φρυνίχου
454 2847 533 2910 κατὰ
561 2850 729 2925 ττοιχεῑαν,
752 2846 946 2922 ἀνθαλόγιον
969 2846 1041 2925 περὶ
1062 2851 1213 2924 γνωμῶν.

158 3005 274 3070 Suidae
296 3006 406 3070 statim
427 3006 582 3092 iungendi
605 3010 680 3071 sunt
695 3006 990 3091 Etymologicorum
1005 3028 1076 3070 cum
1098 3005 1213 3089 Magni

68 3121 141 3180 tum
164 3115 303 3180 Gudiani
332 3120 478 3182 auctores
504 3139 569 3182 una
592 3140 663 3181 cum
686 3116 821 3182 Zonara.
867 3118 898 3180 A
920 3117 1033 3201 quibus
1056 3138 1127 3180 cum
1150 3137 1212 3179 ses-

71 3226 219 3290 centiens
233 3229 301 3289 tum
316 3226 372 3291 Ori
388 3228 544 3290 excitetur
558 3231 627 3291 tum
643 3227 770 3291 Orionis
785 3227 1014 3309 testimonium,
1031 3248 1088 3311 pcr
1102 3230 1212 3290 tamen

71 3335 189 3399 mirum
212 3335 289 3399 illud
312 3337 440 3419 accidit,
464 3337 546 3420 quod
569 3359 610 3401 ne
632 3337 730 3401 semel
752 3336 879 3421 quidem
901 3336 1139 3401 Alexandrinus
1160 3337 1212 3400 vel

73 3445 156 3510 Orus
185 3445 235 3508 vel
258 3446 334 3510 Orio
362 3447 560 3530 appellatur,
596 3450 708 3511 contra
736 3469 830 3531 saepe
859 3468 991 3511 numero
1019 3450 1212 3512 memoratur

65 3555 204 3639 ‘ignotus
226 3553 341 3620 Suidac
365 3556 465 3621 Orus
487 3557 684 3640 Milesiae,
716 3561 882 3641 practerea
910 3562 1017 3622 autem
1046 3579 1112 3622 non
1135 3557 1211 3627 Orio

72 3666 201 3729 tanturn
215 3664 397 3750 Thebanus
420 3667 475 3730 sed
492 3667 682 3752 aliquotiens
706 3668 803 3732 etiam
817 3668 989 3764 Tlrebanus
1005 3669 1098 3751 Orus,
1122 3669 1212 3734 item·

72 3796 134 3858 que
156 3774 210 3840 hic
231 3776 298 3839 illic
319 3777 396 3847 Orio
418 3777 547 3861 quidam
574 3778 728 3843 Milesius.
773 3779 909 3843 Accedit
941 3778 1040 3862 quod,
1076 3780 1103 3843 si
1131 3801 1212 3864 quae

72 3907 182 3949 eorum
204 3886 324 3968 scripta
347 3887 497 3970 citantur,
521 3885 582 3953 hoc
603 3889 736 3953 minime
755 3894 969 3975 congruenter
985 3888 1100 3970 Suidae
1122 3889 1212 3955 testi-

70 3995 188 4060 moniis
216 3994 338 4060 factum
365 4001 432 4082 cst,
461 4019 499 4062 ac
520 4021 561 4064 ne
583 3999 630 4064 ita
652 4000 793 4084 quidem,
822 4003 858 4063 ut
884 4000 936 4063 vel
963 3999 1099 4084 singuiis
1127 3999 1212 4064 inter

68 4126 106 4169 sc
133 4106 306 4170 conveniat
331 4106 563 4194 Etymologicis
595 4111 646 4174 vel
675 4133 751 4174 suae
778 4110 878 4194 ipsius
909 4111 1080 4176 memoriae
1113 4132 1211 4176 unum

67 4215 218 4300 idemque
248 4216 383 4281 lexicum
417 4220 496 4283 satis
530 4224 664 4285 constet.
710 4220 851 4296 Quarum
883 4243 989 4285 rerum
1021 4222 1211 4286 documenta

66 4348 143 4393 oum
166 4347 187 4390 a
209 4325 335 4392 Sturrio
362 4329 608 4412 suppeditantur
630 4332 651 4394 l.
676 4352 703 4394 o.
726 4334 795 4395 tum
817 4353 837 4394 a
859 4330 1030 4416 Sylburgio
1052 4331 1210 4396 Tittman-
