2948 4996
457 325 493 371 iu
516 324 687 373 anscarii
711 326 962 374 nnounrnuvu.
1021 300 1023 315 '
1219 311 1282 374 389

141 478 235 542 Prius
262 478 341 540 illud
369 499 434 541 non
462 480 568 561 potest
596 499 664 541 esse
686 478 875 561 simpliciter
897 484 940 541 ad
963 481 1090 542 Tartari
1106 483 1281 561 prosuada3

142 610 218 650 nam
242 586 445 650 Homericum
467 586 545 650 illud
569 587 653 669 ἀμφ’
675 587 736 652 ἅλα
752 588 836 652 ἔλεαι
859 589 1015 668 Ἀχαιούς,
1038 588 1120 670 quod
1144 588 1189 651 sic
1212 610 1280 652 esse

141 700 328 780 usurpatum
353 697 487 779 videtur,
510 719 640 762 revera
663 697 784 761 dictum
807 701 855 761 est
876 698 938 778 ita,
968 701 1004 760 ut
1026 704 1068 762 ad
1089 705 1173 776 litus,
1198 699 1280 782 quod

141 811 191 870 est
218 814 304 872 circa
331 828 429 885 mare,
464 807 599 890 propelli
635 807 751 871 achivi
780 808 976 892 cogitentur:
1014 807 1053 870 de
1082 808 1281 892 marginibus

142 921 250 981 autem
264 917 392 981 Tartari
415 917 521 982 aliena
543 917 584 981 ab
606 916 667 981 hoc
689 918 758 982 loco
782 917 936 1001 cogitatio
959 920 1016 981 est.
1061 916 1172 1001 Neque
1195 940 1279 1000 vera,

141 1028 195 1091 ubi
219 1049 290 1091 cum
317 1027 469 1112 genetivo
492 1027 572 1110 ἀμφί
606 1028 755 1110 stridtur,
792 1028 826 1091 in
859 1028 956 1091 aliam
989 1030 1114 1111 partem
1148 1050 1279 1113 usquam

141 1138 244 1219 valet,
277 1126 340 1200 nisi
373 1141 408 1200 ut
437 1137 597 1202 translata
631 1138 868 1223 significatione
896 1137 939 1201 sit
974 1159 1089 1216 arcaea.
1134 1137 1219 1201 Nam
1246 1139 1280 1202 in

140 1247 320 1311 Homericis
352 1247 463 1311 Iliadis
491 1247 584 1330 XVI,
619 1249 682 1312 825
710 1249 867 1329 μάχεεθον
889 1249 1023 1313 πίδακα(
1056 1248 1140 1328 ἀμφ’
1171 1249 1280 1328 ὀλίγη(

140 1357 331 1421 tantundem
354 1361 403 1420 est
425 1380 463 1422 ac
485 1365 524 1422 de
541 1362 647 1435 fonte,
677 1370 808 1439 propter
834 1362 956 1434 sontem·
977 1365 1210 1437 contenderunt,
1246 1362 1281 1422 ut

140 1466 321 1550 potirentur
347 1489 400 1550 eo,
436 1489 502 1531 non
524 1477 638 1533 circum
653 1467 788 1545 sontem,
822 1490 917 1552 cluam
945 1468 980 1531 in
1001 1471 1126 1551 partem
1148 1468 1280 1533 Vossius

139 1577 247 1639 vertit.
291 1576 363 1641 Nisi
391 1578 490 1663 igitur
517 1577 586 1641 sine
614 1579 759 1661 exemplo
782 1579 868 1642 voles
890 1578 943 1642 hic
965 1578 1086 1642 dictum
1109 1599 1176 1642 esse
1199 1580 1280 1659 ἀμφὶ

139 1687 316 1766 Ταρτάρου,
341 1687 563 1772 corrigendmn
578 1691 627 1751 est
642 1690 780 1770 κνεφαῖά
801 1691 834 1753 τ’
856 1689 954 1770 ἀμφὶ
969 1689 1177 1768 Τάρταρον
1200 1690 1278 1769 βάθη

138 1796 172 1859 h.
196 1819 224 1859 e.
248 1804 279 1860 ia
304 1801 437 1862 Tartaro
458 1805 661 1863 circumcirca
684 1799 734 1862 vel
756 1820 818 1878 per
842 1802 1019 1879 Tartarum,
1044 1802 1078 1861 ut
1101 1799 1181 1880 ἀμφὶ
1203 1798 1279 1863 dcto

137 1906 250 1970 Iliadis
272 1906 329 1989 XI,
354 1908 416 1971 706
441 1915 471 1971 ia
494 1913 568 1971 urbe
588 1916 619 1972 ia
641 1929 742 1972 omnes
760 1919 873 1987 partes.

223 2015 264 2079 V.
292 2017 371 2081 1059
398 2019 434 2081 ut
461 2021 529 2081 arte
553 2021 586 2081 et
607 2017 732 2082 ratione
755 2017 955 2100 emendetur,
988 2019 1029 2081 ab
1058 2019 1103 2082 eis
1125 2018 1278 2082 librorum

136 2127 305 2209 scripturis
327 2127 592 2210 proficiscendum
614 2131 679 2210 est,
713 2150 809 2211 quae,
846 2128 999 2212 quoniam
1026 2129 1217 2193 relicuarum
1240 2151 1278 2193 ex

136 2236 202 2300 illis
225 2236 315 2320 origo
336 2240 442 2320 patet,
472 2237 675 2302 fundamenti
697 2238 767 2301 loco
790 2241 866 2302 sunt
886 2238 1063 2302 habendae.
1108 2238 1176 2302 Eae
1198 2239 1278 2303 haec

136 2350 228 2409 sunt:
256 2347 282 2411 εἰ
304 2350 337 2411 δ’
360 2347 475 2426 εὐτυχῆ
498 2351 530 2411 et
558 2349 584 2413 εἰ
605 2350 680 2413 τάδ’
702 2349 826 2428 εὐτυχῆ.
870 2348 1034 2412 Gliscente
1061 2349 1188 2412 demum
1211 2371 1277 2412 cor-

135 2457 264 2539 ruptela
285 2456 447 2521 oriebatur
468 2460 572 2535 τοῦδ’,
596 2459 729 2538 εὐτυχεῖ,
752 2459 861 2538 ἀτυχῆ.
890 2459 939 2522 De
957 2459 1070 2542 quibus
1087 2463 1193 2522 autem
1216 2460 1276 2542 syl-

135 2565 221 2629 labis
243 2566 331 2630 libris
354 2567 504 2631 convenit
525 2571 653 2632 tanturn
674 2590 740 2631 non
762 2569 918 2651 omnibus,
942 2569 974 2632 h.
992 2591 1019 2632 e.
1042 2573 1111 2650 ὑχῆ,
1136 2591 1191 2633 eae
1213 2591 1277 2632 ser·

134 2675 263 2741 vandae
283 2680 360 2741 sunt
380 2677 553 2746 tenaciter:
591 2678 709 2742 relicua
737 2679 947 2742 instauranda
969 2678 1004 2742 in
1025 2679 1111 2743 hunc
1132 2678 1276 2743 modum:

328 2831 384 2895 ἔτι
407 2832 447 2896 δὲ
470 2832 571 2911 ψυχή
593 2853 629 2895 τι
652 2834 752 2914 χαλᾷ
774 2836 933 2910 μανιῶν.

134 2984 220 3064 χαλᾷ
242 2981 340 3045 futuri
362 2982 466 3045 forma
489 2987 552 3046 est:
586 2984 750 3047 sententia
771 2987 877 3047 autem
900 2983 1012 3047 horum
1034 2982 1127 3046 simul
1151 2985 1184 3046 et
1205 3005 1276 3065 pro-

133 3092 293 3156 ximorum
315 3091 410 3156 haec:

327 3233 464 3292 Vorstttz'
488 3234 553 3294 und
574 3213 684 3294 Reden
706 3235 894 3312 unsinnigen
917 3234 1012 3292 Hirrus

327 3335 412 3393 kann
435 3335 532 3394 boren
554 3355 625 3394 man
647 3335 727 3394 wohl
750 3335 781 3392 in
804 3334 965 3393 solcherlai
987 3335 1059 3394 Art:

328 3434 411 3495 denn
433 3457 495 3495 was
518 3437 596 3495 fehlt
624 3437 686 3496 ihm
708 3457 759 3495 um
781 3437 866 3494 nicht
888 3436 1083 3514 wahnwitzig
1104 3456 1143 3494 zu
1164 3436 1254 3495 sein?

327 3537 416 3596 Doch
439 3557 471 3596 es
493 3538 570 3597 wird
593 3539 775 3597 nachlassen
798 3559 858 3596 von
881 3536 978 3596 Wuth
1001 3538 1080 3596 noch
1104 3537 1158 3596 das
1180 3537 1274 3596 Hera.

133 3666 186 3730 Ex
203 3668 289 3748 ψυχή
312 3669 363 3730 sat
385 3670 511 3732 constat
533 3668 688 3751 quomodo
709 3669 833 3732 factum
853 3674 932 3747 ῐῡχῆ
955 3667 1011 3731 sit:
1035 3666 1097 3731 vid.
1114 3666 1213 3731 Porso
1234 3667 1275 3730 ad

133 3776 220 3840 Med.
244 3776 330 3842 553:
359 3799 419 3841 nec
448 3777 568 3842 relicua
596 3763 833 3862 quibusmodis
862 3778 967 3843 varias
994 3777 1029 3841 in
1056 3780 1164 3860 partes
1186 3777 1275 3861 paul·

132 3887 228 3949 latim
249 3885 317 3950 sint
337 3891 496 3970 corrupta,
520 3891 626 3970 potest
649 3888 795 3972 cuiquam
816 3910 884 3952 esse
905 3889 1083 3952 obscmum.
1133 3888 1179 3951 ἔτι
1202 3908 1274 3969 par-

132 3995 235 4060 ticula
258 3996 369 4060 eadem
390 3997 515 4066 ratione
538 3998 739 4080 accipienda,
764 4021 826 4081 qua
848 4021 878 4062 v.
902 3999 964 4064 909
985 3998 1004 4077 ἠ
1027 4000 1088 4078 μὴν
1117 3999 1162 4062 ἔτι
1191 3996 1274 4062 Ζεύε

132 4127 161 4170 e.
180 4128 210 4189 q.
228 4129 253 4169 s.
270 4143 311 4154 -
334 4105 424 4181 Quod
446 4111 553 4171 autem
575 4107 693 4172 attinet
715 4108 755 4171 ad
777 4107 928 4172 Por-sonis
950 4109 1127 4189 inventum,
1151 4106 1178 4171 εἰ
1199 4107 1273 4185 μηδ’

130 4218 264 4295 ἀτυχῶν
285 4253 337 4299 —,
373 4217 405 4280 id
438 4217 564 4301 quidem
596 4239 663 4281 non
691 4240 754 4281 uno
784 4222 974 4304 argumento
1003 4217 1133 4302 coargui
1155 4218 1271 4299 potest.

129 4325 203 4396 Nec
236 4326 323 4395 enim
355 4327 433 4391 satis
465 4327 562 4414 plena
595 4328 833 4414 comparatione
866 4328 1061 4395 diversitatis
1097 4327 1274 4415 scripturae
