2896 4996
774 184 792 220 6

491 336 538 382 oa
562 337 632 383 ono
655 336 700 382 nr
722 334 864 382 οιιιοινα.
1186 317 1246 380 641

105 493 165 554 bus
196 490 322 554 adiecta
349 491 383 552 in
411 489 518 572 Etym.
554 490 668 554 ἄλλοι
695 492 731 553 δὲ
758 490 823 553 ἀπὸ
854 490 982 552 Κάπυο(
1011 491 1069 551 τοῦ
1103 489 1249 566 Τρωικοῦ

106 602 239 687 ignorat
261 601 414 664 Zonaras.
459 599 499 662 ln
521 600 576 662 illo
599 603 706 662 autem
728 599 973 661 derivandorum
996 598 1164 661 nominum
1185 601 1249 659 stu-

105 712 158 774 dio
181 712 260 774 adeo
283 733 431 794 perverse
459 710 631 793 etymologi
660 709 896 791 versatisunt,
926 713 1024 772 utne
1047 708 1141 772 huius
1163 707 1249 770 modi

108 822 238 906 quidem
260 822 444 884 notationes
466 824 665 903 spernerent,
690 821 837 902 equibus
855 819 936 882 nihil
952 821 1123 903 quicquam
1145 840 1249 902 gram-

108 933 227 995 matica
260 954 311 994 ars
339 931 500 1014 proficiat:
545 933 690 1008 Μέεμα,
723 933 815 994 πόλι(
844 934 996 996 κτιεθεῑ(α
1024 931 1087 994 ὑπὸ
1116 930 1250 1008 Λοκρῶν

106 1044 287 1122 ὁμωνύμω(
309 1049 354 1125 τῷ
378 1049 520 1125 ποταμῷ.
544 1042 656 1120 Ὧροεε
685 1041 793 1123 Etym.
811 1042 855 1104 M.
879 1064 910 1123 p.
928 1041 1000 1122 581,
1021 1041 1069 1104 15.
1093 1078 1136 1088 -
1160 1042 1250 1104 Καλ-

107 1155 253 1233 χηδών·
287 1156 358 1231 περὶ
388 1156 447 1217 τὸν
480 1154 625 1230 ποταμὸν
650 1154 782 1216 κτίζουει
804 1154 854 1216 καὶ
878 1153 1058 1231 ὁμωνύμω(
1081 1152 1168 1234 αὐτῷ
1191 1154 1249 1230 τὴν

107 1266 203 1327 πόλιν
238 1265 417 1342 ὠνόμαεαν.
452 1264 557 1327 οὕτω(
587 1263 685 1340 Ὠρο(
714 1264 908 1341 όΜιλήειο(
942 1262 1025 1345 (eod.
1055 1264 1173 1341 μαίων,
1208 1261 1249 1324 of.

108 1378 128 1453 ξ
152 1374 201 1457 Sl:
224 1373 277 1436 Et.
303 1372 386 1437 Gud.
410 1395 441 1455 p.
465 1373 539 1453 296,
563 1373 615 1434 42.
638 1411 681 1420 -
710 1373 900 1438 Κάλλατι(
928 1373 1025 1456 (quod
1055 1371 1251 1435 reddendum

109 1482 273 1566 Stephano
296 1507 326 1566 p.
351 1484 424 1563 231,
449 1485 467 1547 8
490 1505 548 1565 pro
565 1484 709 1564 Kdlonc,
734 1483 966 1567 Etymologicis
990 1505 1046 1564 pro
1071 1483 1250 1565 tollunt),

109 1596 202 1657 πόλι(
224 1596 287 1658 {cri
309 1598 462 1658 κτι(θεῖ(α
484 1595 549 1658 ὑπὸ
571 1597 814 1671 Ἡρακλειωτών
844 1594 911 1677 (Et.
936 1593 979 1656 M.
1003 1594 1251 1674 Ἡρακλεώτου),

109 1705 277 1782 ὠνομάεθη
301 1708 336 1768 δὲ
358 1705 422 1769 ἀπὸ
441 1709 501 1786 τῆ(
517 1705 594 1787 αὐτῇ
617 1709 847 1784 παρακειμένη(
871 1707 989 1783 λίμνη(
1018 1706 1123 1768 οὕτω(
1139 1705 1250 1782 Ὧροεῑ

110 1814 164 1876 Et.
190 1813 271 1877 Gud.
296 1837 327 1896 p.
352 1815 472 1895 296,1,
497 1815 541 1876 M.
566 1838 597 1897 p.
614 1816 688 1897 486,
705 1817 757 1878 41.
781 1854 823 1863 -
847 1817 1018 1880 Γοῡτθο(
1041 1815 1152 1898 (vulgo
1177 1817 1252 1878 Γοῦ-

109 1932 182 1999 θοε,
207 1923 369 2006 Stephano
397 1947 428 2006 p.
456 1925 531 2006 140,
560 1926 596 1986 16
626 1928 749 2009 Γότθοι)
778 1926 930 2006 δᾶρχων
959 1928 1087 1990 (κυθῶν
1110 1930 1175 1990 τῶν
1200 1946 1251 1989 κα-

110 2036 277 2112 λουμένων
303 2037 459 2099 Γούτθων.
482 2036 566 2100 ἔοικε
589 2036 677 2118 (fort.
696 2038 825 2117 ἐοίκαα)
848 2039 991 2117 γὰράπὸ
1015 2041 1073 2099 τοῦ
1095 2037 1252 2113 ἡγεμόνα(

110 2146 221 2208 αὐτῶν
249 2149 412 2223 κληθῆναι·
446 2147 485 2208 τὰ
513 2148 574 2224 γὰρ
603 2148 709 2210 πολλὰ
732 2146 808 2225 ἔθνη
832 2149 897 2211 ἀπὸ
920 2152 986 2211 τῶν
1008 2148 1176 2225 ἡγεμόνων
1200 2167 1252 2209 κα-

110 2258 250 2319 λοῦνται.
274 2255 378 2319 οὕτω(
400 2255 512 2334 Ὠροεῑ
536 2255 643 2338 Etym.
668 2256 712 2318 M.
738 2279 768 2337 p.
794 2257 868 2338 238,
892 2258 944 2320 51.
968 2295 1011 2304 —-
1034 2256 1253 2340 Καμπανοί·

110 2366 161 2429 ὅτι
185 2366 315 2443 Κόμπον
338 2367 477 2443 ἐκτιεαν,
506 2368 588 2445 πρὸ(
610 2371 669 2445 τὴν
694 2368 798 2445 Κύμην
824 2368 927 2431 τόπον
953 2351 1252 2445 οὕτωλεγόμενον,
1348 2394 1353 2401 ·

110 2476 187 2539 ὅθεν
218 2479 267 2539 καὶ
297 2476 460 2554 Καμπανοί
488 2477 669 2555 ἐκλήθηεαν.
699 2478 804 2541 οὕτω(
832 2478 932 2555 Ὠρο(
960 2479 979 2542 ὁ
1003 2479 1169 2555 Μιλή(ιο(;
1208 2476 1254 2538 aio

111 2586 198 2648 enim
220 2584 298 2648 haee
321 2587 489 2649 scribenda
512 2586 546 2648 in
569 2586 622 2649 Et.
647 2586 690 2649 M.
716 2610 745 2669 p.
762 2588 835 2669 488,
857 2589 898 2651 39
921 2609 938 2651 e
961 2587 1045 2651 Gnd.
1070 2611 1101 2670 p.
1125 2587 1198 2668 297,
1222 2586 1253 2666 8,

110 2695 237 2758 Zonara
260 2719 291 2778 p.
319 2698 409 2760 1147.
440 2695 607 2779 Adseripsi
629 2697 777 2760 tenuiora
800 2697 972 2781 quaedam:
996 2698 1109 2760 similis
1132 2697 1187 2759 aed
1210 2696 1254 2758 di-

109 2828 204 2897 rersa
240 2810 349 2869 tamen
386 2807 468 2870 ratio
505 2807 697 2870 uberiorum.
749 2806 801 2871 Sic
834 2811 1019 2887 Ἀπάμεια
1052 2807 1179 2870 ducitur
1214 2806 1255 2868 ab

111 2919 239 2999 Apama
266 2917 398 2979 muliere
426 2917 460 2980 in
488 2917 594 3000 Etym.
626 2917 668 2980 M.
698 2940 730 3000 p.
757 2919 832 2998 118,
860 2921 913 3000 11,
943 2894 1084 2984 Βάτεια
1112 2940 1131 2978 a
1153 2915 1255 2978 Batea

110 3026 256 3089 Dardani
278 3048 375 3089 uxore
402 3050 434 3110 p.
463 3028 536 3109 191,
560 3029 617 3110 45,
646 3030 821 3107 Ἴεμαρο(
845 3029 886 3091 ab
907 3029 1029 3091 Ismaro
1052 3027 1166 3090 Martis
1189 3026 1255 3088 filio

111 3160 145 3219 p.
168 3137 242 3217 477,
269 3139 301 3217 1,
332 3139 485 3201 Κλειταί
508 3160 526 3199 a
550 3137 634 3201 Clita
656 3138 820 3201 Amazone
848 3162 879 3221 p.
903 3139 982 3220 518,
1009 3142 1022 3201 1
1055 3137 1126 3201 αοΙΙ.
1151 3135 1253 3200 Paria.

111 3269 145 3328 p.
163 3247 236 3327 921,
261 3247 343 3309 Gud.
368 3270 398 3329 p.
415 3248 488 3328 325,
507 3248 565 3329 35,
590 3249 772 3327 Κάνωβο(
796 3248 959 3313 aCanobo
976 3247 1115 3311 Menelai
1138 3246 1255 3331 guber-

1 3378 2 3382 *
112 3360 226 3418 natore
249 3356 331 3420 Gud.
355 3379 387 3440 p.
412 3358 484 3439 297,
508 3358 565 3439 49,
602 3360 788 3437 Ὀλυμπία
811 3359 852 3421 ab
875 3358 1012 3441 Olympo
1034 3361 1159 3439 monte,
1188 3377 1254 3419 non

112 3465 264 3549 Olympia
291 3466 424 3529 muliere
451 3467 504 3529 Et.
536 3467 579 3529 M.
603 3491 635 3550 p.
660 3469 737 3550 623,
773 3470 826 3552 12,
863 3470 1030 3548 (daupu
1059 3491 1078 3530 a
1101 3466 1255 3552 Sagaride

111 3576 221 3638 Midae
243 3576 309 3639 filio
332 3600 363 3659 p.
389 3578 465 3658 707,
493 3579 531 3641 19
555 3578 626 3640 coll.
650 3578 751 3641 Paris.
776 3602 807 3661 p.
834 3580 926 3661 1027,
951 3579 1076 3642 Zonara
1099 3601 1130 3660 p.
1161 3578 1254 3658 1625,

112 3687 334 3767 (ηλυμβρὶα
362 3710 381 3749 a
404 3687 496 3770 Selye
518 3687 642 3751 Thrace
670 3689 777 3771 Etym.
808 3689 851 3751 M.
882 3712 913 3772 p.
939 3691 1015 3771 711,
1039 3690 1075 3771 6,
1104 3689 1256 3768 (ίγρον,

110 3800 205 3875 λιμὴν
223 3797 372 3873 Τενέδου,
394 3799 506 3883 ἡρῷον
525 3799 611 3878 ἔχων
628 3801 742 3878 (ίγρου
765 3805 822 3864 τοῦ
839 3802 1019 3878 Ἀρτέμιδα(
1043 3798 1154 3883 (vulgo
1170 3802 1255 3878 ἔχων

110 3909 224 3986 (ίγρου
247 3909 440 3992 Ἀρτέμιδοε)
469 3931 500 3990 p.
525 3910 597 3990 712,
624 3910 677 3991 15,
705 3911 837 3989 Φόρο(
864 3933 883 3972 a
906 3908 1010 3972 Pharo
1034 3908 1177 3973 Helenae
1200 3930 1256 3993 gu-

109 4019 284 4080 bernatore
311 4040 343 4100 p.
369 4018 446 4101 788,
477 4020 533 4101 16,
563 4019 640 4082 Ζοιι.
664 4042 696 4103 p.
723 4021 819 4102 1798,
848 4020 962 4103 quibus
991 4020 1076 4083 infra
1104 4019 1257 4083 accedent

110 4129 258 4207 Κρότων,
280 4128 393 4207 Ῥώμη.
438 4127 609 4191 Praeterea
638 4124 753 4208 Ὠρίων
782 4130 816 4193 in
839 4130 938 4210 Ὠρο(
966 4134 1056 4194 muta
1085 4155 1117 4215 p.
1141 4131 1199 4212 34,
1223 4130 1255 4211 2,

107 4238 167 4302 ubi
190 4239 300 4303 Αίλία
323 4238 450 4302 ducitur
478 4239 519 4302 ab
541 4241 634 4302 Aelio
657 4239 840 4324 Hadriana,
875 4245 907 4304 et
935 4264 966 4323 p.
991 4242 1043 4324 44,
1068 4242 1103 4323 ό,
1137 4241 1193 4304 ubi
1216 4240 1257 4303 ab
1275 4262 1308 4309 54

104 4348 278 4416 Academo
310 4349 376 4413 sive
404 4347 585 4412 Heeademo
613 4351 819 4430 Ἀκαδημία
846 4355 879 4414 et
901 4352 1154 4431 Ἀκαδήμειαν
1177 4353 1258 4436 (non

164 4469 211 4504 aa.
231 4468 398 4503 arrscnnnn
418 4468 565 4503 oruscuaa
585 4471 604 4510 τ,
1013 4455 1054 4520 4,]Ι
