2904 4996
212 344 273 408 732
606 357 766 403 sennenn
789 357 962 402 cernens.

211 518 300 578 stant
322 513 397 576 libri
420 514 451 577 ll
481 534 626 576 sermone
649 511 679 591 1,
709 509 763 593 qui
792 514 841 597 est
868 497 942 589 nepi
968 512 1124 590 βααλείν(
1147 515 1285 590 χρηιτού
1307 512 1353 574 καί

211 627 333 690 δικαίου
361 626 411 688 καί
439 626 511 703 περὶ
538 623 639 703 ἀρχῆς
668 624 717 686 καὶ
743 621 902 693 ἐξονκίαε,
934 643 966 703 p.
997 620 1055 701 79,
1084 620 1127 682 24
1155 621 1265 704 (serm.
1298 622 1352 684 103

211 735 339 819 p.·175‚
367 735 405 797 15
427 734 476 797 ed.
501 733 610 797 Aurel.
635 731 758 794 Allobr.
784 754 813 794 a.
838 730 945 815 1609),
970 752 1011 794 ne
1033 731 1208 815 vestigium
1232 730 1354 814 quidem

212 867 415 909 numerorum
437 843 621 927 prodentia:
646 843 750 908 oderit
773 843 825 907 ἐπὶ
847 845 962 907 πλεῖον
985 843 1093 906 κακία(
1116 842 1286 922 προβαίνει
1307 848 1354 906 be

176 958 179 962 ’
211 958 342 1034 νάετηε,
366 955 424 1020 ἐὰν
447 957 488 1033 μὴ
510 956 586 1019 τοὺ(
609 954 866 1033 ὑπηρετήιοντα(
894 953 959 1032 ἔχει
983 952 1057 1036 (sic)
1080 956 1149 1016 ταί(
1173 954 1354 1032 ἐπιθυμίαι.

212 1065 332 1129 Verum
353 1088 419 1128 non
442 1064 517 1127 huic
539 1064 730 1145 sententiae,
754 1085 836 1147 quae
857 1063 989 1126 omnino
1008 1066 1096 1125 earet
1118 1063 1282 1144 lemmate,
1305 1062 1355 1125 sed

212 1175 375 1258 proximae
404 1174 563 1237 adiectum
590 1177 639 1236 est
667 1174 701 1236 in
728 1172 875 1256 margine
904 1174 1086 1250 Ἀγάθωνα(
1109 1195 1247 1254 nomen,
1282 1195 1357 1256 quae

213 1286 292 1349 haec
315 1288 363 1348 est
386 1285 463 1348 item
485 1306 580 1367 prosa
603 1283 749 1347 oratione
770 1283 964 1366 perscripta:
1001 1286 1060 1349 τὸν
1089 1283 1235 1368 ἄρχοντα
1263 1289 1355 1364 τριῶν

212 1401 261 1462 δεῖ
289 1400 472 1475 μεμνῆεθαι·
499 1395 728 1474 πρῶτονμὲν,
763 1394 811 1458 ὅτι
839 1394 1023 1472 ἀνθρώπων
1053 1394 1162 1474 ἄρχει·
1197 1396 1358 1473 δεύτερον,

214 1507 263 1572 ὅτι
284 1507 365 1570 κατὰ
386 1507 506 1582 νόμου(
535 1505 638 1584 ἄρχει·
668 1505 792 1584 τρίτον,
823 1504 872 1568 ὅτι
895 1504 953 1567 οὐκ
976 1504 1024 1569 ἀεὶ
1046 1503 1147 1584 ἄρχει.
1192 1504 1231 1568 Id
1256 1508 1357 1568 autem

214 1616 335 1679 dictum
364 1637 434 1678 curu
464 1616 498 1679 in
526 1613 655 1679 Stebaei
677 1613 786 1677 Floril.
816 1612 935 1695 XLVI,
965 1614 1007 1677 24
1036 1615 1214 1697 praemissa
1243 1615 1358 1679 haheat

189 1727 357 1802 ,Ἀγάθων
387 1727 450 1806 ἔφη
480 1725 592 1806 verba,
622 1726 689 1788 eius
716 1725 839 1788 fontem
862 1727 996 1807 apparet
1019 1724 1160 1809 aliquem
1182 1728 1358 1807 Ἀποφθεγ-

214 1836 323 1915 μάτων
352 1835 468 1898 lihrum
495 1835 594 1898 fuisse
622 1834 661 1898 de
689 1857 726 1898 eo
748 1855 866 1919 genere
894 1834 976 1917 quod
1004 1836 1238 1917 pertrinximus
1267 1859 1359 1921 snpra

214 1967 245 2028 p.
269 1945 342 2009 556.
366 1946 429 2010 578
452 1944 512 2032 sq.]

300 2318 473 2401 Epicurum
496 2320 671 2382 sennarum
695 2342 765 2383 curn
788 2342 907 2403 magua
931 2324 979 2382 est
996 2320 1079 2402 apud
1102 2322 1251 2404 tragicos
1275 2344 1362 2405 grae-

217 2452 269 2491 eos
291 2429 489 2511 frequentia,
513 2432 579 2491 tum
604 2431 694 2493 ποτί
717 2430 963 2513 praepositionis
986 2452 1075 2492 usum
1098 2453 1165 2493 non
1191 2431 1364 2495 abhorrere

217 2563 235 2601 a
264 2538 429 2622 Sophoclis
463 2561 608 2601 sermone
643 2539 809 2602 adnotavit
836 2539 1015 2604 Brunchius
1044 2539 1084 2602 ad
1113 2541 1308 2625 Antigonae
1336 2565 1362 2603 ν.

219 2649 310 2711 1041.
339 2648 472 2712 Praeter
494 2671 619 2712 versum
642 2652 748 2712 autem
771 2651 805 2713 in
825 2650 1005 2713 Trachiniis
1033 2651 1365 2736 numerianum)

215 2759 248 2822 in
273 2759 357 2821 hanc
380 2780 446 2821 rem
463 2760 560 2822 affero
583 2759 723 2823 eiusdem
745 2760 874 2824 fabulae
890 2784 919 2824 ν.
936 2761 1009 2842 657,
1033 2761 1086 2825 ubi
1112 2782 1186 2824 eum
1211 2762 1366 2827 librorum

216 2868 408 2932 testimoniis
436 2867 516 2933 haec
538 2869 658 2933 tradita
681 2874 765 2934 esset
787 2871 960 2953 scriptura:

368 3031 443 3109 πρὶν
465 3031 561 3097 τάνδε
585 3032 667 3110 πρὸ(
689 3035 785 3097 πόλιν
808 3032 932 3098 ἀνύκειε
948 3069 1000 3113 -,

215 3353 366 3407 Μιικίκικκι
390 3354 552 3407 monachos:
583 3353 711 3408 Aureliae
730 3353 912 3421 Allobrogum
929 3352 1064 3407 MDCIX.'
1099 3386 1131 3393 -
1164 3355 1256 3412 Suam
1276 3365 1369 3414 autem

216 3447 342 3514 syllogcn
368 3465 429 3500 cum
447 3446 583 3500 Antonius
603 3449 777 3500 Μέλιεεαν
796 3446 994 3516 inscripsisset,
1019 3447 1082 3501 hinc
1105 3466 1186 3503 mero
1207 3455 1240 3504 nt
1261 3455 1370 3507 videtur

215 3557 309 3592 errore
327 3539 380 3608 ipsi
399 3539 503 3592 homini
524 3544 631 3592 Melias-u
648 3557 750 3594 nomen
772 3539 964 3594 inhaerescere
987 3558 1075 3609 prava
1092 3544 1290 3599 recentiorum
1310 3566 1371 3601 een·

216 3632 360 3687 suetudine
384 3632 488 3701 coepit:
519 3649 690 3700 quamquam
712 3651 766 3687 non
784 3634 876 3687 neseio
902 3651 962 3687 esse
981 3634 1028 3701 qni
1050 3634 1086 3687 ab
1109 3635 1175 3703 ipsa
1195 3639 1286 3692 studii
1306 3641 1370 3694 assi·

215 3724 322 3778 duitate
346 3726 519 3793 appellatum
542 3744 603 3780 esse
627 3732 762 3780 Antonium
786 3731 916 3779 Meliorem
939 3727 1080 3793 dictitent,
1108 3728 1138 3780 nt
1165 3728 1320 3786 Harlesius
1343 3735 1370 3787 in

215 3817 336 3871 Fabricii
353 3818 424 3871 Bihl.
443 3836 484 3887 gr.
499 3819 536 3872 lX
553 3838 580 3888 p.
595 3825 652 3887 744,
672 3822 837 3887 argumente
857 3824 950 3874 tamen
969 3820 1055 3874 allato
1073 3820 1158 3874 nulle.
1180 3853 1216 3861 -
1235 3823 1371 3880 Ceterum

214 3911 286 3964 bene
309 3912 343 3964 ele
366 3910 467 3965 litteris
490 3914 592 3967 nostris
614 3913 761 3966 meriturus
784 3913 906 3979 videtur,
929 3912 976 3980 qui
998 3931 1031 3966 ex
1055 3913 1171 3966 Antonii
1194 3916 1371 3987 Maximique

215 4002 315 4071 copiis,
335 4004 458 4071 adquae
477 4023 574 4073 primm
594 4024 665 4059 nunc
684 4005 827 4075 expeditus
847 4009 889 4060 est
907 4005 1008 4071 aditus,
1028 4008 1176 4075 excerptas
1194 4016 1371 4076 profanorum
1415 4020 1417 4023 ’

215 4095 380 4164 scriptorum
400 4098 553 4154 sententias
572 4098 667 4152 dedita
686 4116 772 4168 opera
790 4099 977 4168 composuerit
995 4099 1191 4165 communique
1216 4103 1282 4156 usui
1308 4124 1372 4174 ape·

214 4188 313 4241 ruerit:
345 4192 405 4258 pari
427 4191 455 4243 id
479 4191 590 4257 quidem
613 4192 726 4245 consilio
751 4199 834 4258 utque
858 4193 932 4259 quod
953 4192 1062 4260 pridem
1081 4191 1243 4247 adhibitum
1265 4201 1312 4250 est
1331 4199 1370 4250 lo

214 4281 293 4335 annis
313 4283 478 4338 Daruasceni
495 4287 587 4352 Ἰεροῑ(
606 4288 803 4352 παραλλήλοκ.
839 4286 886 4338 Cui
906 4286 1020 4340 consilio
1043 4287 1223 4351 exsequendo
1243 4305 1368 4345 eommo-

214 4376 344 4428 dissinms
363 4395 429 4431 saue
448 4381 523 4431 locus
541 4379 568 4430 in
589 4377 701 4433 Stolraci
726 4381 852 4448 exemplo
872 4378 1066 4432 'l'euhueriauro
1084 4384 1202 4448 purat-ns
1223 4386 1312 4451 erat]
