2924 4996
226 325 290 390 536
603 340 651 386 ns
673 338 801 387 comcs
824 337 1000 387 vnsruarn

225 516 284 579 pro
311 493 693 574 προκαταεκευαζόμενοι,
723 493 766 558 45
794 493 859 571 ἔτη
888 492 1022 572 τέτταρα
1055 509 1113 576 pro
1147 494 1211 560 ἐπὶ
1238 497 1379 577 τέτταρα

227 604 325 688 (unde
353 604 515 688 profectus
542 602 755 686 interpolator
782 603 846 668 ἐπὶ
871 605 1006 682 τέτταρα
1135 604 1222 688 ἔτη),
1251 605 1313 688 IV,
1340 609 1377 669 11

226 714 497 794 ἀποετερούμενοι
524 715 575 779 καὶ
603 714 650 777 οὐ
679 712 823 799 (procl)
851 712 891 778 τὰ
914 713 1068 793 ἀλλότρια
1090 715 1321 782 ἀποδιδόντες·
1348 716 1379 781 οἱ

226 826 262 890 δὲ
284 825 444 903 ἀνειμένοι
465 830 532 890 τῶν
555 823 757 913 εἰεφοορῶν
781 823 853 907 (pro
876 823 1111 908 ευμφορῶν)
1140 828 1210 890 τῶν
1232 825 1278 890 εἰς
1300 827 1378 891 τοὺς

226 935 405 1014 πολέμους,
434 934 465 999 εἰ
493 935 723 1012 τιμήεαςθαι
746 933 818 1016 (pro
845 932 1152 1020 είςτιμήςοεθαι)
1179 937 1257 1000 τοὺς
1287 937 1378 1015 βίους

133 1064 138 1072 ·
227 1045 535 1122 ἀναγκαςθήεονται,
562 1043 659 1127 vulgo
686 1041 825 1125 turpiter
854 1046 1003 1126 corrupta
1025 1043 1196 1108 levissimis
1224 1044 1265 1108 dc
1288 1067 1378 1108 eaus-

226 1154 286 1236 sis;
313 1153 354 1218 58
376 1155 520 1233 πιιιρὸς
543 1153 665 1232 ὀργὴν
688 1173 747 1235 pro
769 1154 948 1232 πονηρὸς
970 1154 1038 1230 ὢν,
1066 1153 1109 1219 59
1136 1155 1172 1219 ἐκ
1199 1159 1257 1234 τῆς
1280 1155 1377 1220 ἀπο-

135 1281 139 1290 ’
225 1268 345 1344 τομῆς
373 1262 448 1342 οἶμα
474 1264 592 1343 θερμὸν
614 1284 673 1345 pro
696 1263 729 1326 ἐκ
756 1266 812 1341 τῆς
841 1266 1016 1344 ιἰεφολῆς
1043 1284 1073 1327 ο.
1094 1270 1133 1346 9.,
1156 1263 1241 1347 quod
1271 1285 1377 1328 emen-

227 1373 325 1436 dandi
352 1372 538 1437 necessitati
569 1371 685 1435 cedens
719 1371 753 1434 in
789 1375 912 1453 ςφογῆε
940 1372 1076 1436 mutavit
1105 1372 1269 1438 Reiskius
1316 1373 1378 1439 Sed

227 1483 307 1547 satis
328 1482 554 1566 exemplorum.
599 1480 739 1556 Quorum
761 1481 788 1544 si
811 1482 983 1566 quaedam,
1013 1503 1040 1545 c.
1064 1504 1097 1567 g.
1121 1504 1194 1549 τινα
1215 1483 1297 1548 illud
1320 1507 1377 1568 pro

225 1599 271 1677 τῷ
294 1594 415 1676 Αἰνείᾳ,
446 1592 633 1656 correctoris
655 1614 803 1675 manum,
831 1613 898 1657 non
920 1592 1128 1677 integriorem
1156 1593 1285 1657 sontem
1306 1616 1377 1678 pro

195 1724 197 1728 ⁴
226 1703 300 1767 dere
322 1702 508 1785 videantur,
542 1701 603 1766 etsi
625 1701 658 1765 id
680 1701 734 1786 qui
757 1702 970 1766 demonstrari
991 1703 1094 1786 possit
1115 1724 1214 1787 aegre
1236 1705 1377 1789 assequi-

226 1835 306 1896 mur,
340 1817 451 1876 tamen
484 1814 567 1876 esto:
601 1811 812 1895 probabiliter
845 1811 945 1896 igitur
978 1812 1116 1876 correxit
1147 1816 1182 1877 et
1213 1817 1251 1877 ut
1284 1815 1377 1878 laude

227 1924 344 2008 dignus
366 1923 424 2006 sit,
453 1923 480 1986 si
508 1943 574 1987 non
602 1921 719 2007 dignus
746 1921 819 1986 fide.
864 1922 904 1986 In
926 1923 1034 1986 omnia
1060 1925 1122 1988 hoc
1150 1923 1267 1987 cadere
1290 1925 1377 1989 nullo

227 2036 323 2118 pacto
345 2035 467 2116 potest,
490 2053 529 2096 ac
550 2053 593 2096 ne
614 2032 647 2097 in
671 2032 826 2096 maiorem
848 2032 976 2116 quidem
998 2034 1133 2116 partem.

753 2226 847 2306 512.

177 2370 207 2417 21
312 2364 404 2428 Licet
431 2365 538 2426 autem
559 2362 728 2427 Vrbinatis
755 2362 791 2426 in
819 2362 955 2447 singulis
983 2362 1188 2448 diligentiam
1214 2367 1317 2431 etiam
1337 2367 1377 2431 ad

228 2475 326 2538 aliam
348 2495 494 2537 normam
516 2473 661 2557 exigere,
685 2473 961 2557 quampraeclara
982 2473 1161 2538 subtilitate
1178 2475 1215 2540 Ο.
1232 2475 1377 2541 Sintcnis

227 2588 337 2649 noster
365 2605 436 2647 cum
464 2583 542 2646 alibi
564 2585 749 2666 persecutus
778 2586 827 2647 est
846 2586 917 2646 tum
943 2583 983 2647 ad
1005 2582 1197 2668 Dionysium
1225 2607 1301 2649 eum
1323 2587 1377 2650 ali·

228 2717 290 2779 quo
312 2696 565 2776 temperamento
587 2693 821 2757 accommodari
848 2714 941 2776 posse
971 2693 1177 2778 significavit.
1222 2695 1263 2758 ld
1285 2697 1376 2780 quale

228 2804 286 2887 sit,
310 2804 376 2868 suis
398 2802 503 2867 verbis
524 2802 710 2887 propediem
733 2803 801 2887 ipse
817 2802 1005 2887 explicabit:
1028 2826 1129 2887 nunc,
1154 2805 1310 2889 quoniam
1331 2807 1376 2870 ita

227 2916 292 2979 fert
318 2905 545 2997 disputationis
572 2913 672 2994 ratio,
706 2912 767 2976 hoc
794 2935 893 2977 unum
926 2935 1062 2998 occupo,
1095 2915 1376 2997 parcissimum

228 3025 406 3089 hiatuum
433 3024 599 3088 inventum
628 3043 696 3087 esse
724 3022 924 3106 Dionysium.
980 3023 1067 3088 Hinc
1095 3045 1297 3110 consequens
1329 3030 1375 3090 est

229 3118 392 3218 praestare
420 3156 473 3197 eas
496 3132 664 3197 Vrbinatis
691 3133 866 3216 scripturas
895 3135 937 3198 ab
961 3139 986 3196 A
1006 3133 1238 3219 discrepantes,
1264 3138 1374 3222 quibus

228 3244 335 3308 hiatus
357 3243 515 3308 vocalium
536 3243 670 3307 tollitur.
716 3241 814 3308 Velut
836 3265 908 3308 oum
929 3244 994 3327 III,
1018 3245 1060 3310 54
1088 3245 1148 3310 dcc
1175 3247 1254 3313 τοὺς
1276 3269 1374 3329 γεωρ-

228 3356 306 3432 γοὺς
340 3354 516 3434 ἀφείλοντο
550 3353 734 3437 transponit
765 3376 824 3436 pro
856 3354 915 3419 dcc
945 3355 1121 3435 ἀφείλοντο
1148 3378 1175 3420 τ.
1203 3378 1250 3435 r„
1285 3381 1312 3421 c.
1335 3357 1374 3422 56

227 3466 371 3542 λήεεςθαι
397 3466 473 3529 τοὺς
496 3464 650 3544 (αβίνουε
680 3464 791 3543 ἔμελλε
814 3486 872 3548 pro
895 3466 1038 3543 λήςεεθαι
1059 3465 1170 3544 ἔμελλε
1193 3489 1219 3531 τ.
1243 3469 1292 3545 (.,
1319 3467 1373 3551 IV,

227 3574 269 3638 24
296 3574 413 3654 ἀρτίως
440 3578 612 3653 κακοῦργοι
640 3594 699 3656 pro
727 3579 898 3653 κακοῦργοι
926 3575 1057 3654 ἀρτίως,
1090 3576 1133 3639 40
1159 3576 1260 3643 οὐδὲν
1290 3580 1374 3663 αὐτῷ

228 3705 286 3766 pro
308 3684 396 3768 αὐτῷ
420 3684 535 3761 οὐδέν,
557 3683 600 3748 54
622 3684 767 3748 ἐπιεικῶς
791 3684 870 3749 occo
892 3705 950 3768 pro
973 3685 1238 3765 circinando,
1268 3690 1310 3753 6ί
1333 3689 1375 3752 od-

228 3796 384 3859 τιώτατον
406 3795 551 3871 γενέςθοι
573 3815 632 3876 pro
652 3815 681 3871 γ.
698 3794 747 3870 cl,
770 3792 810 3875 V,
829 3796 846 3858 7
870 3795 1006 3860 ἐπίθεςιν
1029 3795 1165 3874 ἔμελλον
1194 3800 1378 3876 ποιήεεεθοι

202 3884 286 3987 1ριο
309 3905 354 3982 ἔμ.
379 3927 411 3968 π.
434 3905 483 3969 ἐπ.
512 3907 545 3967 et
571 3903 680 3986 paullo
707 3905 780 3986 post
806 3907 957 3983 προςήκει
984 3905 1151 3984 Ῥωμαίων
1180 3906 1218 3971 εὖ
1248 3929 1310 3991 pro
1337 3910 1378 3973 Ῥ.

228 4037 280 4095 πρ.
303 4014 356 4091 εὖ,
384 4013 446 4096 VI,
476 4015 495 4077 3
519 4014 601 4079 ἔνθ’
630 4013 803 4091 ὑπομένων
833 4035 891 4096 pro
919 4016 961 4080 ἐν
990 4017 1017 4098 ᾧ
1046 4014 1222 4094 ὑπομένων
1252 4018 1380 4104 aliaque

228 4146 360 4188 numero
393 4146 458 4187 non
491 4144 603 4206 pauca.
648 4121 788 4186 Rursum
816 4126 922 4187 autem
950 4123 1029 4187 hinc
1055 4125 1311 4211 proficiscimur,
1345 4131 1382 4192 ut

230 4234 328 4297 etiarn
355 4232 433 4297 alibi
464 4235 660 4296 mutatum
691 4232 875 4296 ordinem
902 4233 1124 4318 verborum,
1158 4236 1244 4318 quod
1277 4260 1381 4323 genus

229 4343 464 4425 discrepantiae
491 4364 549 4425 per
576 4341 768 4407 Vrbinatem
797 4342 951 4406 latissime
983 4346 1088 4426 patet,
1121 4366 1190 4408 non
1222 4349 1382 4414 continuo
