2904 4996
232 320 295 384 734
625 334 786 384 scHEDAE
809 334 984 381 carricare.

179 502 213 550 37
232 488 410 572 principem
432 486 608 551 identidem
630 488 854 571 compellasse,
878 492 974 570 atque
996 509 1085 550 nunc
1108 486 1190 549 adeo
1211 494 1248 549 ut
1268 493 1373 571 surgat

231 599 270 661 de
292 598 419 662 sedibus
447 598 625 681 postulare,
655 597 718 660 nisi
746 598 833 661 intus
862 619 930 660 esse
953 597 1089 661 Aiacem
1116 619 1304 681 persuasum
1325 599 1373 660 ha-

231 708 329 772 beat?
351 708 383 771 id
406 709 488 791 quod
505 709 603 772 etiam
617 714 693 792 τᾷδε
716 708 915 791 pronominis
930 706 1153 771 additamento
1178 709 1374 793 significatur

231 818 368 902 quodam
389 818 493 882 modo.
524 818 644 883 Verum
666 841 708 882 ne
730 819 800 903 quis
824 820 955 883 chorum
970 818 1147 881 arbitretur
1170 817 1320 882 desiderii
1340 841 1373 882 ac

230 929 384 992 maeroris
407 930 512 992 sensui
536 929 615 992 adeo
636 929 819 1013 indulgere,
849 932 885 991 ut
907 928 1007 992 animi
1031 929 1242 994 commotioni
1264 929 1374 993 nimiae

231 1039 341 1103 Aiacis
357 1039 532 1122 appellatio
546 1043 710 1123 tamquam
726 1039 906 1124 praesentis
921 1037 1093 1103 tribuenda
1109 1040 1164 1121 sit,
1189 1039 1236 1104 sic
1252 1040 1373 1103 habeto.

230 1149 302 1213 Etsi
326 1149 412 1213 enim
435 1149 512 1212 illud
535 1149 638 1214 scire
661 1149 775 1212 chorus
790 1171 856 1213 non
874 1153 985 1233 aperte
999 1149 1134 1231 dicitur,
1158 1154 1273 1213 tamen
1295 1151 1370 1213 idem

232 1281 304 1323 eum
325 1259 485 1323 nescire
507 1259 676 1323 dilucidius
705 1263 775 1323 erat
796 1259 1034 1323 declarandum.
1080 1258 1153 1324 Hoc
1177 1260 1266 1323 enim
1288 1263 1374 1343 pacto

233 1372 483 1433 consentaneum
514 1372 563 1433 est
591 1392 662 1433 eum
690 1369 840 1454 deinceps
875 1391 912 1432 ex
938 1369 1108 1433 Tecmessa
1142 1370 1374 1434 sciscitaturum

231 1479 340 1563 fuisse,
364 1480 496 1543 ubinam
517 1483 698 1543 versaretur
720 1481 821 1562 Aiax,
851 1481 901 1543 vel
925 1483 1010 1543 certe
1032 1477 1216 1545 mirationis
1241 1487 1298 1544 aut
1318 1481 1373 1544 lae·

230 1589 324 1653 titiae
346 1611 457 1654 sensus
480 1590 695 1673 proditurum,
720 1591 775 1653 ubi
797 1582 966 1655 Tecmessa
987 1589 1074 1653 foras
1103 1612 1279 1676 progressa
1306 1592 1373 1655 Aia-

236 1722 303 1764 cem
325 1703 514 1765 narraverat
541 1686 575 1764 i'n
597 1700 806 1765 tabernaculo
834 1700 937 1765 iacere
962 1701 1053 1785 gravi
1082 1701 1196 1765 morbo
1219 1703 1372 1766 affectum,

232 1811 373 1874 Omnino
406 1815 514 1874 autem
547 1811 600 1895 qui
634 1812 738 1895 possis
771 1834 790 1874 a
818 1812 1055 1895 sapientissimo
1088 1815 1186 1896 pocta
1218 1812 1281 1877 hoc
1314 1833 1374 1874 esse

233 1921 436 1985 commissum
464 1921 608 2003 credere,
643 1927 679 1986 ut
711 1923 807 1986 istam
841 1922 929 1986 chori
962 1923 1093 1986 finxerit
1124 1922 1372 2006 ignorationem,

232 2052 313 2114 quae
341 2053 436 2116 quam
459 2032 524 2094 vim
546 2032 665 2096 habeat
692 2033 732 2095 ad
760 2033 897 2116 reliqua,
928 2032 1075 2116 intellegi
1104 2032 1247 2116 nequit?
1291 2032 1373 2108 Quod

233 2164 305 2206 cum
327 2143 374 2207 ita
396 2143 454 2226 sit,
483 2164 550 2205 non
577 2146 684 2225 potest
711 2142 794 2226 quod
820 2143 986 2227 vulgatum
1008 2145 1057 2205 est
1078 2143 1306 2226 incorruptum
1326 2145 1374 2206 ha-

232 2253 310 2341 beri.
343 2252 462 2316 Videor
484 2256 590 2316 autem
614 2252 769 2336 pristinae
792 2252 968 2337 scripturae
983 2252 1210 2337 integritatem
1226 2254 1275 2317 sic
1290 2275 1375 2338 posse

234 2364 416 2427 restituere:

385 2526 516 2606 (τηρίζει
538 2528 628 2591 ποτὶ
649 2527 722 2610 τᾷδ’
744 2526 875 2611 ἀγωνίῳ
898 2527 1014 2610 (χαλᾷ,

233 2694 263 2757 id
294 2695 375 2778 quod
404 2696 446 2759 ab
478 2695 635 2778 imperitis
668 2697 717 2760 vel
748 2695 993 2760 dormitantibus
1022 2694 1163 2758 librariis
1192 2696 1307 2759 eadem
1334 2701 1376 2760 est

233 2805 481 2888 depravationis·
499 2805 604 2889 specie
627 2807 792 2890 affectum,
822 2829 884 2890 qua
906 2805 1154 2870 Trachiniarum
1184 2828 1280 2870 versu
1307 2808 1376 2870 irre

232 2916 297 2998 psit
320 2916 353 2978 in
375 2915 590 2979 Triclinianos
613 2917 710 2980 libros
733 2918 773 2997 μή
795 2938 874 2982 ποτε
896 2917 1024 2996 ψαύων.
1070 2915 1197 2979 Partim
1221 2917 1376 3002 aequalia,

231 3027 349 3110 partim
382 3026 500 3089 similia
534 3029 701 3109 corruptae
740 3028 814 3091 ποτί
852 3027 974 3089 formae
1009 3026 1155 3110 exempla
1190 3028 1378 3110 perstrinxit

232 3136 373 3201 h'oenius
396 3137 436 3199 ad
460 3136 649 3219 Gregorium
681 3159 712 3219 p.
739 3138 799 3201 194
821 3160 867 3220 sq.
914 3136 1082 3220 Reliquum
1110 3139 1161 3199 est
1190 3142 1317 3221 autem,
1346 3143 1378 3200 ut

232 3247 380 3330 loquendi
403 3250 499 3330 atque
522 3247 601 3311 adeo
624 3246 784 3310 sentiendi
805 3268 906 3332 genus
930 3247 1144 3330 expediamus
1169 3248 1257 3331 quod
1283 3248 1378 3312 cerni·

230 3360 283 3420 tur
305 3358 339 3421 in
362 3358 467 3421 verbis
495 3357 626 3437 truciter
648 3360 722 3423 ποτὶ
745 3359 858 3441 (χαλᾷ,
888 3358 984 3441 plane
1015 3357 1211 3421 conveniens
1240 3359 1321 3422 illud
1347 3359 1378 3421 in

231 3466 395 3551 cogitandi
439 3467 640 3539 alacritatem
679 3466 941 3551 describendique
978 3467 1175 3551 gravitatem
1212 3473 1378 3551 poetarum

230 3599 434 3661 graecorum,
464 3579 517 3662 qui
545 3599 613 3640 rem
646 3599 802 3663 quamque
835 3577 876 3641 ab
898 3600 1048 3641 sensnum
1075 3577 1248 3642 intellectu
1279 3580 1379 3644 seimr·

230 3692 314 3750 ctam
342 3688 430 3752 velut
458 3693 659 3772 praesentem
692 3689 791 3752 oculis
819 3688 994 3751 intuentur.
1045 3688 1146 3761 Quem
1182 3688 1224 3752 ad
1254 3691 1381 3754 modum

229 3798 329 3881 igitur
351 3799 588 3862 calamitatibus
612 3798 769 3862 afflictum
791 3799 840 3861 vel
864 3799 1054 3862 necessitate
1077 3797 1274 3864 adstrictum
1298 3802 1380 3864 dixe-

228 3912 305 3971 runt
336 3909 372 3975 ἐν
406 3913 564 3989 πημοναῖς
598 3910 827 3988 ἐνεζευγμένον
861 3909 910 3973 vel
943 3909 1094 3985 ἀνάγκαι(
1123 3909 1382 3992 ὑπεζευγμένον,

229 4022 264 4080 ut
287 4021 336 4081 est
359 4019 442 4103 apud
465 4019 659 4102 Aeschylum
682 4019 863 4083 Promethei
886 4042 916 4084 ν.
937 4019 1000 4083 579
1024 4017 1110 4104 [577]
1135 4024 1170 4082 et
1197 4022 1278 4102 108,
1308 4024 1383 4086 item

228 4128 312 4210 apud
347 4128 536 4212 Sophoclem
568 4130 677 4193 Aiacis
706 4153 733 4193 v.
768 4130 829 4193 723
864 4127 965 4215 [736]:
993 4130 1068 4195 νέα(
1103 4132 1228 4208 βουλὰ(
1266 4136 1384 4199 νέοιαν

178 4259 210 4305 :ra
228 4239 457 4314 ἐγκαταζεύξα(
477 4241 625 4320 τρόπαια
649 4239 780 4303 Homeri
803 4240 888 4303 enim
910 4240 969 4323 ἄτῃ
996 4232 1124 4318 ἐνέδηζε
1154 4245 1272 4326 βαρείῃ
1304 4267 1384 4307 com·

229 4369 403 4413 memorare
427 4350 506 4414 nihil
530 4351 664 4414 attinet:
691 4354 786 4434 atque
809 4350 842 4412 in
865 4348 975 4412 eadem
998 4350 1053 4411 illa
1075 4348 1251 4431 Sophoclis
1274 4355 1385 4418 fabula
