3008 5002
556 356 591 400 ιιι
617 352 898 401 nnrsroennnnn.
1235 334 1299 399 235

160 505 294 571 Aratum
317 528 377 571 nec
399 511 472 589 post
494 507 535 570 ol.
556 507 614 571 118
637 528 697 570 nec
719 505 827 570 multis
851 505 944 568 annis
968 509 1043 569 ante
1066 509 1177 569 natum
1200 504 1298 567 fuisse

158 621 283 682 constet
305 618 362 701 (cf.
379 616 591 680 Ritsohelium
612 639 643 699 p.
661 616 701 681 88
722 620 754 679 et
770 616 867 682 Clint.
885 615 916 707 Il
932 638 964 698 p.
981 615 1069 699 368),
1094 615 1298 698 consequitur

158 728 388 793 Callimachum
411 749 477 791 non
500 731 575 790 ante
599 728 640 790 ol.
660 728 720 791 118
742 731 855 791 natum
877 747 955 789 csse.
993 725 1104 808 Equo
1127 724 1298 788 iudicanda

158 843 233 903 sunt
259 839 354 920 hacc,
388 837 566 920 inquibus
595 859 666 901 cum
694 837 882 920 antiquioris
911 836 1082 899 memoriae
1116 835 1298 898 hominibus

157 950 224 1013 eius
246 971 364 1013 nomen
387 947 588 1031 componitur
610 949 666 1011 vit.
691 949 783 1010 Arat.
801 946 817 1010 I
838 970 870 1029 p.
887 947 907 1010 3
923 946 972 1009 ed.
990 945 1101 1009 Buhl.:
1125 947 1297 1024 ευνήκμαεε

156 1063 193 1124 δὲ
229 1061 427 1144 Ἀλεξάνδρῳ
464 1067 510 1144 τῷ
546 1059 678 1143 Αἰτωλῷ
715 1060 764 1122 καὶ
803 1059 990 1142 Καλλιμάχῳ
1028 1058 1077 1121 καὶ
1116 1057 1297 1138 Μενάνδρῳ

157 1171 340 1252 (Νικάνδρῳ
364 1170 446 1232 coni.
470 1168 670 1233 Bitschelius·
680 1190 711 1251 p.
729 1168 785 1253 86)
808 1170 857 1232 καὶ
873 1169 1000 1250 Φιλητᾷ.
1038 1166 1144 1231 Schol.
1161 1166 1295 1230 Theocr.

33 1366 35 1371 Ι
156 1304 188 1363 p.
212 1280 274 1344 809
297 1279 345 1342 οά.
369 1278 502 1342 Kiessl.:
530 1279 632 1345 ἰετέον
655 1278 703 1343 ὅτι
726 1279 745 1343 ὁ
769 1278 940 1357 Θεόκριτοε
969 1278 1100 1354 ἐγένετο
1129 1277 1297 1357 ἰεόχρονοε

154 1395 214 1455 τοῦ
237 1391 371 1470 Ἀράτου
399 1392 448 1454 καλ
476 1394 534 1454 τοῦ
558 1391 758 1469 Καλλιμάχου
785 1390 835 1452 καὶ
863 1393 921 1453 τοῦ
946 1389 1138 1466 Νικάνδρου·
1168 1388 1296 1464 ἐγένετο
1383 1389 1386 1396 ’

155 1503 191 1564 δὲ
214 1501 265 1565 ἐπὶ
288 1501 417 1580 χρόνων
440 1500 642 1578 Πτολεμαίου
665 1503 724 1563 τοῦ
747 1499 963 1579 Φιλαδέλφου.

241 1613 272 1674 3.
304 1609 409 1674 Schol.
427 1609 512 1673 Vict.
537 1610 575 1673 Il.
601 1613 634 1691 B,
658 1608 736 1673 234:
760 1609 790 1674 ολ
813 1611 884 1688 περὶ
906 1608 1096 1686 Ζηνόδοτον
1118 1611 1296 1674 πολυπίδα-

155 1742 212 1785 xor
235 1722 286 1785 διά
309 1721 346 1785 τό
364 1718 564 1799 Καλλιμάχου
582 1720 732 1799 Κρηνέων
747 1721 775 1784 τ’
789 1720 927 1804 Εὐρώπῃ
949 1720 1149 1797 μιεγομένων
1170 1720 1294 1786 ἕκατον.

154 1829 261 1894 Schol.
286 1829 363 1893 Eur.
388 1830 484 1894 Rhes.
509 1817 567 1894 28}
596 1832 675 1895 ἔνιοι
704 1831 739 1894 δέ
768 1831 842 1895 εἰειν
865 1830 896 1894 ολ
924 1830 973 1893 καὶ
1000 1831 1087 1909 παρὰ
1116 1833 1173 1907 τὴν
1196 1831 1295 1910 αὐτὴν
1315 1852 1364 1899 aas

154 1941 341 2023 (Εὐρώπην)
365 1941 547 2020 ὠνομάεθαι
569 1943 626 2018 τὴν
648 1942 782 2019 ἤπειρον
798 1939 934 2024 (ouria),
958 1941 1100 2019 καθάπερ
1123 1942 1172 2003 καὶ
1190 1941 1296 2004 Καλλί-

153 2072 273 2129 μαχοι,
304 2051 490 2129 Ζηνόδοτοε
523 2052 645 2127 ocur
677 2051 786 2115 αὐτοῦ.
839 2049 926 2123 Quae
961 2071 1031 2112 cum
1059 2048 1223 2113 Heokerus
1257 2051 1295 2114 ad

43 2200 53 2213 -
153 2161 322 2224 Aetiorum
345 2160 459 2223 librum
483 2182 502 2223 a
525 2159 721 2225 Callimacho
750 2160 814 2223 iam
843 2159 884 2222 ad
912 2162 1109 2224 senectutem
1131 2165 1295 2244 vergente,

154 2275 190 2333 ut
224 2271 285 2352 ait,
320 2271 472 2352 scriptum
502 2275 699 2353 revocasset,
734 2269 965 2334 Callimachum
998 2291 1107 2333 senem
1135 2269 1296 2334 Zenodoto

153 2381 320 2464 aequalem
335 2379 432 2443 fuisse
448 2402 508 2443 nec
523 2381 623 2444 vitam
638 2381 722 2444 ultra
744 2380 837 2444 huius
858 2384 992 2443 mortem
1013 2379 1138 2444 duxisse
1155 2381 1293 2465 collegit.

153 2490 216 2554 Sed
240 2495 275 2553 ut
296 2494 421 2554 taceam
450 2490 532 2574 quod
562 2491 601 2555 de
624 2491 788 2555 nomiman
811 2491 991 2572 corruptela
1020 2491 1175 2574 cogitavit
1197 2490 1296 2555 Bern-
1332 2489 1335 2495 ’

152 2600 294 2683 hardyus
309 2599 394 2663 Hist.
419 2599 481 2663 lia.
505 2622 611 2685 graec.
629 2600 661 2665 Il
682 2624 713 2683 p.
734 2600 825 2681 1035,
850 2600 1000 2683 quoniam
1023 2600 1062 2664 de
1078 2622 1114 2664 eo
1137 2601 1220 2684 quod
1242 2602 1296 2666 ille

153 2711 277 2793 posuit,
306 2731 372 2774 non
400 2710 541 2793 potuisse
564 2710 760 2774 Zenodotunr
789 2712 822 2773 in
846 2711 957 2774 critica
986 2714 1055 2774 arte
1078 2712 1254 2776 exercenda
1277 2736 1296 2775 a

153 2819 352 2883 Callimacho
375 2824 566 2904 argumenta
592 2825 717 2903 petere,
746 2821 843 2883 alium
872 2821 965 2883 aliter
993 2821 1205 2884 iudicaturum
1227 2844 1296 2886 esse

153 2929 262 3010 video,
291 2931 412 2993 nullam
435 2929 589 2994 Zenodoti
618 2952 735 2994 nomen
766 2953 836 2994 cum
865 2930 1061 2995 Callimacho
1091 2932 1295 2994 conirmctum

152 3039 403 3123 argumentandi
418 3041 483 3103 vim
505 3041 613 3104 hahet.
652 3039 737 3103 Nam
753 3045 839 3104 etex
861 3041 924 3105 alio
941 3040 1131 3106 Callimachi
1155 3041 1295 3104 carmine

152 3149 288 3212 iuvenili
304 3153 409 3213 aetate
425 3150 545 3234 scripto
561 3151 640 3214 haec
655 3153 809 3214 memoria
824 3152 925 3233 petita
941 3173 1008 3214 esse
1032 3154 1152 3234 potest,
1177 3154 1209 3214 et
1225 3151 1294 3233 ipsa

153 3259 253 3322 Aetia
269 3280 307 3322 ex
322 3259 438 3323 Naekii
459 3261 704 3324 ratiocinatione
720 3261 802 3325 Mus.
820 3261 924 3324 Rhen.
942 3260 972 3323 Π
989 3284 1020 3343 p.
1038 3261 1101 3323 519
1118 3258 1245 3345 [Opusc.
1263 3261 1294 3324 ll

152 3392 186 3451 p.
204 3368 258 3455 36]
282 3373 357 3431 ante
378 3369 522 3433 Hecalen
544 3392 673 3434 carmen
695 3372 747 3456 (αδ
763 3379 829 3435 uiro
849 3379 1011 3454 scriptum,
1035 3392 1095 3434 noa
1111 3373 1293 3455 casareae),

153 3478 332 3560 composita
360 3480 400 3542 ad
428 3484 625 3544 senectutem
654 3482 772 3545 referre
800 3482 852 3544 vix
881 3482 966 3544 licet.
1023 3481 1162 3546 Omnino
1189 3484 1295 3545 autem

152 3588 235 3651 haec
257 3588 304 3650 ita
327 3593 512 3672 comparata
535 3595 625 3672 sunt,
655 3596 691 3654 ut
714 3591 754 3654 ah
776 3592 815 3655 iis
838 3613 903 3655 non
929 3591 1209 3674 proficiscendum,
1240 3592 1294 3655 sed

152 3720 171 3760 e
200 3701 379 3781 temporum
412 3700 537 3763 ratione
571 3701 698 3764 aliunde
736 3701 911 3765 constituta
947 3723 997 3765 res
1035 3701 1204 3766 iudicanda
1241 3704 1293 3766 sit.

151 3806 268 3889 Itaque
303 3807 384 3871 nihil
416 3809 491 3873 inde
526 3810 704 3895 colligitur,
739 3811 801 3874 nisi
835 3811 997 3875 Zenodoto
1029 3811 1116 3894 vivo,
1154 3815 1214 3877 hoc
1247 3816 1295 3875 est

151 3920 232 3979 ante
254 3915 295 3979 ol.
323 3918 381 3981 133
405 3918 525 3982 clarum
546 3921 644 3984 fuisse
668 3920 908 3987 Callimachum.

232 4028 264 4088 4.
288 4025 400 4090 Suidas
415 4050 445 4091 ν.
462 4031 701 4110 Ἀριετοφάνηεε
716 4035 853 4112 μαθητὴε
871 4034 1070 4111 Καλλιμάχου
1085 4034 1135 4096 καὶ
1150 4034 1294 4111 Ζηνοδό-

149 4157 225 4216 του,
249 4136 332 4200 ἀλλὰ
345 4141 404 4201 τοῦ
424 4140 480 4215 μὲν
497 4140 726 4224 (Καλλιμάχου)
743 4142 831 4217 νὲοε,
854 4147 913 4207 τοῦ
936 4145 971 4206 δὲ
988 4143 1204 4226 (Ζηνοδότου)
1220 4147 1294 4207 παῖε

149 4248 298 4324 ἤκουεεν.
356 4245 466 4329 Itaque
494 4252 530 4310 ut
559 4249 808 4331 Aristophanem
836 4250 1070 4315 adolescentem
1100 4251 1292 4332 institueret,

150 4354 240 4418 ultra
262 4355 304 4416 ol.
331 4355 391 4419 134
412 4356 512 4420 vitam
534 4359 715 4440 provexerit
737 4340 865 4423 necesse
888 4365 945 4423 est.
