2896 4996
223 332 287 396 620
612 347 660 392 nn
685 346 755 394 ono
778 345 822 392 nr
847 344 989 392 carons.

216 503 319 582 Ὤρου
334 505 394 566 τοῦ
412 500 620 582 Μιληςίουῆ,
643 498 778 563 Scholiis
800 497 915 560 minor.
933 496 968 560 in
983 496 1094 560 Iliadis
1112 499 1134 560 Β
1149 497 1212 560 461
1229 500 1263 559 et
1284 496 1358 559 hinc

215 611 366 675 Favorini
387 609 458 674 nu.
482 633 514 693 p.
541 609 610 692 126,
634 609 692 673 35:
715 610 819 674 οὕτω(
840 608 941 687 Ὠρο(
963 608 998 673 ἐν
1020 615 1058 692 τῇ
1082 608 1302 690 ὀρθογραφίᾳε
1326 608 1359 669 in

217 720 340 804 quibua,
365 719 448 803 quod
470 719 547 783 alibi
570 718 653 800 aliie,
678 718 796 782 accidit
811 717 970 801 Spitzneri
993 716 1193 802 diligentiae,
1218 716 1360 782 11101111-

216 852 291 894 nem
313 829 434 894 diceret
462 829 730 914 orthographum3
759 827 869 911 Steph.
900 826 976 911 Byz.
1008 851 1039 911 p.
1067 828 1148 910 399,
1175 827 1216 890 12
1243 827 1360 891 Dind.:

216 940 315 1021 Ὠρο(
338 942 373 1005 δέ
397 961 493 1021 φηςιν
515 941 551 1005 ἐν
574 947 611 1024 τή,
636 939 844 1021 ὀρθογραφίᾳ.
888 938 938 1001 Ac
967 937 1190 1021 percommode
1221 942 1309 1001 certe
1331 942 1363 1001 et

216 1050 362 1134 usurpari
385 1052 417 1113 et
445 1049 537 1113 citari
565 1049 648 1113 liber
675 1048 780 1132 potuit
807 1050 886 1113 κατὰ
915 1053 1071 1128 (τοιχεῖον
1100 1048 1294 1131 dispositus,
1328 1054 1364 1112 ut

165 1166 199 1217 36
216 1164 353 1224 testatur
376 1158 499 1224 Suidas.
531 1159 729 1243 Quamquam
752 1160 786 1222 in
808 1163 942 1241 utroque
965 1158 1047 1222 libro
1070 1158 1203 1221 eaedem
1224 1180 1279 1223 res
1302 1159 1363 1222 sor-

217 1271 303 1334 sitan
332 1269 505 1352 redierint,
535 1269 611 1333 licet
639 1269 780 1333 diversas
809 1269 842 1331 in
870 1272 979 1351 partes
1008 1268 1060 1331 hic
1086 1268 1154 1331 illic
1189 1269 1363 1334 iudicatae.

216 1380 388 1444 Praeterea
419 1383 525 1443 autem
559 1379 626 1442 dno*
655 1379 738 1462 apud
756 1378 897 1443 'Suidam
931 1378 1053 1443 indices
1081 1378 1247 1443 adduntur
1277 1383 1366 1460 περὶ

216 1494 336 1568 aspro
365 1490 585 1569 διφθόγγου
608 1489 921 1571 111ὀρθογραφία
944 1490 1030 1568 περὶ
1053 1493 1119 1566 τῆ(
1146 1495 1180 1554 ᾶι
1203 1492 1365 1571 διφθόγ·

216 1621 296 1676 γου.
352 1599 390 1663 In
431 1599 544 1682 quibus
583 1599 752 1662 afferendis
792 1621 862 1662 cmn
900 1620 965 1661 non
1005 1598 1177 1662 admodum
1212 1604 1366 1664 accurate

217 1709 330 1774 Suidas
363 1710 486 1774 locutus
519 1709 577 1792 sit,
610 1712 720 1774 tamen
748 1713 781 1772 et
812 1708 951 1772 medium
980 1709 1120 1790 positum
1155 1711 1367 1792 ὀρθογραφία

217 1841 334 1883 nomen
357 1823 389 1883 et
411 1820 481 1902 ipsa
503 1841 553 1882 res
575 1820 721 1902 suadent,
748 1823 783 1882 ut
805 1842 872 1883 non
894 1818 1033 1882 diversos
1055 1818 1165 1901 libros
1190 1820 1248 1884 sed
1273 1822 1367 1884 unius

217 1930 358 1993 diversas
379 1933 488 2012 partes
511 1930 688 2014 significari
712 1929 887 1993 credamus.
920 1927 989 1992 Nec
1011 1928 1094 2012 quod
1117 1932 1217 1993 antea
1242 1952 1262 1993 e
1279 1931 1366 1995 Pari-

218 2039 288 2102 sino
315 2039 557 2123 Havniensiquc
586 2040 825 2123 proferebamus
855 2044 1093 2119 orthopraptiae
1125 2040 1365 2122 testimonium,

218 2149 300 2233 quod
328 2152 473 2223 versatur
500 2149 536 2212 in
568 2149 771 2213 diiudicanda
800 2154 877 2230 ξῑρι(
904 2152 936 2212 et
964 2153 1057 2229 ξεῑρι(
1085 2149 1269 2233 scriptura,
1306 2152 1366 2214 alio

218 2262 344 2342 spectat
370 2259 433 2322 nisi
462 2258 502 2322 ad
530 2259 634 2342 ipsam
656 2265 691 2325 H
715 2259 960 2343 diphthongum.
1006 2257 1148 2334 Quocum
1184 2261 1297 2344 aliqua
1330 2284 1366 2324 er

219 2373 309 2452 porte
337 2369 515 2451 comparari
542 2373 664 2452 potest,
700 2369 783 2452 quod
815 2369 951 2433 similem
983 2369 1018 2433 in
1045 2369 1175 2432 modum
1208 2371 1367 2455 disposita

218 2479 316 2542 etiam
330 2479 528 2563 Theognosti
543 2479 746 2564 grammatici
763 2479 995 2565 orthographia
1017 2479 1090 2563 fuit,
1115 2483 1152 2543 ut
1168 2481 1366 2567 singillatim

220 2712 421 2719 .„--.—-..-

286 2876 311 2942 *)
331 2876 484 2943 [Loquendi
502 2894 590 2944 genus
609 2879 681 2944 quod
701 2883 745 2931 cst
763 2880 801 2933 εἰ(
819 2882 872 2944 τὴν
896 2878 1087 2945 ὁρθογραφίαν
1111 2896 1175 2933 cum
1199 2882 1244 2934 aui
1264 2883 1363 2936 similia

218 2969 322 3021 habeat
341 2972 476 3033 sescenta,
494 2973 589 3028 himen
608 2972 780 3039 seiungenda
798 2972 833 3025 ab
847 2971 894 3038 eis,
911 2972 940 3024 in
953 2971 1052 3038 quibus
1065 2971 1105 3025 εἰ(
1117 2975 1153 3025 τὸ
1167 3005 1201 3011 -
1213 2975 1261 3028 vel
1280 2975 1362 3028 etiam

218 3063 294 3127 ζήτει
313 3063 352 3116 εἰ(
370 3064 405 3115 τὸ
418 3093 450 3100 -
468 3066 511 3116 est
530 3062 699 3132 simpliciter,
718 3064 766 3118 illa
783 3066 910 3133 exempla
928 3066 1000 3131 sunt,
1017 3065 1045 3117 in
1064 3064 1165 3131 quibus
1185 3068 1306 3121 verbum
1323 3085 1363 3120 ac·

219 3155 293 3208 cedit
315 3155 389 3221 quod
412 3155 600 3209 accusativum
622 3156 775 3225 adsciscere
800 3175 868 3211 sana
891 3159 998 3212 ratione
1020 3158 1125 3224 nequit.
1156 3152 1252 3214 Velut
1275 3161 1363 3230 ipsum

218 3247 402 3317 1111111εῡρον,
430 3249 474 3303 vel
498 3251 571 3314 λέγει
595 3250 779 3315 Χοιρὸβοεκο(
803 3252 842 3306 εἰ(
860 3255 914 3317 τὴν
932 3252 1125 3318 ὁρθογραφίαν
1145 3253 1241 3306 αὐτοῦ
1265 3253 1308 3307 Et
1327 3253 1361 3306 11.

218 3358 244 3408 p.
270 3346 315 3404 61,
338 3347 382 3406 13,
410 3343 517 3410 εἴρηται
541 3342 579 3396 εἰ(
603 3344 637 3395 τὸ
660 3344 808 3398 Πλειετοῑο
831 3363 857 3414 p.
884 3350 945 3407 551,
968 3349 1024 3418 15,ι
1041 3346 1113 3398 ἔετιν
1143 3345 1184 3399 εἰ(
1207 3349 1245 3399 τὸ
1270 3349 1361 3410 roae<

218 3451 244 3501 p.
265 3438 322 3498 566,
343 3441 381 3500 12,
398 3437 547 3502 ῥηθὴεεται
566 3436 604 3490 εἰ(
623 3438 657 3489 τὸ
676 3438 773 3491 «curlo
792 3437 861 3491 Gud.
880 3455 907 3506 p.
926 3443 983 3500 297,
1001 3444 1024 3491 3.
1061 3437 1157 3490 Manui
1175 3439 1231 3492 hoc
1251 3441 1362 3508 propter

219 3526 364 3592 Sturzium,
383 3527 430 3594 qui
447 3529 572 3582 oratione
590 3528 684 3598 paullo
703 3546 786 3596 quam
800 3531 929 3584 Orionem
948 3529 1120 3597 elegantiore
1139 3547 1206 3584 usos
1227 3550 1291 3585 esse
1309 3535 1362 3598 ety-

218 3619 346 3686 mologos
364 3619 528 3675 mirabiliter
546 3621 599 3674 sibi
616 3623 757 3690 persuasit
773 3625 861 3692 praef.
881 3623 908 3676 in
927 3622 972 3676 Or.
992 3641 1018 3691 p.
1032 3622 1091 3675 Vll.
1116 3622 1167 3690 [of.
1188 3642 1265 3678 nunc
1277 3625 1360 3678 Maur.

219 3709 442 3766 Schmidtium
467 3713 496 3767 in
521 3714 694 3769 Fleckeiseni
720 3717 818 3770 Annal.
846 3716 913 3785 phil.
940 3719 961 3769 t.
985 3715 1130 3786 LXXIla.
1158 3721 1237 3783 1855)
1262 3736 1289 3787 p.
1315 3723 1362 3772 195

219 3804 294 3873 adn]
312 3836 345 3844 -
362 3806 445 3859 Istius
463 3807 539 3860 modi
556 3824 667 3873 naevos,
686 3809 785 3876 quibus
798 3811 907 3863 scatent
918 3808 1120 3878 Etymologica‚
1139 3810 1218 3877 apud
1232 3810 1362 3866 Orionem

218 3901 322 3952 frustra
340 3915 470 3965 quaeras:
501 3902 598 3954 contra
616 3901 707 3955 eidem
726 3919 797 3968 quae
820 3903 887 3957 vitio
910 3900 1143 3966 dedicaturum,
1167 3904 1218 3955 aut
1242 3904 1364 3958 librariis

219 3991 355 4044 debentur
373 3994 422 4044 aut
439 3992 540 4046 idonea
557 3993 666 4048 ratione
684 4012 740 4049 non
758 3995 952 4053 destituuntur,
985 3994 1069 4048 Velut
1086 3994 1246 4051 rectissime
1266 3998 1365 4051 dicitu

219 4085 249 4136 ἐκ
269 4087 372 4137 τοῦτὸ
390 4091 492 4151 τεῖχος,
511 4088 639 4141 ἀπὸτοῦ
658 4091 774 4154 όχρώεῑ
795 4092 892 4142 contra
909 4106 965 4141 non
984 4087 1198 4142 usitatissimum
1217 4093 1273 4166 est,
1294 4091 1365 4158 quod

219 4174 341 4230 Sturzius
359 4180 523 4246 expetebat,
547 4183 623 4247 παρὰ
640 4184 694 4246 τὴν
713 4183 791 4249 ἀράν.
829 4180 951 4246 Quorum
973 4183 1083 4250 partem
1100 4180 1186 4249 tetigi
1203 4182 1321 4253 Proleg.
1339 4183 1366 4236 in

219 4268 355 4324 Thomam
373 4271 409 4325 M.
433 4291 460 4342 p.
479 4272 539 4326 XCI
558 4290 598 4340 sq.
637 4278 692 4340 (Ea
717 4281 851 4329 Addendrr
865 4297 893 4344 p.
913 4279 966 4343 sd.)
990 4306 1022 4312 —
1046 4274 1176 4328 Ceterum
1201 4277 1292 4331 solita
1310 4276 1364 4332 e'ru·

219 4361 322 4416 ditione
340 4363 496 4419 dotalibus
515 4366 669 4436 disputavit
691 4368 851 4422 Lchrsius
870 4367 1009 4423 Censurae
1027 4386 1055 4438 p.
1074 4368 1144 4436 451]
