2896 4996
487 355 534 401 ns
557 354 627 401 ono
650 355 695 400 er
718 354 859 400 omous.
1183 337 1246 401 595

99 508 265 589 daemoni,
301 506 479 589 Methodio,
515 507 684 590 Nicanori,
724 502 873 591 origeni,
912 505 1105 589 Philopono,
1141 505 1245 569 Ptole-

99 640 209 701 mae0,
234 617 382 699 Selenen,
407 617 534 701 Sergio,
559 618 700 700 Socrati,
724 617 999 701 The0g110sto.——
1020 615 1115 681 Nunc
1138 620 1245 680 autem

98 729 155 792 ubi
178 729 238 793 hoc
261 729 400 811 spatium
423 728 542 791 emensi
566 751 672 792 sumus
695 750 753 812 pro
775 728 859 791 virili
882 731 989 810 parte,
1019 728 1126 810 placet
1147 728 1246 810 respi-

100 860 189 921 cere,
213 839 305 903 nobis
327 838 448 921 priores
464 836 619 923 philologi
641 839 715 923 quid
739 838 777 902 de
800 838 856 903 Ori
879 841 985 901 aetate
1007 838 1169 922 opinando
1192 860 1246 921 po-

99 950 166 1012 tius
188 949 348 1012 senserint
370 969 465 1032 quam
489 949 663 1013 iudicarint
685 949 887 1033 disputando.
922 948 950 1012 Ε
973 949 1085 1032 quibus
1108 948 1245 1033 primum

100 1059 330 1123 collaudandus
367 1060 459 1122 nobis
496 1060 585 1123 venit
621 1059 848 1142 ltuhrrkenius,
889 1060 1038 1143 antiquos
1075 1063 1107 1123 et
1144 1060 1245 1123 claros

99 1170 329 1254 grammaticos
352 1170 452 1235 Orum
474 1171 583 1234 dicens
607 1175 639 1234 et
654 1170 836 1235 Draconem
851 1171 1124 1235 Stratonicensem
1139 1170 1243 1254 Epist.

100 1281 174 1344 crit.
190 1280 223 1343 ll
240 1304 271 1363 p.
287 1280 351 1343 229
373 1304 437 1365 sq.;
460 1281 574 1345 deinde
597 1282 900 1364 praetermittendus
923 1281 1135 1345 Schneiderus
1151 1280 1244 1363 Saxo,

99 1393 260 1456 incertam
289 1391 453 1474 utriusque
483 1395 622 1456 aetatem
650 1393 792 1456 obiciens
813 1392 915 1476 praef.
939 1393 973 1456 in
999 1392 1119 1475 Orphei
1141 1394 1246 1476 Argo-

99 1506 193 1566 naut.
218 1525 247 1586 p.
271 1501 363 1584 XVI,
386 1502 651 1587 perstringendus
674 1506 781 1566 autem
804 1503 964 1566 Amadeus
985 1502 1164 1587 PeyronuS,
1192 1525 1247 1586 pa-

102 1635 176 1675 rum
198 1613 226 1675 is
242 1611 417 1676 honorifice
440 1612 478 1675 de
495 1615 559 1677 Oro
582 1614 724 1678 sentiens
740 1614 859 1678 Adnot.
886 1614 919 1678 in
940 1614 1048 1698 Etym.
1065 1613 1109 1677 M.
1127 1637 1156 1697 p.
1172 1613 1245 1695 999,

100 1727 138 1786 ut
161 1723 241 1787 adeo
264 1723 481 1788 Christianum
501 1732 743 1804 grammaticalem
767 1747 901 1810 arguere
923 1748 988 1789 non
1011 1728 1168 1789 vereatur.

187 1885 262 1949 Non
291 1885 443 1963 defuisse,
458 1890 564 1949 autem
593 1887 673 1969 Oro,
709 1886 885 1951 Herodiani
914 1886 961 1950 illi
989 1889 1024 1949 nt
1051 1887 1192 1951 videmus
1215 1890 1247 1950 et

99 1995 279 2079 Phrynichi
307 1997 341 2059 in
370 1997 464 2060 rebus
493 1998 714 2089 grammaticis
749 1997 946 2080 adversario,
984 2020 1056 2060 suos
1089 1997 1142 2080 qui
1177 2020 1247 2061 cum

62 2147 68 2162 ι
100 2107 172 2189 ipso
195 2110 320 2170 starent
342 2109 516 2170 sectatores
524 2158 533 2189 ‚
563 2131 600 2171 ex
624 2108 841 2192 Etymologici
869 2109 913 2171 M.
938 2131 969 2191 p.
993 2108 1051 2191 43,
1074 2108 1116 2171 42
1143 2108 1247 2171 verbis

99 2216 302 2301 intellegitur
333 2219 362 2281 οἱ
391 2221 425 2282 δὲ
453 2221 525 2299 περὶ
552 2219 653 2299 Ὧρον
682 2221 829 2296 λέγουειν
858 2242 885 2283 e.
910 2242 940 2303 q.
965 2219 1030 2305 s.*)
1074 2218 1149 2282 Non
1177 2219 1246 2282 uni-

92 2342 192 2391 'verse
215 2327 356 2411 laudari,
386 2329 441 2392 sed
463 2334 594 2413 propter
623 2352 721 2393 unum
744 2329 901 2413 quoddam
923 2333 1130 2413 praeceptum
1163 2351 1247 2392 eom-

97 2439 247 2502 mendari
275 2442 366 2521 patet
394 2438 481 2502 hisce
508 2462 540 2522 p.
570 2440 647 2523 663,
676 2441 717 2504 48
746 2442 772 2523 ᾧ
806 2444 928 2520 μᾶλλον
961 2442 1115 2505 πειετέον.
1163 2439 1247 2502 Leve

98 2553 166 2632 est,
197 2548 254 2611 sed
282 2572 347 2612 non
378 2550 643 2633 praetereundum
671 2554 797 2632 tamen,
826 2551 908 2634 quod
937 2551 1015 2614 adeo
1038 2573 1096 2614 usu
1118 2553 1151 2614 et
1174 2571 1246 2613 con·

98 2659 270 2723 suetudine
292 2660 404 2722 tritum
433 2660 622 2744 quibusdam
650 2661 869 2745 grammaticis
897 2660 1022 2724 videtur
1045 2661 1098 2725 Ori
1130 2682 1247 2724 nomen

97 2769 216 2851 fuisse,
250 2772 285 2832 ut
312 2770 346 2832 in
375 2771 519 2853 exemplo
546 2776 718 2854 poneretur
746 2771 927 2834 illustrandi
955 2771 1016 2834 loci
1044 2770 1247 2855 grammatici

99 2903 216 2945 caussa
239 2881 342 2945 facto:
371 2904 401 2944 v.
426 2881 533 2965 Etym.
563 2882 608 2944 M.
631 2904 664 2965 p.
689 2883 762 2960 759,
784 2882 841 2946 26:
869 2885 963 2960 δηλοῖ
984 2884 1020 2945 δὲ
1042 2881 1094 2966 (τὸ
1121 2882 1173 2965 τί)
1197 2883 1247 2945 καὶ
1349 2912 1351 2915 ·

96 2992 309 3069 θαυμαετικὸν
338 2993 509 3074 ἐπίρρημα,
541 2993 585 3056 ὼ(
613 2991 649 3058 ἐν
677 2999 722 3078 τῷ
752 2993 786 3056 τί
818 2993 936 3072 Ὥροε
964 2992 1154 3063 atriorum
1189 2989 1246 3054 Oui

98 3101 241 3165 conferri
264 3102 382 3165 similes
405 3103 491 3165 lusus
515 3101 679 3184 Apollonii
707 3104 841 3185 possunt
868 3101 956 3165 velut
983 3100 1021 3165 de
1051 3101 1246 3165 coniunctio-

97 3212 196 3275 nibus
224 3234 256 3295 p.
280 3213 342 3276 482
369 3236 437 3297 sqq.
467 3212 541 3276 493.
570 3212 644 3276 497.
672 3213 752 3293 511,
781 3211 820 3274 de
849 3211 1007 3275 adverbiis
1036 3235 1068 3295 p.
1090 3211 1154 3276 529
1176 3233 1244 3296 sqq.

95 3320 174 3403 540,
198 3321 263 3384 nisi
284 3322 367 3405 quod
390 3345 455 3386 non
478 3322 607 3385 honoris
631 3343 742 3385 caussa
766 3321 847 3384 Orus
871 3323 1064 3404 nominatur,
1089 3344 1182 3405 quem
1204 3322 1295 3386 ad13

97 3431 229 3495 modum
261 3431 407 3516 Trypho,
446 3433 635 3516 Dionysius,
673 3432 895 3515 Aristarchus,
934 3432 1168 3516 Aristophanes
1205 3433 1246 3496 ab

96 3543 338 3628 Apollonio,**)

187 3814 212 3880 *)
231 3813 282 3883 [De
300 3813 353 3869 hoc
370 3814 502 3872 fefellisse
525 3814 685 3885 opinionem
707 3816 861 3871 luculenter
881 3816 976 3870 docuit
993 3816 1155 3871 Lehrsius
1179 3818 1245 3871 Oen-

93 3923 183 3963 surae
207 3925 233 3977 p.
258 3914 309 3962 453
333 3928 386 3977 sq,
413 3911 482 3963 nihil
509 3909 584 3964 aliud
615 3910 668 3963 nisi
696 3928 781 3963 unum
810 3909 896 3963 Orum
922 3911 1013 3978 ipsum
1044 3892 1110 3962 tali'
1127 3910 1247 3963 formula.

91 4001 254 4072 significari
277 4003 357 4055 tanta
375 4003 517 4057 doctrinae
535 4004 665 4059 ubertate
683 4004 891 4070 demonstrans,
914 4006 945 4056 ut
966 4006 1064 4057 eontra
1087 4003 1184 4057 sentiri
1200 4021 1246 4057 ne-

90 4098 194 4167 queat.
234 4094 381 4174 Singulare
399 4098 443 4151 est
467 4097 540 4164 quod
562 4097 591 4151 in
615 4098 726 4152 scholiis
749 4096 844 4150 Iliadis
871 4099 889 4150 Β
913 4104 962 4152 523
986 4099 1087 4151 exstat:
1113 4100 1128 4151 ὁ
1153 4100 1246 4151 'Acro-

87 4191 225 4257 λωνίτη(
243 4192 289 4242 καὶ
307 4189 334 4243 ol
352 4193 416 4258 περὶ
436 4191 607 4259 Ἀλεξίωνα]

184 4309 211 4375 *)
236 4308 287 4377 [De
305 4308 358 4362 hoc
376 4326 477 4378 genere
497 4313 525 4364 et
542 4311 672 4365 affinibus
690 4312 750 4364 tam
767 4311 842 4366 lectu
859 4310 979 4365 iucunda
1001 4328 1085 4378 quam
1102 4311 1246 4366 intellectu
1283 4326 1288 4350 ⁴

82 4403 178 4462 utilia
196 4400 362 4457 Lehrsius
381 4403 519 4460 Censurae
537 4423 565 4475 p.
582 4410 633 4460 454
651 4423 692 4472 sq.
711 4403 878 4474 explicavit]

977 4491 1042 4555 38*
