<?xml version="1.0" encoding="UTF-8"?>
<!DOCTYPE html PUBLIC "-//W3C//DTD XHTML 1.0 Transitional//EN"
    "http://www.w3.org/TR/xhtml1/DTD/xhtml1-transitional.dtd">
<html xmlns="http://www.w3.org/1999/xhtml" xml:lang="en" lang="en">
 <head>
  <title>
</title>
<meta http-equiv="Content-Type" content="text/html;charset=utf-8" />
  <meta name='ocr-system' content='tesseract 3.04.00' />
  <meta name='ocr-capabilities' content='ocr_page ocr_carea ocr_par ocr_line ocrx_word'/>
</head>
<body>
  <div class='ocr_page' id='page_1' title='image "./fridericiritsch04wachgoog_0735.png"; bbox 0 0 2904 4996; ppageno 0'>
   <div class='ocr_carea' id='block_1_1' title="bbox 224 301 972 390">
    <p class='ocr_par' dir='ltr' id='par_1_1' title="bbox 224 301 972 390">
     <span class='ocr_line' id='line_1_1' title="bbox 224 301 972 390; baseline -0.008 -25"><span class='ocrx_word' id='word_1_1' title='bbox 224 301 285 365; x_wconf 75' lang='lat'>722</span> <span class='ocrx_word' id='word_1_2' title='bbox 344 324 368 390; x_wconf 44' lang='grc' dir='ltr'><strong><em>χ</em></strong></span> <span class='ocrx_word' id='word_1_3' title='bbox 617 315 777 363; x_wconf 71' lang='lat' dir='ltr'>sonabas</span> <span class='ocrx_word' id='word_1_4' title='bbox 800 313 972 361; x_wconf 75' lang='lat' dir='ltr'>carmela.</span> 
     </span>
    </p>
   </div>
   <div class='ocr_carea' id='block_1_2' title="bbox 224 468 1373 666">
    <p class='ocr_par' dir='ltr' id='par_1_2' title="bbox 224 468 1373 666">
     <span class='ocr_line' id='line_1_2' title="bbox 224 468 1373 554; baseline -0.002 -20"><span class='ocrx_word' id='word_1_5' title='bbox 224 492 333 534; x_wconf 87' lang='lat' dir='ltr'>versus</span> <span class='ocrx_word' id='word_1_6' title='bbox 355 468 511 554; x_wconf 86' lang='lat' dir='ltr'>quaedam</span> <span class='ocrx_word' id='word_1_7' title='bbox 534 468 694 550; x_wconf 89' lang='lat' dir='ltr'>omisisse,</span> <span class='ocrx_word' id='word_1_8' title='bbox 723 468 846 552; x_wconf 83' lang='lat' dir='ltr'>reliqua</span> <span class='ocrx_word' id='word_1_9' title='bbox 874 471 982 531; x_wconf 85' lang='lat' dir='ltr'>autem</span> <span class='ocrx_word' id='word_1_10' title='bbox 1003 468 1147 531; x_wconf 88' lang='lat' dir='ltr'>numeris</span> <span class='ocrx_word' id='word_1_11' title='bbox 1170 469 1285 532; x_wconf 87' lang='lat' dir='ltr'>solutis</span> <span class='ocrx_word' id='word_1_12' title='bbox 1307 490 1373 532; x_wconf 89' lang='lat' dir='ltr'>ora-</span> 
     </span>
     <span class='ocr_line' id='line_1_3' title="bbox 224 578 625 666; baseline -0.005 -22"><span class='ocrx_word' id='word_1_13' title='bbox 224 581 307 644; x_wconf 92' lang='lat' dir='ltr'>tioni</span> <span class='ocrx_word' id='word_1_14' title='bbox 329 602 404 644; x_wconf 85' lang='lat' dir='ltr'>suae</span> <span class='ocrx_word' id='word_1_15' title='bbox 425 578 625 666; x_wconf 54' lang='lat' dir='ltr'>intonuisse}</span> 
     </span>
    </p>
   </div>
   <div class='ocr_carea' id='block_1_3' title="bbox 696 802 899 810">
    <p class='ocr_par' dir='ltr' id='par_1_3' title="bbox 696 802 899 810">
     <span class='ocr_line' id='line_1_4' title="bbox 696 802 899 810; baseline 0 0"><span class='ocrx_word' id='word_1_16' title='bbox 696 802 899 810; x_wconf 48' lang='lat' dir='ltr'><em>——a-</em></span> 
     </span>
    </p>
   </div>
   <div class='ocr_carea' id='block_1_4' title="bbox 174 985 1376 1303">
    <p class='ocr_par' dir='ltr' id='par_1_4' title="bbox 174 985 1376 1298">
     <span class='ocr_line' id='line_1_5' title="bbox 174 985 1376 1083; baseline -0.002 -30"><span class='ocrx_word' id='word_1_17' title='bbox 174 993 207 1083; x_wconf 77' lang='lat'>2⁷</span> <span class='ocrx_word' id='word_1_18' title='bbox 311 988 408 1072; x_wconf 88' lang='lat' dir='ltr'><strong>Apud</strong></span> <span class='ocrx_word' id='word_1_19' title='bbox 426 985 642 1050; x_wconf 86' lang='lat' dir='ltr'>Hesiodum</span> <span class='ocrx_word' id='word_1_20' title='bbox 663 987 788 1065; x_wconf 79' lang='grc' dir='ltr'>Ἔργων</span> <span class='ocrx_word' id='word_1_21' title='bbox 811 986 861 1050; x_wconf 91' lang='grc' dir='ltr'>καί</span> <span class='ocrx_word' id='word_1_22' title='bbox 883 986 1011 1065; x_wconf 88' lang='grc' dir='ltr'>ἡμερῶν</span> <span class='ocrx_word' id='word_1_23' title='bbox 1033 1008 1063 1048; x_wconf 90' lang='grc' dir='ltr'>ν.</span> <span class='ocrx_word' id='word_1_24' title='bbox 1083 987 1122 1050; x_wconf 78' lang='grc'>17</span> <span class='ocrx_word' id='word_1_25' title='bbox 1147 1009 1220 1070; x_wconf 90' lang='lat' dir='ltr'><strong>sqq.</strong></span> <span class='ocrx_word' id='word_1_26' title='bbox 1245 987 1291 1051; x_wconf 88' lang='lat' dir='ltr'>sic</span> <span class='ocrx_word' id='word_1_27' title='bbox 1314 988 1376 1051; x_wconf 80' lang='lat' dir='ltr'>vul-</span> 
     </span>
     <span class='ocr_line' id='line_1_6' title="bbox 225 1101 425 1184; baseline -0.016 -20"><span class='ocrx_word' id='word_1_28' title='bbox 225 1102 338 1184; x_wconf 85' lang='lat' dir='ltr'>gatum</span> <span class='ocrx_word' id='word_1_29' title='bbox 361 1101 425 1162; x_wconf 88' lang='lat' dir='ltr'>est:</span> 
     </span>
     <span class='ocr_line' id='line_1_7' title="bbox 310 1215 1272 1303; baseline 0 -21"><span class='ocrx_word' id='word_1_30' title='bbox 310 1220 368 1296; x_wconf 88' lang='grc' dir='ltr'>τήν</span> <span class='ocrx_word' id='word_1_31' title='bbox 391 1216 559 1296; x_wconf 86' lang='grc' dir='ltr'>δτέρην</span> <span class='ocrx_word' id='word_1_32' title='bbox 582 1218 743 1295; x_wconf 89' lang='grc' dir='ltr'>προτέρην</span> <span class='ocrx_word' id='word_1_33' title='bbox 765 1217 823 1296; x_wconf 82' lang='grc' dir='ltr'>μὲν</span> <span class='ocrx_word' id='word_1_34' title='bbox 847 1215 991 1293; x_wconf 84' lang='grc' dir='ltr'>ἐγείνατο</span> <span class='ocrx_word' id='word_1_35' title='bbox 1015 1217 1080 1303; x_wconf 80' lang='grc' dir='ltr'>Νὺξ</span> <span class='ocrx_word' id='word_1_36' title='bbox 1102 1217 1272 1298; x_wconf 79' lang='grc' dir='ltr'>ἐρεβεννή,</span> 
     </span>
    </p>
   </div>
   <div class='ocr_carea' id='block_1_5' title="bbox 310 1326 1177 1521">
    <p class='ocr_par' dir='ltr' id='par_1_5' title="bbox 310 1326 1177 1521">
     <span class='ocr_line' id='line_1_8' title="bbox 310 1326 1144 1409; baseline -0.001 -16"><span class='ocrx_word' id='word_1_37' title='bbox 310 1331 426 1405; x_wconf 85' lang='grc' dir='ltr'>θῆκεδ</span> <span class='ocrx_word' id='word_1_38' title='bbox 409 1327 457 1391; x_wconf 96' lang='grc' dir='ltr'>έ</span> <span class='ocrx_word' id='word_1_39' title='bbox 467 1348 518 1405; x_wconf 84' lang='grc' dir='ltr'>μιν</span> <span class='ocrx_word' id='word_1_40' title='bbox 542 1327 696 1406; x_wconf 80' lang='grc' dir='ltr'>Κρονίδη(</span> <span class='ocrx_word' id='word_1_41' title='bbox 719 1326 885 1409; x_wconf 79' lang='grc' dir='ltr'>ὑψίζυγοτ,</span> <span class='ocrx_word' id='word_1_42' title='bbox 910 1326 1008 1406; x_wconf 86' lang='grc' dir='ltr'>αἰθέρι</span> <span class='ocrx_word' id='word_1_43' title='bbox 1030 1326 1144 1404; x_wconf 83' lang='grc' dir='ltr'>ναίων,</span> 
     </span>
     <span class='ocr_line' id='line_1_9' title="bbox 310 1435 1177 1521; baseline -0.002 -20"><span class='ocrx_word' id='word_1_44' title='bbox 310 1438 402 1517; x_wconf 92' lang='grc' dir='ltr'>γαίη(</span> <span class='ocrx_word' id='word_1_45' title='bbox 424 1437 457 1501; x_wconf 86' lang='grc' dir='ltr'>τ’</span> <span class='ocrx_word' id='word_1_46' title='bbox 479 1437 515 1502; x_wconf 88' lang='grc' dir='ltr'>ἐν</span> <span class='ocrx_word' id='word_1_47' title='bbox 538 1437 637 1521; x_wconf 57' lang='lat' dir='ltr'>pizino</span> <span class='ocrx_word' id='word_1_48' title='bbox 658 1437 709 1501; x_wconf 88' lang='grc' dir='ltr'>καὶ</span> <span class='ocrx_word' id='word_1_49' title='bbox 731 1435 872 1518; x_wconf 78' lang='grc' dir='ltr'>ἀνδράει,</span> <span class='ocrx_word' id='word_1_50' title='bbox 897 1439 1023 1502; x_wconf 82' lang='grc' dir='ltr'>πολλὸν</span> <span class='ocrx_word' id='word_1_51' title='bbox 1047 1437 1177 1516; x_wconf 87' lang='grc' dir='ltr'>ἀμείνω.</span> 
     </span>
    </p>
   </div>
   <div class='ocr_carea' id='block_1_6' title="bbox 225 1588 1378 2445">
    <p class='ocr_par' dir='ltr' id='par_1_6' title="bbox 225 1588 1378 2445">
     <span class='ocr_line' id='line_1_10' title="bbox 225 1588 1378 1673; baseline 0.002 -20"><span class='ocrx_word' id='word_1_52' title='bbox 225 1589 338 1672; x_wconf 81' lang='lat' dir='ltr'>Neque</span> <span class='ocrx_word' id='word_1_53' title='bbox 366 1588 401 1652; x_wconf 91' lang='lat' dir='ltr'>in</span> <span class='ocrx_word' id='word_1_54' title='bbox 429 1590 491 1653; x_wconf 87' lang='lat' dir='ltr'>bac</span> <span class='ocrx_word' id='word_1_55' title='bbox 519 1589 770 1673; x_wconf 73' lang='lat' dir='ltr'>interpungendi</span> <span class='ocrx_word' id='word_1_56' title='bbox 797 1589 924 1653; x_wconf 86' lang='lat' dir='ltr'>ratione</span> <span class='ocrx_word' id='word_1_57' title='bbox 950 1589 999 1654; x_wconf 86' lang='lat' dir='ltr'>vel</span> <span class='ocrx_word' id='word_1_58' title='bbox 1028 1588 1216 1654; x_wconf 86' lang='lat' dir='ltr'>Brunckius</span> <span class='ocrx_word' id='word_1_59' title='bbox 1245 1592 1378 1655; x_wconf 85' lang='lat' dir='ltr'>offendit</span> 
     </span>
     <span class='ocr_line' id='line_1_11' title="bbox 226 1698 1376 1782; baseline 0.004 -20"><span class='ocrx_word' id='word_1_60' title='bbox 226 1700 277 1762; x_wconf 87' lang='lat' dir='ltr'>vel</span> <span class='ocrx_word' id='word_1_61' title='bbox 300 1699 356 1762; x_wconf 90' lang='lat' dir='ltr'>alii</span> <span class='ocrx_word' id='word_1_62' title='bbox 378 1703 452 1782; x_wconf 90' lang='lat' dir='ltr'>post</span> <span class='ocrx_word' id='word_1_63' title='bbox 474 1698 672 1764; x_wconf 88' lang='lat' dir='ltr'>Brunckium</span> <span class='ocrx_word' id='word_1_64' title='bbox 695 1699 842 1763; x_wconf 76' lang='lat' dir='ltr'>editores,</span> <span class='ocrx_word' id='word_1_65' title='bbox 879 1699 992 1782; x_wconf 78' lang='lat' dir='ltr'>Itaque</span> <span class='ocrx_word' id='word_1_66' title='bbox 1014 1699 1165 1763; x_wconf 87' lang='lat' dir='ltr'>videntur</span> <span class='ocrx_word' id='word_1_67' title='bbox 1188 1700 1239 1764; x_wconf 91' lang='lat' dir='ltr'>illi</span> <span class='ocrx_word' id='word_1_68' title='bbox 1262 1705 1376 1782; x_wconf 85' lang='grc' dir='ltr'>προτέ-</span> 
     </span>
     <span class='ocr_line' id='line_1_12' title="bbox 227 1809 1377 1896; baseline 0 -21"><span class='ocrx_word' id='word_1_69' title='bbox 227 1832 286 1890; x_wconf 93' lang='grc' dir='ltr'>ρην</span> <span class='ocrx_word' id='word_1_70' title='bbox 310 1810 380 1873; x_wconf 89' lang='lat' dir='ltr'>voci</span> <span class='ocrx_word' id='word_1_71' title='bbox 404 1809 469 1873; x_wconf 89' lang='lat' dir='ltr'>vim</span> <span class='ocrx_word' id='word_1_72' title='bbox 491 1809 669 1893; x_wconf 87' lang='lat' dir='ltr'>praedicati</span> <span class='ocrx_word' id='word_1_73' title='bbox 697 1810 902 1895; x_wconf 80' lang='lat' dir='ltr'>grammatici</span> <span class='ocrx_word' id='word_1_74' title='bbox 924 1809 1088 1892; x_wconf 81' lang='lat' dir='ltr'>tribuisse,</span> <span class='ocrx_word' id='word_1_75' title='bbox 1113 1813 1150 1873; x_wconf 89' lang='lat' dir='ltr'>ut</span> <span class='ocrx_word' id='word_1_76' title='bbox 1172 1812 1302 1875; x_wconf 80' lang='lat' dir='ltr'>valeret</span> <span class='ocrx_word' id='word_1_77' title='bbox 1323 1834 1377 1896; x_wconf 89' lang='lat' dir='ltr'>pro</span> 
     </span>
     <span class='ocr_line' id='line_1_13' title="bbox 226 1919 1377 2006; baseline 0.002 -21"><span class='ocrx_word' id='word_1_78' title='bbox 226 1921 387 2001; x_wconf 88' lang='grc' dir='ltr'>πρότερον</span> <span class='ocrx_word' id='word_1_79' title='bbox 414 1919 582 2003; x_wconf 77' lang='lat' dir='ltr'>adverbi03</span> <span class='ocrx_word' id='word_1_80' title='bbox 610 1921 701 2004; x_wconf 85' lang='lat' dir='ltr'>quasi</span> <span class='ocrx_word' id='word_1_81' title='bbox 728 1942 803 1985; x_wconf 86' lang='lat' dir='ltr'>vero</span> <span class='ocrx_word' id='word_1_82' title='bbox 829 1920 879 1984; x_wconf 84' lang='lat' dir='ltr'>vel</span> <span class='ocrx_word' id='word_1_83' title='bbox 908 1924 1005 1984; x_wconf 83' lang='lat' dir='ltr'>antea</span> <span class='ocrx_word' id='word_1_84' title='bbox 1031 1920 1117 1983; x_wconf 84' lang='lat' dir='ltr'>bona</span> <span class='ocrx_word' id='word_1_85' title='bbox 1145 1943 1275 2006; x_wconf 90' lang='lat' dir='ltr'>quoque</span> <span class='ocrx_word' id='word_1_86' title='bbox 1299 1922 1377 1987; x_wconf 85' lang='lat' dir='ltr'>Con·</span> 
     </span>
     <span class='ocr_line' id='line_1_14' title="bbox 225 2030 1377 2114; baseline 0.003 -21"><span class='ocrx_word' id='word_1_87' title='bbox 225 2030 328 2093; x_wconf 89' lang='lat' dir='ltr'>tentio</span> <span class='ocrx_word' id='word_1_88' title='bbox 362 2030 475 2114; x_wconf 75' lang='grc' dir='ltr'>(Ἔριε)</span> <span class='ocrx_word' id='word_1_89' title='bbox 507 2030 611 2095; x_wconf 88' lang='lat' dir='ltr'>Nocte</span> <span class='ocrx_word' id='word_1_90' title='bbox 645 2032 732 2096; x_wconf 86' lang='lat' dir='ltr'>edita</span> <span class='ocrx_word' id='word_1_91' title='bbox 764 2030 937 2113; x_wconf 82' lang='lat' dir='ltr'>diceretur,</span> <span class='ocrx_word' id='word_1_92' title='bbox 971 2030 1022 2093; x_wconf 84' lang='lat' dir='ltr'>vel</span> <span class='ocrx_word' id='word_1_93' title='bbox 1049 2031 1184 2094; x_wconf 91' lang='lat' dir='ltr'>omnino</span> <span class='ocrx_word' id='word_1_94' title='bbox 1215 2036 1377 2096; x_wconf 80' lang='lat' dir='ltr'>constaret</span> 
     </span>
     <span class='ocr_line' id='line_1_15' title="bbox 226 2140 1377 2227; baseline 0.003 -25"><span class='ocrx_word' id='word_1_95' title='bbox 226 2140 343 2225; x_wconf 84' lang='lat' dir='ltr'>duplex</span> <span class='ocrx_word' id='word_1_96' title='bbox 367 2141 592 2206; x_wconf 82' lang='lat' dir='ltr'>Contentionis</span> <span class='ocrx_word' id='word_1_97' title='bbox 614 2164 717 2226; x_wconf 87' lang='lat' dir='ltr'>genus</span> <span class='ocrx_word' id='word_1_98' title='bbox 739 2163 810 2205; x_wconf 88' lang='lat' dir='ltr'>eam</span> <span class='ocrx_word' id='word_1_99' title='bbox 832 2142 1004 2225; x_wconf 81' lang='lat' dir='ltr'>peperisse.</span> <span class='ocrx_word' id='word_1_100' title='bbox 1043 2140 1134 2216; x_wconf 84' lang='lat' dir='ltr'>Quod</span> <span class='ocrx_word' id='word_1_101' title='bbox 1156 2144 1323 2227; x_wconf 86' lang='lat' dir='ltr'>sentiens,</span> <span class='ocrx_word' id='word_1_102' title='bbox 1345 2149 1377 2205; x_wconf 89' lang='lat' dir='ltr'>ut</span> 
     </span>
     <span class='ocr_line' id='line_1_16' title="bbox 227 2246 1376 2342; baseline 0.003 -27"><span class='ocrx_word' id='word_1_103' title='bbox 227 2251 362 2334; x_wconf 82' lang='lat' dir='ltr'>videtur,</span> <span class='ocrx_word' id='word_1_104' title='bbox 387 2246 623 2316; x_wconf 88' lang='lat' dir='ltr'>incommodum</span> <span class='ocrx_word' id='word_1_105' title='bbox 645 2253 810 2342; x_wconf 87' lang='lat' dir='ltr'>antiquam</span> <span class='ocrx_word' id='word_1_106' title='bbox 832 2251 1081 2335; x_wconf 88' lang='lat' dir='ltr'>interpungendi</span> <span class='ocrx_word' id='word_1_107' title='bbox 1104 2253 1269 2317; x_wconf 86' lang='lat' dir='ltr'>rationem</span> <span class='ocrx_word' id='word_1_108' title='bbox 1292 2276 1376 2318; x_wconf 84' lang='lat' dir='ltr'>revo</span> 
     </span>
     <span class='ocr_line' id='line_1_17' title="bbox 228 2362 593 2445; baseline 0.005 -20"><span class='ocrx_word' id='word_1_109' title='bbox 228 2362 313 2426; x_wconf 85' lang='lat' dir='ltr'>cavit</span> <span class='ocrx_word' id='word_1_110' title='bbox 335 2362 496 2445; x_wconf 83' lang='lat' dir='ltr'>Spohnius</span> <span class='ocrx_word' id='word_1_111' title='bbox 518 2364 593 2428; x_wconf 92' lang='lat' dir='ltr'>hoc:</span> 
     </span>
    </p>
   </div>
   <div class='ocr_carea' id='block_1_7' title="bbox 312 2514 1338 2600">
    <p class='ocr_par' dir='ltr' id='par_1_7' title="bbox 312 2514 1338 2600">
     <span class='ocr_line' id='line_1_18' title="bbox 312 2514 1338 2600; baseline 0.002 -17"><span class='ocrx_word' id='word_1_112' title='bbox 312 2519 371 2597; x_wconf 89' lang='grc' dir='ltr'>τὴν</span> <span class='ocrx_word' id='word_1_113' title='bbox 393 2517 430 2582; x_wconf 83' lang='grc' dir='ltr'>δ’</span> <span class='ocrx_word' id='word_1_114' title='bbox 452 2516 575 2600; x_wconf 78' lang='grc' dir='ltr'>ἑτέρην,</span> <span class='ocrx_word' id='word_1_115' title='bbox 599 2517 760 2598; x_wconf 83' lang='grc' dir='ltr'>προτέρην</span> <span class='ocrx_word' id='word_1_116' title='bbox 782 2518 840 2597; x_wconf 82' lang='grc' dir='ltr'>μὲν</span> <span class='ocrx_word' id='word_1_117' title='bbox 863 2517 1008 2594; x_wconf 85' lang='grc' dir='ltr'>ἐγείνατο</span> <span class='ocrx_word' id='word_1_118' title='bbox 1032 2518 1096 2584; x_wconf 85' lang='grc' dir='ltr'>Νὺξ</span> <span class='ocrx_word' id='word_1_119' title='bbox 1120 2518 1295 2598; x_wconf 85' lang='grc' dir='ltr'>ἐρεβεννή,</span> <span class='ocrx_word' id='word_1_120' title='bbox 1330 2514 1338 2526; x_wconf 74' lang='grc'><strong>’</strong></span> 
     </span>
    </p>
   </div>
   <div class='ocr_carea' id='block_1_8' title="bbox 142 2668 1377 4407">
    <p class='ocr_par' dir='ltr' id='par_1_8' title="bbox 142 2668 1377 4407">
     <span class='ocr_line' id='line_1_19' title="bbox 227 2668 1377 2757; baseline 0.003 -24"><span class='ocrx_word' id='word_1_121' title='bbox 227 2669 359 2753; x_wconf 86' lang='lat' dir='ltr'>reliquis</span> <span class='ocrx_word' id='word_1_122' title='bbox 379 2670 470 2734; x_wconf 81' lang='lat' dir='ltr'>tenui</span> <span class='ocrx_word' id='word_1_123' title='bbox 493 2668 702 2733; x_wconf 82' lang='lat' dir='ltr'>adnotatione</span> <span class='ocrx_word' id='word_1_124' title='bbox 724 2691 781 2732; x_wconf 86' lang='lat' dir='ltr'>sua</span> <span class='ocrx_word' id='word_1_125' title='bbox 802 2669 891 2732; x_wconf 91' lang='lat' dir='ltr'>nullo</span> <span class='ocrx_word' id='word_1_126' title='bbox 914 2670 1007 2733; x_wconf 92' lang='lat' dir='ltr'>modo</span> <span class='ocrx_word' id='word_1_127' title='bbox 1029 2670 1198 2753; x_wconf 84' lang='lat' dir='ltr'>expeditis.</span> <span class='ocrx_word' id='word_1_128' title='bbox 1230 2673 1377 2757; x_wconf 73' lang='lat' dir='ltr'>‘Iungas’</span> 
     </span>
     <span class='ocr_line' id='line_1_20' title="bbox 228 2757 1377 2865; baseline 0.005 -22"><span class='ocrx_word' id='word_1_129' title='bbox 228 2779 334 2863; x_wconf 91' lang='lat' dir='ltr'>inquit</span> <span class='ocrx_word' id='word_1_130' title='bbox 355 2779 515 2863; x_wconf 80' lang='lat' dir='ltr'>‘Iuppiter</span> <span class='ocrx_word' id='word_1_131' title='bbox 528 2780 635 2863; x_wconf 90' lang='lat' dir='ltr'>posuit</span> <span class='ocrx_word' id='word_1_132' title='bbox 656 2801 727 2842; x_wconf 85' lang='lat' dir='ltr'>eam</span> <span class='ocrx_word' id='word_1_133' title='bbox 742 2779 832 2859; x_wconf 90' lang='grc' dir='ltr'>γαίη(</span> <span class='ocrx_word' id='word_1_134' title='bbox 846 2781 878 2844; x_wconf 90' lang='grc' dir='ltr'>τ’</span> <span class='ocrx_word' id='word_1_135' title='bbox 893 2781 929 2846; x_wconf 85' lang='grc' dir='ltr'>ἐν</span> <span class='ocrx_word' id='word_1_136' title='bbox 948 2781 1046 2865; x_wconf 67' lang='lat' dir='ltr'>cupa</span> <span class='ocrx_word' id='word_1_137' title='bbox 1061 2757 1276 2863; x_wconf 55' lang='lat' dir='ltr'>xadcvopacc</span> <span class='ocrx_word' id='word_1_138' title='bbox 1301 2787 1377 2848; x_wconf 80' lang='lat' dir='ltr'>nol-</span> 
     </span>
     <span class='ocr_line' id='line_1_21' title="bbox 228 2888 1377 2978; baseline 0.002 -23"><span class='ocrx_word' id='word_1_139' title='bbox 228 2892 287 2956; x_wconf 82' lang='grc' dir='ltr'>λὸν</span> <span class='ocrx_word' id='word_1_140' title='bbox 309 2891 428 2970; x_wconf 87' lang='grc' dir='ltr'>ἀμείνω</span> <span class='ocrx_word' id='word_1_141' title='bbox 452 2888 600 2977; x_wconf 77' lang='grc' dir='ltr'>[οὖταν]’.</span> <span class='ocrx_word' id='word_1_142' title='bbox 635 2891 704 2953; x_wconf 91' lang='lat' dir='ltr'>Iam</span> <span class='ocrx_word' id='word_1_143' title='bbox 719 2890 845 2973; x_wconf 87' lang='lat' dir='ltr'>scimus,</span> <span class='ocrx_word' id='word_1_144' title='bbox 870 2890 953 2973; x_wconf 91' lang='lat' dir='ltr'>quod</span> <span class='ocrx_word' id='word_1_145' title='bbox 975 2891 1098 2955; x_wconf 91' lang='lat' dir='ltr'>scilicet</span> <span class='ocrx_word' id='word_1_146' title='bbox 1120 2896 1222 2955; x_wconf 87' lang='lat' dir='ltr'>antea</span> <span class='ocrx_word' id='word_1_147' title='bbox 1245 2892 1377 2978; x_wconf 85' lang='lat' dir='ltr'>ignora-</span> 
     </span>
     <span class='ocr_line' id='line_1_22' title="bbox 227 3001 1376 3085; baseline 0.003 -20"><span class='ocrx_word' id='word_1_148' title='bbox 227 3002 350 3084; x_wconf 83' lang='lat' dir='ltr'>bamus,</span> <span class='ocrx_word' id='word_1_149' title='bbox 374 3001 587 3084; x_wconf 83' lang='lat' dir='ltr'>supplendam</span> <span class='ocrx_word' id='word_1_150' title='bbox 609 3001 788 3064; x_wconf 90' lang='lat' dir='ltr'>orationem</span> <span class='ocrx_word' id='word_1_151' title='bbox 811 3023 879 3065; x_wconf 88' lang='lat' dir='ltr'>esse</span> <span class='ocrx_word' id='word_1_152' title='bbox 901 3001 1000 3068; x_wconf 84' lang='grc' dir='ltr'>οὖ(αν</span> <span class='ocrx_word' id='word_1_153' title='bbox 1023 3001 1209 3085; x_wconf 86' lang='lat' dir='ltr'>participio.</span> <span class='ocrx_word' id='word_1_154' title='bbox 1257 3003 1376 3069; x_wconf 85' lang='lat' dir='ltr'>Verum</span> 
     </span>
     <span class='ocr_line' id='line_1_23' title="bbox 226 3111 1377 3197; baseline 0.003 -20"><span class='ocrx_word' id='word_1_155' title='bbox 226 3134 289 3197; x_wconf 90' lang='lat' dir='ltr'>quo</span> <span class='ocrx_word' id='word_1_156' title='bbox 311 3112 405 3176; x_wconf 90' lang='lat' dir='ltr'>modo</span> <span class='ocrx_word' id='word_1_157' title='bbox 428 3111 648 3175; x_wconf 85' lang='lat' dir='ltr'>continuanda</span> <span class='ocrx_word' id='word_1_158' title='bbox 670 3111 714 3174; x_wconf 93' lang='lat' dir='ltr'>sit</span> <span class='ocrx_word' id='word_1_159' title='bbox 736 3111 930 3177; x_wconf 79' lang='lat' dir='ltr'>constructio</span> <span class='ocrx_word' id='word_1_160' title='bbox 953 3112 1080 3176; x_wconf 91' lang='lat' dir='ltr'>illorum</span> <span class='ocrx_word' id='word_1_161' title='bbox 1100 3112 1292 3179; x_wconf 82' lang='lat' dir='ltr'>verborum:</span> <span class='ocrx_word' id='word_1_162' title='bbox 1322 3119 1377 3194; x_wconf 89' lang='grc' dir='ltr'>τὴν</span> 
     </span>
     <span class='ocr_line' id='line_1_24' title="bbox 226 3221 1377 3307; baseline -0.001 -19"><span class='ocrx_word' id='word_1_163' title='bbox 226 3226 262 3288; x_wconf 81' lang='grc' dir='ltr'>δ’</span> <span class='ocrx_word' id='word_1_164' title='bbox 283 3224 395 3303; x_wconf 85' lang='grc' dir='ltr'>ἑτέρην</span> <span class='ocrx_word' id='word_1_165' title='bbox 417 3260 460 3271; x_wconf 91' lang='grc'>-</span> <span class='ocrx_word' id='word_1_166' title='bbox 482 3226 557 3302; x_wconf 84' lang='grc' dir='ltr'>θῆκε</span> <span class='ocrx_word' id='word_1_167' title='bbox 580 3224 615 3287; x_wconf 87' lang='grc' dir='ltr'>δέ</span> <span class='ocrx_word' id='word_1_168' title='bbox 637 3223 759 3300; x_wconf 58' lang='lat' dir='ltr'>musea</span> <span class='ocrx_word' id='word_1_169' title='bbox 781 3222 819 3285; x_wconf 92' lang='lat' dir='ltr'>de</span> <span class='ocrx_word' id='word_1_170' title='bbox 842 3244 876 3286; x_wconf 88' lang='lat' dir='ltr'>re</span> <span class='ocrx_word' id='word_1_171' title='bbox 898 3226 985 3286; x_wconf 84' lang='lat' dir='ltr'>tacet</span> <span class='ocrx_word' id='word_1_172' title='bbox 1008 3221 1179 3305; x_wconf 85' lang='lat' dir='ltr'>Spohnius.</span> <span class='ocrx_word' id='word_1_173' title='bbox 1221 3224 1297 3306; x_wconf 86' lang='lat' dir='ltr'>Sed,</span> <span class='ocrx_word' id='word_1_174' title='bbox 1322 3247 1377 3307; x_wconf 91' lang='lat' dir='ltr'>pro</span> 
     </span>
     <span class='ocr_line' id='line_1_25' title="bbox 226 3331 1377 3417; baseline 0.002 -22"><span class='ocrx_word' id='word_1_175' title='bbox 226 3332 388 3417; x_wconf 90' lang='lat' dir='ltr'>luppiter,</span> <span class='ocrx_word' id='word_1_176' title='bbox 413 3332 507 3397; x_wconf 87' lang='lat' dir='ltr'>audio</span> <span class='ocrx_word' id='word_1_177' title='bbox 530 3331 684 3416; x_wconf 86' lang='lat' dir='ltr'>quosdam</span> <span class='ocrx_word' id='word_1_178' title='bbox 705 3332 785 3395; x_wconf 89' lang='lat' dir='ltr'>mihi</span> <span class='ocrx_word' id='word_1_179' title='bbox 806 3332 1022 3396; x_wconf 87' lang='lat' dir='ltr'>acclamantes</span> <span class='ocrx_word' id='word_1_180' title='bbox 1045 3335 1141 3416; x_wconf 86' lang='lat' dir='ltr'>atque</span> <span class='ocrx_word' id='word_1_181' title='bbox 1164 3338 1242 3415; x_wconf 87' lang='lat' dir='ltr'>post</span> <span class='ocrx_word' id='word_1_182' title='bbox 1263 3356 1377 3417; x_wconf 86' lang='lat' dir='ltr'>paren·</span> 
     </span>
     <span class='ocr_line' id='line_1_26' title="bbox 226 3441 1377 3528; baseline 0.002 -22"><span class='ocrx_word' id='word_1_183' title='bbox 226 3443 342 3507; x_wconf 89' lang='lat' dir='ltr'>thesim</span> <span class='ocrx_word' id='word_1_184' title='bbox 367 3443 591 3527; x_wconf 86' lang='lat' dir='ltr'>interpositam</span> <span class='ocrx_word' id='word_1_185' title='bbox 618 3441 700 3505; x_wconf 89' lang='lat' dir='ltr'>nihil</span> <span class='ocrx_word' id='word_1_186' title='bbox 727 3443 926 3526; x_wconf 84' lang='lat' dir='ltr'>frequentius</span> <span class='ocrx_word' id='word_1_187' title='bbox 955 3465 1023 3507; x_wconf 90' lang='lat' dir='ltr'>esse</span> <span class='ocrx_word' id='word_1_188' title='bbox 1045 3442 1266 3508; x_wconf 86' lang='lat' dir='ltr'>vociferantes</span> <span class='ocrx_word' id='word_1_189' title='bbox 1290 3467 1377 3528; x_wconf 84' lang='lat' dir='ltr'>repe-</span> 
     </span>
     <span class='ocr_line' id='line_1_27' title="bbox 226 3530 1376 3637; baseline 0.001 -22"><span class='ocrx_word' id='word_1_190' title='bbox 226 3553 288 3616; x_wconf 80' lang='lat' dir='ltr'>tita</span> <span class='ocrx_word' id='word_1_191' title='bbox 318 3555 352 3618; x_wconf 87' lang='grc' dir='ltr'>δέ</span> <span class='ocrx_word' id='word_1_192' title='bbox 381 3553 558 3637; x_wconf 89' lang='lat' dir='ltr'>particula,</span> <span class='ocrx_word' id='word_1_193' title='bbox 590 3551 691 3636; x_wconf 89' lang='lat' dir='ltr'>deque</span> <span class='ocrx_word' id='word_1_194' title='bbox 714 3554 764 3632; x_wconf 88' lang='grc' dir='ltr'>μὶν</span> <span class='ocrx_word' id='word_1_195' title='bbox 788 3553 843 3617; x_wconf 94' lang='lat' dir='ltr'>illo</span> <span class='ocrx_word' id='word_1_196' title='bbox 865 3556 939 3636; x_wconf 84' lang='lat' dir='ltr'>post</span> <span class='ocrx_word' id='word_1_197' title='bbox 960 3530 1072 3632; x_wconf 85' lang='grc' dir='ltr'>ἑτέρην</span> <span class='ocrx_word' id='word_1_198' title='bbox 1095 3554 1237 3635; x_wconf 83' lang='lat' dir='ltr'>repetito</span> <span class='ocrx_word' id='word_1_199' title='bbox 1265 3554 1376 3618; x_wconf 75' lang='lat' dir='ltr'>Porso</span> 
     </span>
     <span class='ocr_line' id='line_1_28' title="bbox 227 3662 1377 3748; baseline 0.002 -22"><span class='ocrx_word' id='word_1_200' title='bbox 227 3685 302 3726; x_wconf 91' lang='lat' dir='ltr'>nem</span> <span class='ocrx_word' id='word_1_201' title='bbox 324 3666 619 3727; x_wconf 84' lang='lat' dir='ltr'>commemorantes.</span> <span class='ocrx_word' id='word_1_202' title='bbox 651 3662 736 3726; x_wconf 77' lang='lat' dir='ltr'>Sane</span> <span class='ocrx_word' id='word_1_203' title='bbox 758 3667 935 3748; x_wconf 82' lang='lat' dir='ltr'>pervagata</span> <span class='ocrx_word' id='word_1_204' title='bbox 958 3667 1006 3727; x_wconf 89' lang='lat' dir='ltr'>est</span> <span class='ocrx_word' id='word_1_205' title='bbox 1028 3663 1091 3726; x_wconf 84' lang='lat' dir='ltr'>ista</span> <span class='ocrx_word' id='word_1_206' title='bbox 1114 3663 1286 3727; x_wconf 81' lang='lat' dir='ltr'>adnotatio</span> <span class='ocrx_word' id='word_1_207' title='bbox 1303 3665 1377 3729; x_wconf 90' lang='lat' dir='ltr'>Por-</span> 
     </span>
     <span class='ocr_line' id='line_1_29' title="bbox 142 3769 1377 3859; baseline 0.003 -23"><span class='ocrx_word' id='word_1_208' title='bbox 142 3769 146 3773; x_wconf 66' lang='grc'><strong><em>’</em></strong></span> <span class='ocrx_word' id='word_1_209' title='bbox 226 3773 331 3853; x_wconf 87' lang='lat' dir='ltr'>sonis,</span> <span class='ocrx_word' id='word_1_210' title='bbox 360 3796 423 3859; x_wconf 90' lang='lat' dir='ltr'>qua</span> <span class='ocrx_word' id='word_1_211' title='bbox 446 3774 561 3838; x_wconf 90' lang='lat' dir='ltr'>idonea</span> <span class='ocrx_word' id='word_1_212' title='bbox 591 3773 748 3857; x_wconf 89' lang='lat' dir='ltr'>quaedam</span> <span class='ocrx_word' id='word_1_213' title='bbox 777 3774 870 3837; x_wconf 89' lang='lat' dir='ltr'>huius</span> <span class='ocrx_word' id='word_1_214' title='bbox 898 3773 1026 3858; x_wconf 82' lang='lat' dir='ltr'>generis</span> <span class='ocrx_word' id='word_1_215' title='bbox 1048 3773 1203 3856; x_wconf 66' lang='lat' dir='ltr'>{exempla</span> <span class='ocrx_word' id='word_1_216' title='bbox 1232 3796 1377 3859; x_wconf 79' lang='lat' dir='ltr'>exprom-</span> 
     </span>
     <span class='ocr_line' id='line_1_30' title="bbox 227 3882 1376 3967; baseline 0.002 -21"><span class='ocrx_word' id='word_1_217' title='bbox 227 3884 293 3966; x_wconf 85' lang='lat' dir='ltr'>psit</span> <span class='ocrx_word' id='word_1_218' title='bbox 314 3885 417 3967; x_wconf 89' lang='lat' dir='ltr'>praef.</span> <span class='ocrx_word' id='word_1_219' title='bbox 442 3884 482 3947; x_wconf 86' lang='lat' dir='ltr'>ad</span> <span class='ocrx_word' id='word_1_220' title='bbox 497 3883 660 3967; x_wconf 84' lang='lat' dir='ltr'>Euripidis</span> <span class='ocrx_word' id='word_1_221' title='bbox 675 3883 842 3947; x_wconf 90' lang='lat' dir='ltr'>Hecubam</span> <span class='ocrx_word' id='word_1_222' title='bbox 864 3907 895 3967; x_wconf 92' lang='lat' dir='ltr'>p.</span> <span class='ocrx_word' id='word_1_223' title='bbox 913 3882 953 3947; x_wconf 89' lang='lat' dir='ltr'>X.</span> <span class='ocrx_word' id='word_1_224' title='bbox 985 3882 1058 3947; x_wconf 82' lang='lat' dir='ltr'>Scio</span> <span class='ocrx_word' id='word_1_225' title='bbox 1081 3883 1178 3946; x_wconf 85' lang='lat' dir='ltr'>etiam</span> <span class='ocrx_word' id='word_1_226' title='bbox 1201 3884 1376 3949; x_wconf 83' lang='lat' dir='ltr'>Matthiam</span> 
     </span>
     <span class='ocr_line' id='line_1_31' title="bbox 227 3994 1377 4078; baseline 0.003 -22"><span class='ocrx_word' id='word_1_227' title='bbox 227 4015 381 4078; x_wconf 85' lang='lat' dir='ltr'>magnum</span> <span class='ocrx_word' id='word_1_228' title='bbox 414 3996 630 4078; x_wconf 81' lang='lat' dir='ltr'>exemplorum</span> <span class='ocrx_word' id='word_1_229' title='bbox 657 3995 816 4058; x_wconf 90' lang='lat' dir='ltr'>cumulum</span> <span class='ocrx_word' id='word_1_230' title='bbox 843 4015 1046 4058; x_wconf 86' lang='lat' dir='ltr'>coacervasse</span> <span class='ocrx_word' id='word_1_231' title='bbox 1073 3994 1194 4076; x_wconf 89' lang='lat' dir='ltr'>partim</span> <span class='ocrx_word' id='word_1_232' title='bbox 1223 3995 1377 4060; x_wconf 84' lang='lat' dir='ltr'>similium</span> 
     </span>
     <span class='ocr_line' id='line_1_32' title="bbox 226 4103 1375 4191; baseline 0.001 -23"><span class='ocrx_word' id='word_1_233' title='bbox 226 4105 346 4187; x_wconf 86' lang='lat' dir='ltr'>partim</span> <span class='ocrx_word' id='word_1_234' title='bbox 371 4105 571 4168; x_wconf 88' lang='lat' dir='ltr'>dissimilium</span> <span class='ocrx_word' id='word_1_235' title='bbox 597 4105 835 4169; x_wconf 84' lang='lat' dir='ltr'>Grammaticae</span> <span class='ocrx_word' id='word_1_236' title='bbox 857 4125 992 4188; x_wconf 63' lang='lat' dir='ltr'>graecam</span> <span class='ocrx_word' id='word_1_237' title='bbox 1020 4103 1081 4190; x_wconf 90' lang='lat' dir='ltr'>[ed.</span> <span class='ocrx_word' id='word_1_238' title='bbox 1104 4103 1148 4191; x_wconf 84' lang='lat' dir='ltr'>II]</span> <span class='ocrx_word' id='word_1_239' title='bbox 1172 4126 1205 4186; x_wconf 87' lang='lat' dir='ltr'>p.</span> <span class='ocrx_word' id='word_1_240' title='bbox 1230 4105 1294 4170; x_wconf 77' lang='lat'>876</span> <span class='ocrx_word' id='word_1_241' title='bbox 1316 4130 1375 4191; x_wconf 70' lang='lat' dir='ltr'>sq,</span> 
     </span>
     <span class='ocr_line' id='line_1_33' title="bbox 227 4212 1377 4299; baseline 0.002 -21"><span class='ocrx_word' id='word_1_242' title='bbox 227 4215 484 4298; x_wconf 89' lang='lat' dir='ltr'>commonuitque</span> <span class='ocrx_word' id='word_1_243' title='bbox 512 4215 551 4278; x_wconf 90' lang='lat' dir='ltr'>de</span> <span class='ocrx_word' id='word_1_244' title='bbox 579 4215 689 4278; x_wconf 89' lang='lat' dir='ltr'>eodem</span> <span class='ocrx_word' id='word_1_245' title='bbox 717 4215 867 4299; x_wconf 90' lang='lat' dir='ltr'>loquendi</span> <span class='ocrx_word' id='word_1_246' title='bbox 895 4236 1013 4298; x_wconf 82' lang='lat' dir='ltr'>genere</span> <span class='ocrx_word' id='word_1_247' title='bbox 1040 4212 1251 4277; x_wconf 81' lang='lat' dir='ltr'>Hermanmrs</span> <span class='ocrx_word' id='word_1_248' title='bbox 1279 4217 1377 4280; x_wconf 82' lang='lat' dir='ltr'>adno-</span> 
     </span>
     <span class='ocr_line' id='line_1_34' title="bbox 225 4324 1377 4407; baseline 0.003 -20"><span class='ocrx_word' id='word_1_249' title='bbox 225 4324 404 4390; x_wconf 89' lang='lat' dir='ltr'>tationibus</span> <span class='ocrx_word' id='word_1_250' title='bbox 438 4324 478 4388; x_wconf 91' lang='lat' dir='ltr'>ad</span> <span class='ocrx_word' id='word_1_251' title='bbox 506 4324 639 4389; x_wconf 83' lang='lat' dir='ltr'>Elmslei</span> <span class='ocrx_word' id='word_1_252' title='bbox 667 4325 814 4390; x_wconf 88' lang='lat' dir='ltr'>Medeam</span> <span class='ocrx_word' id='word_1_253' title='bbox 841 4348 870 4388; x_wconf 90' lang='grc' dir='ltr'>ν.</span> <span class='ocrx_word' id='word_1_254' title='bbox 904 4325 985 4389; x_wconf 78' lang='lat'>1263</span> <span class='ocrx_word' id='word_1_255' title='bbox 1014 4327 1046 4387; x_wconf 91' lang='lat' dir='ltr'>et</span> <span class='ocrx_word' id='word_1_256' title='bbox 1078 4325 1159 4388; x_wconf 81' lang='lat'>1332</span> <span class='ocrx_word' id='word_1_257' title='bbox 1187 4348 1221 4407; x_wconf 92' lang='lat' dir='ltr'>p.</span> <span class='ocrx_word' id='word_1_258' title='bbox 1252 4328 1317 4390; x_wconf 79' lang='lat'>399</span> <span class='ocrx_word' id='word_1_259' title='bbox 1344 4331 1377 4390; x_wconf 91' lang='lat' dir='ltr'>et</span> 
     </span>
    </p>
   </div>
   <div class='ocr_carea' id='block_1_9' title="bbox 0 0 1460 4996">
    <p class='ocr_par' dir='ltr' id='par_1_9' title="bbox 0 0 1460 4996">
     <span class='ocr_line' id='line_1_35' title="bbox 0 0 1460 4996; baseline 0 0"><span class='ocrx_word' id='word_1_260' title='bbox 0 0 1460 4996; x_wconf 95' lang='lat' dir='ltr'> </span> 
     </span>
    </p>
   </div>
  </div>
 </body>
</html>
