3014 5010
424 367 471 412 na
494 367 586 413 niun.
610 366 714 412 anax.
738 366 782 412 ar
804 364 1020 414 nrsrsraano.
1232 346 1293 408 169

150 518 349 582 stituendum
377 519 502 602 putavit
529 541 560 601 p.
589 519 641 583 30.
701 518 763 582 Sed
795 518 875 581 haec
908 538 1029 601 quoque
1057 519 1133 579 ante
1159 517 1292 599 vulgata

151 628 320 692 Anecdota
348 628 495 692 Parisino
524 628 643 711 scripta
672 632 756 691 sunt.
785 666 827 676 -
854 627 882 690 E
911 627 1024 709 quibus
1051 625 1226 689 Anecdotis
1254 647 1292 689 ea
1309 638 1342 685 53

150 760 234 820 quae
260 737 322 802 huc
344 742 493 820 spectant
522 760 593 801 cum
616 736 875 802 Schneidewinus
902 741 970 799 tum
996 735 1175 798 Meinehius
1203 757 1290 818 repe-

149 847 283 928 tierunt,
299 848 478 911 Meincln'us
493 851 659 929 praeterea
675 846 771 909 etiam
786 847 922 909 latinum
937 845 1091 908 scholium
1103 867 1134 926 p.
1146 844 1226 907 1243
1242 867 1288 928 sq.

150 956 202 1019 Ac
224 956 401 1020 Meinekius
424 957 552 1040 quidem
578 961 611 1020 et
637 963 849 1036 assuetissimus
871 954 1115 1018 Dindorfianum
1143 953 1291 1035 probavit
1402 995 1405 1005 ·

151 1071 185 1127 et
206 1064 406 1150 Bernhardyi
429 1072 520 1130 LXX
544 1087 628 1130 senes
655 1066 791 1148 recepit,
820 1086 880 1128 nec
908 1072 976 1128 olim
1003 1064 1108 1146 potius
1135 1085 1230 1146 quam
1252 1069 1290 1127 ab

148 1174 253 1237 latere
281 1176 314 1237 in
342 1179 380 1240 οῖ’
402 1176 569 1239 concessit.
616 1175 677 1239 Sed
705 1175 789 1238 idem
817 1197 888 1238 cum
916 1181 1005 1237 aliter
1032 1186 1167 1251 nugatur
1193 1173 1291 1236 verba

150 1284 186 1346 in
214 1285 339 1366 graecis
365 1286 463 1348 fuisse
491 1285 598 1350 ellac
626 1289 763 1367 φλυαρεῖ
791 1284 986 1366 suspicatur,
1015 1304 1144 1365 prorsus
1173 1282 1290 1348 oblitus

150 1397 201 1455 est
222 1392 302 1456 haec
325 1415 389 1457 non
409 1395 520 1478 graeci
544 1395 709 1477 scriptoris
724 1416 792 1458 esse
808 1394 863 1457 sed
878 1393 977 1476 ipsius
994 1393 1087 1456 latini
1103 1393 1288 1475 interpretis

149 1502 259 1565 verba.
303 1502 378 1566 Non
405 1503 533 1567 indocte
560 1508 683 1585 autem,
714 1525 904 1587 quamquam
932 1503 1087 1584 breviter,
1118 1501 1288 1566 Schneide-

149 1611 253 1675 winus
287 1612 476 1695 disputavit:
510 1614 599 1676 cuius
626 1617 662 1676 ut
691 1612 864 1676 nonnullae
893 1612 1188 1697 argumentationes
1221 1616 1289 1676 tam

149 1724 227 1784 sunt
253 1725 434 1786 nostrarum
461 1724 596 1804 similes,
631 1727 682 1804 ut,
717 1723 779 1786 nisi
808 1723 1003 1786 contrarium
1035 1725 1188 1804 testarer,
1222 1744 1289 1786 non

148 1852 276 1914 possem
297 1854 362 1895 non
385 1833 501 1916 legisse
521 1834 588 1896 eius
610 1833 858 1915 disputationem
878 1831 995 1913 videri,
1020 1832 1065 1894 ita
1088 1829 1127 1893 de
1150 1831 1237 1913 aliis,
1261 1833 1288 1895 si

148 1940 255 2004 dicere
278 1941 360 2024 quod
382 1943 487 2006 sentio
508 1942 600 2023 licet,
624 1964 690 2005 non
712 1943 782 2005 sine
804 1942 1012 2005 festinatione
1035 1941 1159 2004 statuit.
1204 1940 1288 2005 Nolo

148 2050 279 2134 singula
307 2053 467 2134 persequi:
495 2073 628 2136 quomm
654 2052 736 2115 nihil
764 2057 829 2135 est,
857 2051 940 2135 quod
969 2073 1035 2114 nou
1063 2050 1190 2114 sithoc
1218 2051 1287 2134 ipso

149 2159 325 2223 (hirollario
360 2161 487 2224 uberius
523 2164 754 2244 pertractatum
792 2165 824 2224 et
867 2165 1031 2244 tamquam
1061 2162 1287 2244 praesensione

148 2268 256 2351 aliqua
278 2269 516 2354 impugnatum:
544 2271 767 2354 gravissimum
795 2270 873 2332 illud
896 2275 960 2353 est,
989 2270 1071 2355 quod
1100 2271 1140 2334 ad
1162 2271 1287 2335 univer-

147 2400 219 2440 sam
241 2379 398 2442 rationem
413 2381 576 2463 utriusque
598 2380 773 2444 testimonii
796 2383 930 2462 spectat.
969 2379 1087 2444 Evenit
1102 2381 1189 2444 enim
1203 2382 1286 2465 quod

146 2487 382 2570 praevideram:
418 2490 600 2572 primusque
628 2490 735 2553 extitit
763 2489 1039 2573 Schneidewinus‚
1074 2490 1126 2575 qui
1155 2513 1221 2554 non
1248 2490 1286 2553 de

146 2597 308 2660 commmri
329 2598 435 2680 fonte,
465 2620 482 2662 e
505 2620 566 2682 quo
593 2621 664 2662 eum
692 2600 919 2683 grammaticus
942 2599 1105 2664 Parisinus
1128 2601 1287 2665 hausisset

144 2709 217 2768 tum
245 2706 411 2771 Plautinus
439 2708 626 2789 scholiasta,
657 2708 830 2792 cogitaret,
865 2708 919 2772 sed
947 2710 1032 2773 hune
1064 2714 1119 2773 aut
1147 2711 1194 2773 illi
1224 2711 1285 2793 ipsi

145 2820 204 2878 aut
232 2838 306 2879 suae
335 2817 483 2881 licentiae
513 2839 571 2881 sua
598 2818 705 2881 omnia
738 2818 853 2882 debere
882 2819 1114 2901 pronuntiaret.
1164 2820 1192 2883 Ε
1224 2841 1286 2904 quo

145 2927 379 2989 consectarium
402 2927 463 2990 fuit
478 2931 528 3009 ut,
552 2927 700 3011 quicquid
723 2928 757 2992 in
780 2928 890 2992 latinis
906 2928 1023 3011 legitur
1038 2950 1104 2991 non
1124 2933 1285 3011 repertum

144 3035 181 3097 in
204 3037 345 3118 graecis,
368 3035 430 3100 fide
446 3058 553 3101 carere
569 3038 734 3102 iudicaret.
772 3038 802 3100 N
805 3060 841 3103 ec
856 3041 1048 3102 monuerrmt
1064 3058 1135 3100 eum
1158 3039 1283 3121 erroris,

143 3165 228 3228 quae
251 3145 289 3208 de
311 3145 523 3210 Eratosthene
545 3146 802 3231 Callimachoque
824 3148 909 3211 haud
932 3168 1009 3211 sane
1032 3146 1285 3229 improbabiliter

142 3253 180 3317 in
195 3252 342 3318 Romano
364 3255 472 3320 codiee
493 3255 577 3319 tradi
605 3257 674 3339 ipse
696 3258 832 3321 sensisse
854 3256 980 3321 videtur
1001 3280 1032 3340 p.
1050 3256 1122 3320 953.
1162 3254 1283 3321 Contra

140 3532 240 3600 inepte
262 3533 368 3600 reliqua
390 3534 634 3589 administraverit.
670 3535 766 3589 Potuit
787 3535 833 3587 ille
852 3535 926 3588 haud
949 3535 1031 3590 dubie
1053 3550 1158 3598 errare,
1182 3534 1231 3588 sed
1253 3539 1285 3588 ut

140 3627 214 3693 puto
236 3626 329 3692 paullo
352 3626 512 3680 modestius.
549 3626 588 3680 Vt
608 3628 731 3681 uondum
753 3645 866 3697 prorsus
888 3644 932 3681 me
954 3628 1098 3703 paeniteat
1122 3640 1197 3692 luam
1215 3626 1283 3680 nihil

140 3716 274 3783 decerno)
291 3717 413 3772 insertae
432 3719 498 3772 olim
518 3722 554 3788 (p.
574 3726 606 3774 34
624 3720 704 3773 huius
721 3719 878 3787 voluminis)
896 3741 1030 3790 repnorum
1048 3719 1135 3785 vocis,
1160 3720 1190 3772 id
1208 3720 1283 3787 quod

139 3809 352 3863 Lachmannum
364 3828 473 3878 quoque
490 3813 625 3881 probasse
637 3812 860 3882 Sengebuschius
872 3816 970 3866 narrat
987 3812 1166 3866 ‘Homericae
1183 3813 1283 3867 haser-

139 3901 259 3955 tationis
282 3903 458 3970 posterioris’
480 3923 508 3972 p.
528 3911 569 3960 31.
604 3905 665 3959 Nisi
687 3907 758 3960 forte
781 3907 873 3975 ipsum
896 3905 970 3972 quod
991 3906 1145 3973 expetimus
1164 3918 1283 3976 quattuor

139 3995 347 4063 [racemorum]
364 4002 438 4049 (ranis
455 3997 588 4066 scriptum
611 3998 678 4063 fuit,
701 4015 869 4066 quamquam
891 3998 1021 4065 loquendi
1042 4015 1145 4066 genere
1164 4001 1282 4053 fortasse

138 4085 237 4152 paullo
261 4086 437 4152 exquisitiore
465 4105 548 4155 quam
575 4090 649 4156 quod
675 4090 704 4142 in
732 4091 833 4145 Italum
859 4093 985 4144 nostrum
1012 4091 1111 4145 cadere
1139 4091 1224 4144 dicas.
1249 4122 1281 4129 —

139 4176 273 4230 Ceterum
295 4176 501 4246 Sengebuschio
524 4185 596 4235 teste
618 4183 708 4236 eidem
729 4183 908 4238 Lachrnanno
930 4187 1077 4252 praeterea
1099 4190 1155 4252 ipse
1177 4183 1282 4253 placuit

137 4286 192 4337 pro
211 4274 268 4337 ipso
287 4271 361 4336 quod
373 4271 469 4325 statim
481 4274 613 4340 sequitur.
637 4275 709 4328 Nam
721 4277 815 4330 cetera
826 4276 931 4331 ibidem
943 4280 1161 4331 commemorata
1173 4277 1280 4346 pridem

137 4360 201 4430 ipse
220 4365 440 4432 compereram]
