3008 5002
266 293 330 355 224
615 310 771 356 narrans
793 310 1053 359 ruounoonana

266 483 328 544 quo
356 460 438 543 quod
465 460 500 523 in
528 461 632 542 priore
655 463 882 541 conmentario
910 463 1047 526 medium
1074 485 1175 548 genus
1203 471 1405 546 διορθοῡεθαι

268 570 438 653 eademque
454 570 492 632 de
508 592 542 632 re
558 572 719 650 ἀνορθοῦν
736 575 768 634 et
783 574 903 651 ὀρθοῦν
925 574 1063 654 positum
1079 578 1143 655 est,
1167 575 1260 637 nihili
1282 576 1404 638 facien-

267 679 356 760 dum,
381 679 414 741 in
437 679 497 742 hoc
519 681 729 763 grammatico
751 703 870 764 genere
893 703 963 744 eam
986 685 1172 745 constanter
1185 683 1250 746 vim
1273 684 1402 766 habere,

266 791 301 851 ut
323 789 361 852 de
385 788 495 852 critica
524 810 620 870 opera
649 790 683 852 in
706 790 913 853 emendandis
940 791 1030 854 libris
1058 791 1161 873 posita
1189 792 1329 856 dicatur:
1360 792 1402 857 cf.

265 919 345 985 quae
368 897 406 960 de
428 897 489 961 hoc
505 920 562 960 usu
578 898 708 981 collegit
724 904 755 961 et
770 899 942 982 explicavit
957 899 1152 963 Ritschelius
1167 901 1283 965 Coroll.
1301 924 1333 984 p.
1353 903 1402 965 19.

265 1005 376 1090 Neque
398 1006 436 1070 de
460 1007 523 1069 alia
547 1008 798 1090 significatione,
822 1009 849 1070 si
871 1009 940 1090 quis
963 1010 997 1071 in
1019 1010 1080 1072 hoc
1101 1010 1256 1092 scriptore
1278 1010 1404 1074 dubita-

264 1116 345 1179 tioni
374 1116 460 1180 locus
489 1116 618 1179 relictus
645 1116 702 1199 sit,
738 1117 872 1201 cogitari
906 1139 998 1199 posse
1030 1118 1104 1181 inde
1134 1124 1283 1201 apparet,
1320 1121 1404 1203 quod

265 1225 377 1289 horum
413 1226 694 1311 grammaticorum
718 1248 825 1310 =opera
858 1229 890 1289 et
924 1249 995 1289 cum
1029 1228 1237 1296 Aristarchea
1269 1228 1403 1291 Homeri

265 1335 404 1399 editione
420 1339 514 1418 atque
530 1336 663 1398 aliorum
678 1336 816 1399 virorum
839 1335 1120 1418 interpretatione,
1146 1338 1196 1400 cui
1218 1337 1265 1399 illi
1288 1337 1404 1401 funda-

197 1460 248 1507 ‘244
264 1448 408 1508 mentum
429 1445 719 1528 suppeditaverint,
749 1446 783 1508 in
811 1445 915 1528 priore
932 1446 1101 1539 'prooemio
1126 1446 1341 1529 componitur,
1373 1451 1405 1510 et

222 1554 223 1558 ’
264 1554 299 1616 in
321 1555 422 1617 altero
445 1575 515 1617 curn
537 1553 697 1617 Pisistrati
721 1555 803 1617 curis
825 1554 1020 1635 Homericis,
1048 1558 1116 1617 tum
1144 1554 1289 1618 barbaris
1313 1555 1404 1618 libris

264 1664 299 1726 in
326 1686 477 1748 graecum
505 1685 682 1726 sermonem
709 1664 875 1727 translatis
908 1644 954 1726 ita
987 1664 1173 1745 opponitur,
1207 1668 1244 1726 ut
1276 1665 1404 1748 utrique

264 1774 394 1857 negotio
409 1773 545 1857 quodam
560 1773 653 1836 modo
676 1773 788 1835 similis
810 1773 908 1835 fuisse
931 1772 1065 1836 dicatur.
1096 1773 1209 1856 Itaque
1225 1795 1298 1836 eum
1312 1771 1404 1836 dubi-

264 1883 327 1945 tari
350 1887 487 1966 nequeat
509 1883 586 1966 quin
608 1883 654 1944 ita
677 1882 738 1944 sibi
751 1904 826 1945 'reni
849 1867 978 1945 finxerit
1000 1882 1131 1964 Taetza,
1155 1904 1281 1966 regem,
1311 1883 1404 1945 libris

266 1992 441 2076 congestis,
470 1993 573 2055 tribus
597 1991 809 2055 celeberrimis
839 2013 916 2075 quos
947 2014 1053 2059 secum
1080 1991 1213 2054 haberet
1241 2013 1404 2075 gramma-

263 2101 336 2164 ticis
358 2124 472 2164 munus
495 2101 698 2184 imposuisse,
729 2104 764 2163 ut
793 2104 957 2183 poetarum
980 2101 1078 2164 libros
1109 2101 1198 2183 (nam
1220 2100 1260 2164 de
1288 2123 1405 2184 prosae
1425 2084 1449 2139 ⁸

264 2212 418 2275 orationis
447 2210 654 2295 scriptoribus
677 2232 828 2293 quaerere
850 2225 916 2273 non
944 2210 1099 2272 intererat
1121 2208 1269 2292 Taetzae)
1294 2232 1404 2274 recen·

265 2324 387 2402 serent,
423 2320 449 2383 si
483 2320 557 2403 quid
587 2323 769 2402 corruptum
796 2319 956 2382 rideretur
989 2318 1196 2382 emendarent
1229 2323 1261 2381 et
1293 2341 1405 2383 veram

265 2451 372 2492 corum
395 2430 586 2512 scripturam
601 2429 822 2510 restituerent,
847 2421 960 2512 eosque
981 2429 1027 2491 ita
1048 2429 1180 2491 interae
1202 2428 1404 2510 provinciam

265 2538 495 2620 dispertivisse,
531 2543 566 2602 ut
593 2537 759 2622 Lycophro
789 2538 973 2620 comoediis,
1004 2536 1186 2601 Alexander
1212 2538 1401 2622 tragoediis

265 2647 443 2711 Zenodotus
459 2649 618 2729 epicorum
634 2650 667 2710 et
687 2648 855 2730 lyricorum
877 2652 1043 2730 poetarum
1063 2647 1255 2711 carminibus
1272 2669 1404 2730 operam

264 2755 475 2839 impenderet:
500 2780 570 2820 cum
593 2757 631 2819 de
647 2757 782 2820 Tzetzae
804 2757 933 2841 inquam
956 2757 1116 2820 sententia
1138 2756 1223 2819 omni
1247 2778 1286 2819 ex
1309 2761 1402 2839 parte

265 2870 405 2947 constet,
430 2871 464 2929 at
486 2868 545 2930 hoc
567 2868 613 2930 ita
634 2867 733 2930 fuisse
755 2866 807 2929 rix
830 2867 996 2950 quisquam
1026 2865 1198 2930 adducetur
1220 2868 1256 2928 ut
1279 2867 1400 2928 credat,

263 2976 344 3040 Mihi
368 2981 452 3041 certe
482 2977 639 3060 persuasit
661 2976 855 3039 Ritschelius
879 2976 949 3039 Cor.
974 2999 1004 3059 p.
1022 2977 1059 3039 21
1085 2998 1153 3059 sqq.
1178 2974 1324 3038 criticam
1353 2979 1403 3039 tot

263 3090 429 3168 poetarum
445 3086 617 3149 editionem
633 3087 674 3148 ab
696 3085 766 3148 istis
782 3085 858 3148 viris
881 3107 983 3168 neque
1006 3086 1112 3168 parari
1136 3088 1266 3166 propter
1280 3085 1402 3148 laboris

263 3217 436 3278 paucorum
458 3217 614 3258 annorum
637 3195 740 3277 spatio
757 3193 945 3257 conficiendi
968 3194 1223 3278 magnitudinem
1246 3195 1400 3277 potuisse,

263 3326 364 3388 neque
400 3305 433 3367 in
466 3304 633 3369 deficiente
666 3308 777 3367 tantae
811 3304 857 3366 rei
886 3303 968 3385 apud
999 3307 1140 3385 posteros
1173 3304 1402 3387 grammaticos

262 3416 414 3478 memoria
436 3419 583 3497 paratam
605 3436 683 3477 esse.
714 3414 876 3477 Welckeri
898 3416 1004 3475 summ
1025 3413 1246 3495 interpretatio
1263 3413 1401 3476 celeber·

264 3525 361 3607 rima,
385 3524 509 3608 quaed
534 3524 655 3607 cyclum
679 3524 818 3605 epicum,
842 3522 1037 3585 aZenodoto
1060 3523 1281 3603 constitutum,
1306 3523 1402 3586 latini

263 3634 466 3717 grammatici
488 3633 704 3696 testimonium
727 3633 818 3695 docte
842 3636 874 3695 et
896 3632 1055 3696 subtiliter
1077 3632 1253 3711 revocavit,
1289 3654 1402 3696 vereor

264 3764 304 3805 ne
327 3743 450 3826 graecis
473 3743 577 3806 verbis
606 3743 817 3805 labefactetur
845 3743 950 3824 potius
979 3765 1073 3825 quarn
1097 3742 1271 3804 adiuvetur.
1319 3741 1400 3806 Con·

263 3856 313 3913 tra
336 3851 419 3914 hanc
442 3874 586 3935 operam,
611 3853 846 3936 qualiscumque
869 3852 946 3932 fuit,
971 3875 1042 3915 cum
1058 3851 1246 3916 Callimachi
1265 3851 1401 3916 πίνακα(

264 3962 484 4025 conscribendi
499 3963 602 4026 studio
619 3963 819 4026 coniunctam
842 3963 956 4043 fuisse,
981 3965 1016 4024 ut
1031 3983 1087 4044 per
1103 3983 1136 4025 se
1155 3960 1322 4043 probabile
1339 3966 1399 4042 est,

264 4071 309 4133 ita
324 4071 433 4135 nescio
448 4094 490 4133 an
513 4072 580 4154 ipse
595 4072 711 4135 Taetza
734 4059 939 4152 indicaverit,
965 4093 1035 4134 cum
1058 4071 1144 4134 dicat
1150 4092 1189 4163 p.
1210 4070 1280 4150 lll,
1300 4072 1340 4133 14
1355 4071 1401 4133 ὡ(

264 4181 283 4241 ὁ
307 4183 502 4260 Καλλίμαχο(
525 4183 686 4246 νεανίεκοε
710 4183 757 4246 ὢν
782 4186 850 4259 τῆ(
874 4183 992 4258 αὐλῆς
1016 4181 1186 4258 acteone
1213 4180 1308 4256 μετὰ
1330 4182 1401 4257 τὴν

264 4289 481 4380 ἀνόρθωειν
518 4293 592 4354 τοὺς
624 4291 759 4356 πίνακα(
793 4291 899 4354 αὐτῶν
934 4290 1143 4371 ἀπεγράψατο
1177 4289 1210 4350 et
1244 4287 1327 4352 ἀλλὰ
1361 4290 1401 4365 τὰ
