2896 4996
480 322 527 370 ou
550 296 630 370 oco‘
644 322 688 370 ur
711 322 854 369 ourouu.
1175 301 1257 370 635·

95 480 149 544 cat
175 477 216 542 ad
245 476 381 542 eundem
409 477 509 540 Orum
536 475 713 559 pertinere,
742 475 908 558 praeclaro
935 473 1142 557 documento,
1176 497 1239 559 qua

94 588 297 675 potissimum
325 587 378 651 via
405 609 443 652 ac
471 586 596 652 ratione
625 585 835 652 clarissimum
861 584 1046 653 technicum
1073 585 1156 651 Orus
1183 607 1238 672 ag·

94 720 224 787 gressus
246 699 305 782 sit,
328 697 450 764 discere
472 698 616 784 liceat.*)

179 825 211 892 4.
256 826 374 891 Tribus
408 848 489 910 quae
520 826 624 891 adhuc
656 824 815 910 persecuti
844 847 951 889 sumus
979 824 1137 909 capitibus
1167 846 1238 890 cum

94 941 193 1024 longe
215 937 356 1003 maxima
377 959 452 1022 pars
474 937 794 1024 orthographicorum
812 936 868 1001 On'
891 939 1134 1020 praeceptorum
1156 957 1239 1000 com-

95 1048 331 1137 prehendatur,
355 1049 465 1133 quaeri
488 1051 609 1133 potest,
633 1071 711 1113 num
732 1047 815 1112 forte
837 1047 888 1111 his
911 1047 988 1140 ipsis
1010 1046 1128 1111 finibus
1150 1069 1240 1111 suam

96 1160 180 1226 Orus
204 1159 490 1244 circumscripserit
511 1159 784 1244 orthographiam.
822 1159 897 1223 Nou
920 1158 1119 1222 incommode
1142 1161 1239 1240 certe,

95 1292 177 1357 quae
199 1270 298 1335 ctiam
319 1293 406 1335 nunc
428 1273 568 1355 restant,
597 1271 638 1334 ad
661 1270 740 1334 alios
763 1271 796 1333 et
818 1269 903 1333 locos
926 1271 959 1333 et
986 1268 1110 1332 libellos
1132 1290 1240 1353 gram-

94 1381 230 1448 maticos
263 1382 393 1446 referas.
440 1383 490 1446 Ac
522 1381 661 1466 primum
688 1384 923 1446 accentuum
951 1380 1137 1444 doctrina
1170 1402 1240 1444 cum

95 1493 204 1557 aliena
225 1491 325 1557 fuerit
351 1493 393 1556 ab
415 1492 664 1578 orthographiae
686 1480 880 1556 tractatione
906 1514 944 1556 ac
972 1495 1164 1576 προεῳδιῶν
1186 1511 1240 1574 po·

97 1603 163 1667 tius
195 1603 387 1686 scriptorum
414 1604 559 1688 propria,
593 1606 663 1668 tum
689 1602 840 1688 singulm,
875 1602 910 1667 in
942 1602 1056 1686 quibus
1090 1604 1241 1666 accentus

99 1713 339 1798 disceptantur,
368 1715 499 1778 vocibus
526 1737 599 1779 suas
628 1713 717 1778 sedes
745 1714 892 1777 antium
921 1713 1177 1798 adsignemus,
1205 1715 1243 1777 ut

95 1825 225 1904 dpverdc
238 1874 247 1907 ‚
277 1827 439 1907 Ζήτρειον,
468 1827 632 1909 adficeret,
668 1825 804 1904 111111,
837 1825 956 1904 ῥειτόε,
989 1824 1082 1904 ὄληαι
1120 1825 1176 1887 111
1207 1823 1241 1888 11

95 1936 228 2002 adesos
257 1935 498 2020 adsignabimus
526 1937 677 2020 posthac,
709 1939 745 1999 ut
772 1936 889 2018 dirior,
922 1937 1071 2011 Ζώτειον,
1104 1935 1241 2015 μητίετα,

95 2047 177 2125 ζαήν
200 2047 331 2132 (Ζαῆν’).
375 2046 444 2113 Ν11
470 2047 596 2113 diversa
618 2046 701 2112 ratio
723 2047 974 2127 πνευμάτων;
1003 2049 1039 2112 11
1060 2068 1090 2113 v.
1114 2046 1240 2129 ὑπήνη

181 2320 206 2388 *1
234 2319 288 2387 [De
306 2320 359 2374 hac
381 2337 480 2374 caussa
502 2319 541 2373 sic
563 2320 756 2389 disputantem
779 2319 873 2389 accipe
896 2318 1075 2373 Lehrsium
1102 2318 1241 2373 Censurae

94 2432 122 2483 p.
142 2416 205 2467 458:
236 2413 395 2468 ‘Praeclara
419 2432 482 2482 spes
501 2413 618 2467 affulsit:
639 2414 687 2467 sed
705 2432 779 2468 vana
797 2414 848 2467 cst.
883 2413 957 2467 Nam
979 2412 1027 2467 illo
1051 2415 1112 2467 loco
1130 2414 1241 2481 Etyme·

94 2505 182 2575 logici
200 2507 294 2573 (quem
311 2507 395 2576 paulo
414 2506 570 2575 longiorem
587 2525 643 2561 non
662 2524 765 2577 operae
782 2499 903 2576 pretium
914 2506 1025 2562 videtur
1041 2507 1242 2562 transscribere

94 2599 172 2654 inre
192 2599 357 2668 certissima)
381 2600 493 2654 omnine
517 2618 573 2655 non
591 2600 750 2670 disputatur
773 2603 872 2655 contra
894 2601 1096 2669 Herodianum,
1119 2601 1170 2656 sed
1191 2618 1242 2671 pro

94 2693 265 2748 Herodiano.
310 2693 430 2750 Ludicra
458 2694 623 2763 digladiatic
653 2696 697 2750 est
725 2695 755 2749 in
785 2695 907 2765 speciem
937 2698 1075 2765 suscepta.
1120 2695 1242 2764 Singulis

97 2786 251 2842 Herodiani
267 2787 426 2857 praeceptis
443 2787 648 2842 interficiuntur
666 2806 737 2856 quae
756 2789 817 2856 quis
836 2791 934 2844 contra
956 2807 1069 2844 monere
1086 2789 1188 2858 possit:
1213 2790 1244 2844 at

96 2880 196 2934 statim
213 2880 284 2935 haec
301 2880 443 2935 diluuntur
461 2883 603 2937 ettamen
620 2884 696 2937 11111
713 2883 889 2952 praecepisse
912 2883 1100 2938 Herodianum
1123 2882 1243 2937 ostendi·

94 2977 149 3029 tur.
192 2973 237 3028 Sic
260 2973 473 3044 intelligendum
495 2975 563 3029 illud
585 2976 691 3042 γίνεται
712 2978 766 3044 γὰρ
788 2977 846 3030 ἀπὸ
867 2982 920 3031 τοῦ
943 2978 1049 3044 πατρό(
1072 3007 1104 3033 ,-
1128 2975 1242 3044 quippc;

97 3052 208 3121 ducitur
225 3068 299 3122 enim
316 3100 362 3135 —,
385 3071 414 3123 ct
430 3068 505 3122 infra
523 3070 573 3123 εἰεί
597 3071 626 3123 δὲ
644 3071 771 3135 ὀνόματα
788 3071 895 3138 ἡρώων
914 3070 960 3122 ‘at
976 3069 1046 3122 haec
1063 3069 1179 3123 heroum
1196 3085 1243 3122 nc-

96 3162 173 3215 mina
192 3162 276 3216 sunt'
304 3161 370 3216 Loci
383 3162 555 3216 intellectum
566 3162 710 3231 paululum
725 3162 882 3231 impediunt
899 3162 970 3216 duae
983 3162 1171 3231 corruptelae,
1185 3166 1243 3217 ζῶ(

96 3273 121 3309 v.
143 3260 175 3309 53
193 3272 245 3324 pro
262 3255 373 3311 nomino
392 3256 517 3310 ciusdem
532 3257 640 3310 formae
657 3255 783 3323 heroico,
807 3259 887 3323 Κρώ(
904 3256 1023 3310 fortasse
1040 3256 1085 3310 vel
1104 3257 1192 3322 Γλῶε,
1214 3257 1244 3311 11

97 3350 186 3403 πλέον
202 3366 228 3402 v.
246 3353 292 3415 10,
318 3366 369 3419 pro
388 3366 442 3417 quo
460 3349 637 3404 scribendum
655 3350 880 3417 ueprcuibpevov.
913 3349 970 3403 1111
987 3347 1074 3418 igitur
1096 3349 1173 3402 locus
1191 3349 1244 3403 etsi

97 3459 152 3509 qua
169 3441 278 3497 ratione
296 3441 486 3498 Herodianum
502 3443 711 3513 impugnaverit
729 3442 800 3497 Orus
823 3444 922 3498 docere
945 3460 1000 3497 uon
1018 3444 1124 3511 potest,
1147 3445 1242 3496 tamen

96 3534 149 3589 hoc
171 3535 239 3589 mihi
261 3553 312 3605 per
334 3538 426 3591 totam
448 3536 676 3591 dissertationem
698 3537 817 3591 sensisse
844 3537 919 3590 visus
948 3554 1022 3602 sum,
1049 3537 1121 3589 bunc
1149 3535 1243 3599 Orum,

96 3645 179 3695 quem
196 3629 229 3682 R.
249 3629 330 3682 nobis
347 3632 484 3698 tanquam
502 3630 536 3685 de
553 3629 650 3684 inieris
669 3630 813 3695 excitavit,
831 3630 919 3684 multo
937 3629 1045 3683 11111111
1064 3631 1093 3683 11
1109 3628 1243 3683 intentius

97 3720 126 3775 in
143 3721 335 3777 Herodianum
353 3723 444 3777 nisum
462 3740 522 3777 esse
541 3741 625 3791 quam
643 3725 708 3793 post
725 3723 811 3778 etiam
829 3724 865 3778 ab
884 3722 1076 3778 eruditissimis
1095 3723 1140 3791 (de
1157 3721 1244 3777 Choe-

94 3815 212 3870 robosco
237 3817 357 3871 maximo
385 3817 489 3888 cogito)
513 3817 536 3870 si
559 3817 671 3884 quando
693 3818 800 3873 faciunt
825 3819 930 3872 factum
955 3818 1085 3885 vidimus,
1115 3816 1244 3885 intelligi·

86 3901 224 3977 musque,
254 3910 303 3978 qui
331 3910 399 3963 mihi
424 3911 625 3981 pulcherrimus
654 3911 734 3965 huius
764 3911 964 3979 disquisitionis
993 3914 1098 3966 fructus
1126 3910 1243 3976 videtur,

92 4019 152 4056 non
177 4003 270 4058 subito
297 4021 359 4058 cnm
381 4003 541 4059 Herodiano
572 4021 682 4060 omnem
709 4004 956 4074 grammaticorum
981 4006 1107 4074 vigorem
1132 4004 1174 4058 ita
1199 4022 1243 4059 er-

92 4095 228 4151 stinctum
250 4095 336 4152 fuisse
359 4100 390 4151 ut
412 4116 492 4152 arma
509 4098 663 4154 abiicerent
683 4099 843 4167 inertesque
867 4118 965 4154 manus
986 4100 1093 4154 darent.
1131 4097 1186 4152 Cur
1202 4100 1244 4152 ta-

90 4207 159 4244 men
177 4192 267 4245 fatum
286 4209 365 4246 suum
383 4190 507 4260 effugere
524 4210 580 4248 non
598 4193 753 4263 potuerint,
772 4193 838 4261 quin
856 4193 974 4261 denique
993 4192 1154 4247 auctoritati
1172 4209 1244 4245 sum·

89 4282 146 4338 mis
169 4283 245 4338 haud
268 4283 351 4339 dubis
373 4283 523 4340 virtutibus
546 4288 645 4356 partae
669 4286 754 4343 etiam
771 4287 851 4345 inviti
869 4287 1066 4354 concederent,
1090 4303 1173 4356 quam
1191 4285 1244 4341 hoc

88 4376 161 4434 olim
177 4377 328 4433 iucundum
346 4377 399 4437 erit
415 4378 606 4455 mteuigereu]
