2904 4996
495 365 654 418 scurels
678 363 849 418 murram.
1182 348 1244 419 733

102 521 369 606 antistrophicam
385 523 636 588 concinnitatem
659 523 791 605 proclivi
809 522 991 587 coniectura
1012 523 1153 586 restituit
1168 519 1296 587 Wa-'so

100 633 267 696 kefieldius
290 633 324 698 in
346 633 432 697 hune
453 633 597 697 modum:
1257 626 1264 637 ’

255 788 329 867 πρὶν
352 787 447 852 τάνδε
470 788 542 851 ποτὶ
565 788 660 851 πόλιν
684 787 819 866 ἀνύςειε,

102 941 152 1002 cui
175 939 280 1003 versui
303 943 452 1004 accurate
473 939 646 1022 respondet
667 962 697 1002 v.
721 940 799 1003 649:

256 1078 378 1156 χρόνον
400 1077 555 1152 πελάγιον
577 1075 675 1155 ἴδριες
698 1075 807 1140 οὐδέν.

101 1227 204 1302 Quam
235 1228 276 1291 ob
305 1250 373 1293 rem
400 1228 514 1293 merito
544 1227 749 1291 Wakefieldii
777 1229 971 1292 sententiam
1006 1229 1155 1313 probavit
1187 1231 1245 1294 Er-

100 1337 255 1421 furdtius‚
292 1343 386 1422 atque
416 1339 575 1402 immerito
603 1342 638 1401 ut
661 1337 785 1403 videtur
807 1338 938 1423 vulgare
961 1340 1120 1403 scribendi
1142 1363 1244 1424 genus

102 1448 208 1510 tenuit
236 1448 458 1512 Hermannus:
497 1448 752 1533 quandoquidem
780 1450 815 1512 in
842 1443 988 1512 iambicis
1016 1450 1157 1513 versibus
1186 1452 1242 1533 eie,

101 1558 156 1641 qui
189 1558 296 1641 lyricis
328 1558 547 1623 immiscentur
582 1559 792 1642 carminibus,
827 1559 876 1622 vel
911 1560 1080 1643 exaequari
1113 1560 1243 1643 syllabis

101 1668 245 1750 syllabae
268 1669 372 1733 solent
388 1664 443 1732 'vel
473 1670 506 1732 in
528 1651 662 1753 ritroque
680 1673 775 1733 -certe
804 1691 896 1733 versu
919 1670 1034 1733 solutio
1056 1691 1140 1751 esse,
1169 1670 1245 1733 lieet

103 1777 237 1841 diversis
259 1779 393 1862 pedibus
416 1778 570 1842 adhibita.
602 1778 757 1854 Quocirca
779 1780 910 1843 memini
933 1781 1031 1842 etiam
1053 1780 1087 1843 in
1103 1780 1243 1863 Aeschy-

102 1887 162 1950 leis
185 1888 249 1951 illis
272 1888 453 1953 Promethei
477 1912 506 1953 ν.
533 1889 608 1954 183:

254 2043 331 2121 ἐμὰς
353 2045 387 2108 δὲ
409 2043 532 2123 φρένας
554 2043 672 2121 ἐρέθιςε
695 2043 844 2122 διάτορος
867 2044 971 2124 φόβος
992 2080 1035 2092 -

101 2194 220 2272 ἐρέθιςε
249 2195 401 2278 formam,
432 2196 490 2259 etsi
520 2195 614 2259 unius
637 2194 777 2257 Turnebi
808 2195 959 2279 ambigua
987 2195 1048 2258 fide
1071 2197 1241 2277 firmatam,

102 2325 120 2364 a
151 2303 294 2388 lteisigio
325 2303 409 2391 [curn
436 2305 590 2369 Elmsleio
618 2304 890 2393 Blomfieldioque]
922 2306 1131 2388 comprobari.
1182 2306 1243 2369 Sed

101 2415 175 2478 ποτί
197 2414 275 2478 illud
298 2415 393 2478 latuit
414 2416 517 2478 adhuc
540 2415 574 2478 in
597 2415 667 2478 loco
682 2414 819 2498 quodam
835 2416 972 2478 Aiacis
995 2415 1241 2498 Sophocliao.

101 2523 205 2587 Versu
234 2524 319 2588 enim
344 2526 404 2590 194
426 2548 473 2610 sq.
504 2524 665 2609 patienter
692 2525 837 2588 tulerunt
858 2525 995 2588 editores
1017 2547 1127 2589 omnes
1150 2525 1243 2589 libro·
1269 2548 1271 2555 ·

100 2656 171 2697 rum
193 2657 268 2699 mss.
292 2637 492 2700 memoriam:

254 2790 328 2854 ἀλλ’
352 2790 414 2856 ἄνα
435 2792 468 2857 ἐξ
491 2790 647 2873 ἑδράνων,
666 2790 759 2877 ὅπου
781 2790 956 2870 μακροίωνι

254 2901 384 2985 (molter
407 2903 486 2965 ποτὲ
508 2897 578 2983 τᾷδ’
602 2902 732 2986 ἀγωνίῳ
757 2905 865 2984 ςχολᾷ.

100 3051 165 3115 Vbi
194 3055 273 3118 ποτὲ
309 3053 498 3138 particulam
537 3051 613 3139 [una
645 3074 716 3116 cum
743 3055 819 3135 τᾷδ’
847 3053 990 3136 ἀγωνίῳ]
1026 3053 1243 3136 praetermisit

100 3160 215 3225 Suidas
238 3185 268 3226 v.
293 3164 439 3243 ἑδράνων
462 3164 524 3226 vol.
548 3163 563 3227 I
586 3186 617 3245 p.
635 3163 696 3226 681
723 3160 839 3248 [Kust.,
864 3162 878 3224 Ι
887 3213 895 3243 ,
919 3163 939 3225 2
962 3184 993 3244 p.
1016 3163 1072 3226 108
1096 3161 1240 3250 Bernh.]‚

100 3293 195 3355 quem
218 3295 289 3337 eum
311 3273 487 3338 Lobeckius
510 3275 556 3337 ait
583 3273 707 3356 plenius
737 3272 794 3336 hos
817 3294 925 3335 versus
952 3273 1095 3354 proferre
1123 3273 1157 3335 in
1179 3273 1243 3338 ἄνα

101 3387 134 3445 et
156 3385 335 3468 μακραίων,
365 3385 557 3467 nescioquo
585 3406 658 3446 usus
687 3383 730 3445 sit
752 3381 868 3446 Saldae
897 3382 1050 3465 exemplo.
1096 3381 1240 3445 Praeter-

93 3493 189 3556 misit
215 3497 322 3558 autem
351 3496 430 3560 ποτέ
459 3494 557 3558 etiam
589 3497 721 3577 uterque
754 3492 925 3556 scholiasta
954 3492 987 3554 in
1016 3492 1240 3575 explicatione,

99 3624 179 3687 quos
212 3604 329 3668 imitati
364 3609 439 3669 sunt
467 3626 504 3668 ea
532 3605 567 3668 in
594 3627 628 3668 re
662 3603 855 3668 recentiores
890 3603 1081 3684 interpretes
1114 3606 1242 3686 praeter

99 3712 324 3779 Hermannum
357 3736 476 3779 omnes.
530 3714 589 3791 Qui
619 3715 680 3779 etsi
706 3715 826 3798 optime
854 3712 1015 3797 expedivit
1048 3713 1241 3776 sententiam

98 3824 269 3888 verborum
290 3825 431 3902 ἀγώνιος
458 3828 573 3909 ςχολή,
602 3829 712 3890 tamen
740 3847 812 3890 cum
840 3824 950 3888 eadem
978 3823 1242 3887 adnotatiuncula

10 3946 14 3950 ’
98 3934 223 4019 ‘iunge’
253 3935 358 4019 inquit
385 3937 483 4002 ‘brou
512 3938 610 4014 ποτέ,
644 3942 819 4016 ubicumque
846 3941 990 4016 tandem',
1020 3933 1090 3997 falli
1118 3933 1242 3997 videtur

96 4043 186 4107 haud
216 4045 428 4110 mediocriter.
478 4046 530 4110 Ita
556 4047 642 4110 enim
670 4046 697 4110 si
726 4047 907 4130 loquentem
934 4045 1069 4108 facimus
1099 4042 1240 4127 chorum,

96 4146 305 4219 statuendum
322 4144 384 4221 'sic
413 4160 477 4242 est,
511 4158 662 4242 ignorare
691 4179 762 4221 eum
790 4156 920 4220 omnino
948 4155 1002 4218 ubi
1031 4158 1242 4218 commoretur

95 4266 195 4330 Aiax.
241 4267 286 4330 At
314 4289 389 4331 vero
417 4289 483 4331 non
506 4269 671 4352 ignorasse
694 4271 839 4350 apertum
862 4271 920 4331 est.
967 4266 1030 4331 Cur
1052 4265 1153 4347 enirn,
1186 4266 1240 4328 ob-

94 4397 206 4456 secre,
235 4377 274 4439 ad
304 4378 412 4440 Aiacis
440 4379 680 4442 tabernaculam
709 4401 780 4441 curn
814 4382 907 4462 putas
936 4378 1106 4443 accessisse
1134 4377 1240 4459 ibique
