2904 4996
496 338 620 386 sauvis
643 337 832 383 usurario.
1171 320 1234 382 695

94 492 189 575 deris,
213 493 404 575 aliquotiens
427 494 551 572 autem,
580 494 615 553 ut
638 511 676 552 ex
698 490 801 552 latina
823 489 1088 571 interpretatione
1110 487 1234 551 intelle-

93 602 199 687 gitur,
224 602 321 666 etiam
343 602 472 685 integra
494 600 679 683 enuntiata,
709 599 806 663 semel
831 597 862 685 [a
884 622 915 683 p.
939 599 997 681 33,
1027 599 1047 661 2
1070 598 1110 661 ad
1131 598 1189 679 35,
1212 599 1232 662 3

94 711 231 795 exempli
254 710 463 798 Crameriani]
486 713 589 774 totum
611 711 689 773 adeo
711 709 839 792 folium,
869 709 929 774 hoc
951 708 1078 793 quidem
1101 708 1233 772 adverso

95 822 183 885 casui
211 822 416 886 tribuendum
443 842 511 884 esse
539 824 689 904 apparet,
724 820 802 883 illud
830 823 938 884 autem
964 841 1030 883 non
1057 818 1233 882 breviantis

95 932 243 1014 consilio,
278 931 333 994 sed
359 931 561 995 festinationi
590 933 718 994 tantum
747 930 879 993 librarii.
926 929 1022 994 Cuius
1049 930 1157 1012 lapsus
1185 932 1231 1009 ut,

93 1045 250 1124 quantum
281 1063 340 1124 per
372 1041 429 1105 otii
459 1041 625 1124 penuriam
654 1041 781 1122 liceret,
815 1040 998 1103 tolleremus
1032 1039 1233 1103 coniecturae
1277 1114 1278 1117 Ἴ

93 1173 170 1235 ope,
200 1152 401 1216 adhibuimus
428 1155 593 1234 tamquam
621 1150 752 1213 alterius
781 1148 898 1213 codicis
924 1150 1019 1214 latini
1046 1150 1233 1232 interpretis

93 1262 204 1344 fidem3
228 1264 394 1345 praeterea
416 1261 538 1344 aliquot
560 1260 726 1343 scripturis
748 1259 797 1323 usi
820 1281 928 1323 sumus
951 1282 967 1322 e
990 1259 1233 1323 Vindobonensi

93 1371 176 1434 libro
198 1394 230 1434 n.
254 1370 351 1454 Vlll,
380 1373 434 1454 qui
462 1375 511 1435 est
537 1370 694 1434 secundus
718 1372 775 1455 (B)
799 1368 1011 1452 Bachmanni,
1035 1370 1157 1453 aliquot
1178 1392 1232 1452 pa-

93 1481 244 1565 ginarum
273 1481 472 1564 marginibus
501 1482 541 1545 ab
568 1480 608 1544 D.
633 1480 780 1545 Schulzio
813 1481 997 1563 adscriptis3
1031 1480 1166 1563 denique
1195 1502 1232 1543 ex

92 1589 186 1654 huius
208 1591 308 1673 ipsius
336 1591 612 1655 emendationibus
635 1612 713 1674 quas
736 1571 941 1672 probaremus
964 1590 1154 1654 adscivimus
1178 1612 1231 1672 ap-

93 1700 198 1782 posito
221 1699 359 1765 auctoris
382 1701 522 1764 nomine.

478 2260 847 2335 Auctarium.

181 2468 267 2556 [Non
289 2472 488 2554 repetiissem
510 2472 654 2555 profecto
677 2493 756 2555 qaae
779 2492 875 2553 supra
898 2471 1002 2552 posita
1025 2470 1139 2553 habes,
1168 2471 1231 2534 nisi

87 2583 217 2663 tamen,
247 2580 322 2663 quid
350 2582 480 2646 tandem
509 2586 746 2667 programmate
773 2581 954 2645 academico
977 2580 1031 2645 illo
1054 2581 1231 2645 continere-

86 2692 160 2773 tur,
184 2689 333 2774 ignorare
361 2714 414 2755 eos
436 2693 625 2774 noluissem,
650 2693 677 2756 si
703 2693 757 2775 qui
784 2693 851 2755 eius
872 2691 1068 2758 mentionem
1089 2691 1142 2755 hic
1165 2691 1231 2755 illic

88 2799 213 2862 factam
235 2799 390 2865 viderent.
421 2802 546 2886 Quippe
568 2803 688 2888 integri
711 2780 998 2884 Meletiiopusculi
1021 2800 1134 2864 edendi
1158 2823 1230 2865 con-

89 2908 200 2972 silium
227 2932 294 2974 non
315 2914 460 2994 poteram
482 2934 548 2976 non
570 2914 711 2996 abicere,
742 2912 835 2976 simul
858 2915 953 2994 atque
976 2911 1161 2974 brevissimo
1184 2912 1231 2974 in-

88 3019 247 3102 terposito
275 3022 427 3103 temporis
455 3023 558 3105 spatio
592 3023 709 3086 Oxonii
737 3046 765 3086 a.
797 3023 879 3087 1836
912 3021 946 3084 iu
978 3021 1081 3084 lucem
1113 3022 1232 3103 prodiit

86 3127 117 3192 Ι.
146 3131 188 3192 Α.
218 3129 360 3195 Crameri
392 3133 540 3197 volumen
567 3133 616 3197 ΙΙΙ
651 3134 853 3197 ‘Anecdoton
881 3152 1067 3216 graecorum
1095 3153 1112 3194 e
1140 3132 1229 3195 codd.

87 3238 166 3302 niss.
201 3240 466 3305 bibliothecarum
497 3242 728 3309 Oxoniensium
761 3243 1014 3324 descriptorum,
1049 3241 1130 3324 quod
1164 3243 1231 3325 qui-

90 3348 165 3411 dem
194 3349 342 3415 volumen
369 3352 493 3416 Meletii
520 3353 558 3417 de
586 3359 703 3418 natura
730 3353 867 3417 hominis
896 3351 1160 3416 commentarium
1183 3353 1230 3417 in·

86 3462 218 3543 tegrum
241 3482 257 3524 e
280 3462 381 3526 tribus
408 3463 568 3528 codicibus
591 3464 774 3529 Bodleianis
802 3463 939 3546 primum
967 3483 1082 3546 graece
1110 3462 1229 3527 editum

88 3569 263 3634 exhibebat
290 3594 362 3656 ap.
389 3576 405 3636 1
429 3574 469 3637 ad
494 3577 563 3639 157.
608 3576 720 3658 Itaque
747 3595 788 3637 ne
816 3595 903 3637 nmio
931 3573 1057 3656 quidem
1085 3573 1230 3637 iteranda

87 3700 129 3742 ea
151 3683 259 3763 parte,
283 3705 378 3765 quam
400 3684 468 3767 ipse
490 3685 567 3747 olim
588 3685 843 3768 publicarem,
866 3683 966 3746 videri
988 3683 1093 3766 potuit
1114 3705 1229 3767 operae

85 3789 231 3872 pretium
253 3792 332 3855 fieri.
377 3793 497 3857 Verum
523 3798 631 3858 tamen
654 3795 805 3877 quoniam
832 3797 960 3877 praeter
988 3793 1229 3858 Cracoviensem

85 3897 208 3963 librum
232 3902 328 3965 etiam
350 3903 553 3968 Monacensis
576 3909 608 3968 et
635 3927 692 3988 per
714 3906 835 3988 aliquot
856 3908 970 3968 saltem
992 3905 1128 3989 paginas
1150 3903 1228 3967 Vin-

84 4008 283 4075 dobonensis
312 4014 436 4097 copiam
464 4014 543 4077 mihi
576 4037 778 4099 paraveram,
814 4037 879 4078 non
907 4014 1064 4078 inutiliter
1089 4013 1150 4077 hac
1178 4037 1229 4078 me

82 4122 331 4204 opportunitate
361 4124 409 4186 uti
438 4146 530 4207 posse
552 4126 677 4208 putavi,
707 4147 768 4210 quo
791 4129 824 4190 et
845 4126 975 4190 omnino
1004 4125 1146 4189 codicum
1174 4126 1228 4208 qui

80 4230 195 4296 adhuc
218 4234 335 4297 conlati
358 4237 433 4298 sunt
454 4239 580 4299 mutuas
602 4236 743 4300 rationes
772 4237 882 4321 paucis
906 4240 980 4300 ante
1003 4236 1109 4326 oculos
1131 4257 1228 4318 pone·

79 4365 166 4426 rem,
193 4347 225 4407 et
247 4347 411 4430 tamquam
432 4344 524 4428 flores
540 4345 756 4431 decerperem,
779 4347 892 4429 quibus
908 4351 959 4411 sat
981 4346 1086 4410 aridas
1109 4349 1227 4410 cetero-
