2948 4996
517 316 658 363 resumi
683 315 830 363 issara.
1183 300 1245 363 427

107 470 193 534 intra
216 469 309 534 unius
332 471 450 533 mensis
475 470 614 553 spatium
637 474 669 533 et
691 469 838 553 componi
859 469 1003 532 fabulam
1025 469 1164 552 potuisse
1187 469 1247 532 ele·

106 580 333 665 gantissimam
355 583 388 643 et
409 580 515 644 doceri
542 580 713 644 histriones
736 583 768 643 et
790 581 958 643 choreutas
979 578 1106 643 institui
1128 582 1161 642 et
1182 600 1247 643 om·

106 712 182 754 nem
204 691 321 754 instrui
343 695 534 774 apparatum
556 690 783 774 scaenicum.*)
827 689 932 764 Quid?
953 689 1036 774 quod
1058 690 1125 753 veri
1147 689 1247 752 multo

107 800 187 864 adeo
209 800 343 864 similius
366 803 414 864 est
435 800 604 864 recitatam
625 803 752 864 tantum
772 821 840 864 esse
855 799 1021 883 Sophoclis
1035 800 1246 884 tragoediam,
1268 810 1298 858 le

107 910 358 975 Anthesterione
380 932 506 975 mense:
551 911 589 974 de
611 932 673 995 quo
695 932 813 995 genere
837 909 1046 974 certaminum
1068 909 1248 974 Boeekhius

108 1021 256 1103 exposuit
278 1042 390 1085 comm.
415 1020 566 1085 delestis
588 1020 756 1084 Baechieis
785 1025 804 1102 ξ
827 1022 880 1083 21.
924 1021 1036 1104 Itaque
1063 1042 1130 1085 non
1157 1019 1248 1084 video

108 1130 184 1213 quid
207 1131 250 1194 sit
271 1130 440 1214 relicuum,
475 1130 537 1194 nisi
565 1135 601 1193 ut
627 1135 786 1194 mortuum
809 1131 998 1214 Sophoclem
1025 1152 1093 1194 esse
1121 1151 1248 1194 censea-

107 1262 179 1303 mus
211 1241 350 1305 secundo
377 1241 418 1305 ol.
447 1240 553 1306 XCIII
586 1263 686 1306 anno:
723 1241 806 1326 quod
839 1241 899 1304 etsi
932 1239 1093 1305 Boechhio
1126 1262 1248 1324 quoque

108 1349 212 1413 visum
241 1355 290 1414 est
311 1351 333 1415 l.
358 1373 385 1415 c.
409 1374 441 1435 p.
465 1352 504 1415 97
533 1352 607 1415 adn.
640 1351 700 1414 120
722 1355 754 1414 et
780 1374 812 1434 p.
840 1352 899 1416 103
927 1350 1001 1414 adn.
1033 1351 1108 1433 145,
1138 1354 1249 1414 tamen

109 1459 189 1524 adeo
226 1465 387 1546 repugnat
426 1463 589 1525 constanti
620 1461 876 1526 testimoniorum
910 1460 1097 1542 memoriae,
1135 1459 1249 1544 quibus

111 1569 279 1654 Sophoclis
302 1572 406 1635 obitus
430 1571 470 1635 ad
492 1573 533 1635 ol.
558 1571 681 1654 XCIII,
705 1573 724 1636 3
747 1572 894 1654 refertur,
918 1571 1049 1656 utquid
1072 1569 1249 1634 haedere

109 1680 316 1744 statuendum
355 1682 412 1765 sit,
450 1682 543 1746 valde
580 1681 712 1746 fluctuet
744 1682 904 1746 iudicium.
949 1682 1148 1765 Quamquam
1183 1702 1249 1745 non

110 1790 193 1855 nihil
215 1790 450 1877 discrepantiae
477 1793 575 1856 fuisse
603 1795 745 1864 veterum
767 1793 865 1856 etiam
886 1792 925 1855 de
947 1791 1114 1877 Sophoclis
1135 1794 1247 1875 morte,

111 1900 179 1964 eins
202 1902 405 1986 grammatici
428 1903 533 1968 verbis
556 1902 702 1986 arguitur
723 1902 777 1986 qui
793 1902 908 1987 Oedipi
926 1901 1057 1967 Colonei
1080 1923 1249 1987 argumen-

109 2013 178 2074 tum
202 2012 331 2096 scripsit
352 2014 393 2077 ab
415 2013 569 2077 Elmsleio
591 2011 711 2075 editum
733 2033 771 2075 ex
795 2013 902 2077 codice
917 2013 1147 2076 Laurentiano:
1172 2014 1248 2076 Καλ-

110 2122 198 2199 λίου,
232 2123 289 2201 ἐφ)
318 2123 358 2188 οὑ
390 2145 485 2204 φαειν
515 2124 550 2188 οἱ
583 2127 744 2190 πλείου(
772 2125 830 2190 τὸν
859 2125 1026 2203 (οφοκλέα
1057 2126 1248 2204 τελευτῆεαι,

109 2252 192 2314 quae
221 2232 329 2296 nescio
362 2255 404 2296 an
432 2233 467 2296 in
495 2233 581 2297 illam
615 2238 741 2319 partem
771 2212 960 2317 explicanda
992 2233 1069 2297 sint.
1113 2232 1250 2297 Accedit

110 2343 219 2404 auteur
241 2341 326 2405 aliud
348 2342 508 2427 quiddam.
539 2343 670 2408 Etenim
692 2344 864 2429 Sophocles
887 2343 914 2407 si
936 2347 1077 2407 mortuus
1099 2343 1142 2407 sit
1163 2365 1249 2407 anno

110 2449 213 2514 altero
235 2452 276 2515 ol.
300 2451 417 2535 XCIII,
442 2454 552 2519 eodem
568 2455 771 2539 consequitur
792 2454 908 2519 obiisse
923 2454 1120 2537 Euripidem,
1143 2457 1179 2517 ut
1201 2456 1250 2517 est

110 2561 146 2625 in
174 2560 334 2626 Marmore
362 2563 472 2646 Pario,
502 2564 576 2648 quia
598 2564 745 2649 Euripidi
772 2565 975 2650 superstitem
1003 2564 1102 2629 fuisse
1130 2563 1249 2648 Sopho-

180 2842 205 2906 *)
228 2840 279 2909 [De
300 2841 354 2895 hac
375 2842 618 2911 argumentatione
641 2843 730 2910 deque
753 2844 850 2897 mortis
872 2846 998 2912 tempore
1027 2861 1088 2898 oum
1110 2842 1249 2911 Euripidis

111 2935 172 2985 tum
191 2932 334 3002 Sophoclis
351 2935 435 3004 plane
454 2935 653 2991 assentientem
665 2939 763 2991 nactus
776 2955 836 2990 sum
848 2935 1053 2992 Boeokhium
1072 2935 1152 3004 Corp.
1167 2935 1248 2988 inser.

110 3043 153 3093 gr.
168 3026 232 3095 Hp.
247 3032 304 3094 342,
322 3026 563 3083 Clintonianas
582 3029 704 3084 rationes
723 3048 749 3099 p.
764 3035 862 3084 87-91
882 3030 925 3084 ed.
942 3030 1045 3097 Krucg.
1065 3045 1114 3081 suo
1132 3027 1191 3081 iure
1210 3046 1249 3081 re·

110 3118 243 3173 icieutem
254 3122 286 3173 ut
296 3137 410 3189 prorsus
423 3121 606 3177 abhorrentes
618 3141 636 3177 a
647 3139 726 3178 vero:
744 3123 873 3194 idemque
886 3122 974 3177 secuti
986 3124 1050 3175 sunt
1063 3122 1091 3175 C.
1106 3122 1137 3174 0.
1150 3121 1249 3174 Muel-

111 3214 206 3266 lerus
229 3212 298 3268 Hist.
318 3212 371 3267 litt.
397 3232 437 3283 gr.
457 3216 483 3268 II
500 3233 527 3285 p.
550 3222 604 3271 133.
627 3222 687 3283 179,
711 3216 740 3270 C.
759 3216 789 3270 E.
808 3216 1019 3270 Hermannus
1045 3214 1074 3267 in
1096 3213 1250 3269 Annalibus

111 3305 174 3358 crit
192 3304 414 3361 Beroliueusibus
433 3324 457 3362 a.
475 3313 539 3363 1843
557 3327 592 3362 m.
611 3311 677 3378 Apr.
696 3328 725 3379 p.
738 3314 787 3364 547
800 3325 851 3376 sq,
869 3308 903 3362 de
922 3308 1052 3377 Euripide
1070 3306 1155 3362 etiam
1172 3307 1250 3361 Har·

110 3400 239 3467 tangus
257 3398 406 3469 ‘Euripidis
424 3400 556 3455 restituti’
574 3405 595 3459 t.
615 3403 640 3455 ΙΙ
657 3421 684 3472 ρ,
703 3407 751 3455 601
771 3418 830 3469 sqq.
856 3401 915 3455 Nec
930 3401 966 3455 ab
983 3400 1032 3454 illa
1050 3417 1093 3454 me
1112 3399 1251 3454 sententia

110 3491 243 3546 divellere
260 3495 423 3561 potuerunt,
446 3511 517 3562 quae
540 3495 576 3548 ab
594 3495 656 3549 aliis
675 3495 931 3564 contra'disputata
952 3493 1020 3559 vidi,
1042 3493 1147 3563 partim
1164 3493 1251 3547 consi·

110 3584 211 3639 derate
227 3584 478 3655 intellegenterque
494 3587 687 3654 iudicantibus,
705 3587 808 3657 partim
826 3587 895 3642 miro
913 3586 1036 3656 fingendi
1047 3586 1251 3656 argutandique

110 3675 229 3732 artificio
251 3678 472 3748 indulgentibus:
503 3698 518 3734 e
542 3680 640 3749 quibus
662 3681 776 3736 honoris
799 3699 897 3736 caussa
919 3681 1035 3750 designo
1053 3680 1127 3735 vitae
1146 3679 1251 3749 Sopho-

110 3771 190 3826 cleae
207 3771 358 3841 scriptores
375 3773 581 3828 Ferdinandum
600 3774 812 3829 Schultzium
830 3774 930 3840 (Berol.
944 3792 968 3828 a.
984 3778 1059 3842 1836)
1076 3792 1104 3843 p.
1118 3780 1167 3828 153
1180 3790 1251 3840 sqq,

110 3864 290 3919 Theodorum
312 3866 496 3936 Bergkium
519 3867 571 3935 (ed.
595 3867 670 3937 Lips.
695 3885 719 3922 a.
745 3871 820 3936 1858)
846 3886 873 3937 p.
897 3867 961 3921 XXI
983 3884 1057 3934 sqq,
1084 3867 1251 3922 Guilelmum

110 3957 329 4013 Dindorfium
348 3960 400 4025 (ed.
417 3961 502 4015 Oxon.
518 3979 542 4015 a.
560 3950 624 4016 1860
635 3962 688 4016 vol.
703 3960 778 4028 VIII)
796 3979 823 4030 p.
835 3960 885 4014 XX
904 3977 977 4028 sqq.;
995 3990 1028 3998 —
1046 3959 1251 4014 Ferdinandum

110 4052 280 4106 Rankium
292 4052 321 4104 in
333 4052 391 4107 vita
402 4053 597 4124 Aristophanis
610 4058 645 4122 (a.
662 4059 736 4121 1830)
748 4073 774 4123 p.
787 4053 937 4119 CCLXXII,
950 4053 1108 4122 Adolphum
1120 4052 1251 4107 Sehoel-

109 4146 194 4199 lium
212 4144 396 4215 ‘Sophoklea
415 4147 474 4201 sein
491 4148 584 4203 Leben
603 4148 659 4201 und
677 4147 807 4201 Wirhen’
832 4150 868 4214 (a.
889 4150 963 4215 1842)
985 4165 1012 4216 p.
1032 4152 1081 4201 359
1100 4163 1159 4214 sqq.
1196 4146 1251 4199 Ali-

108 4238 180 4308 quid
201 4238 301 4293 harnm
322 4256 415 4293 rerum
437 4240 533 4309 attigit
555 4241 640 4297 etiam
666 4240 877 4297 Fritzschius
904 4240 978 4313 apud
1005 4239 1036 4295 G.
1061 4240 1251 4298 Hermannum

108 4333 212 4405 Opuac.
233 4333 258 4387 V
276 4352 302 4404 p.
322 4332 464 4403 reseda]
