<?xml version="1.0" encoding="UTF-8"?>
<!DOCTYPE html PUBLIC "-//W3C//DTD XHTML 1.0 Transitional//EN"
    "http://www.w3.org/TR/xhtml1/DTD/xhtml1-transitional.dtd">
<html xmlns="http://www.w3.org/1999/xhtml" xml:lang="en" lang="en">
 <head>
  <title>
</title>
<meta http-equiv="Content-Type" content="text/html;charset=utf-8" />
  <meta name='ocr-system' content='tesseract 3.04.00' />
  <meta name='ocr-capabilities' content='ocr_page ocr_carea ocr_par ocr_line ocrx_word'/>
</head>
<body>
  <div class='ocr_page' id='page_1' title='image "./fridericiritsch04wachgoog_0646.png"; bbox 0 0 2896 4996; ppageno 0'>
   <div class='ocr_carea' id='block_1_1' title="bbox 470 292 1226 362">
    <p class='ocr_par' dir='ltr' id='par_1_1' title="bbox 470 292 1226 362">
     <span class='ocr_line' id='line_1_1' title="bbox 470 292 1226 362; baseline 0.004 -3"><span class='ocrx_word' id='word_1_1' title='bbox 470 292 516 360; x_wconf 78' lang='grc' dir='ltr'>αα</span> <span class='ocrx_word' id='word_1_2' title='bbox 540 315 610 361; x_wconf 83' lang='grc' dir='ltr'>οπο</span> <span class='ocrx_word' id='word_1_3' title='bbox 633 316 677 360; x_wconf 77' lang='grc' dir='ltr'>αι·</span> <span class='ocrx_word' id='word_1_4' title='bbox 701 315 843 362; x_wconf 73' lang='grc' dir='ltr'>οτιιοιιιτ.</span> <span class='ocrx_word' id='word_1_5' title='bbox 1164 298 1226 362; x_wconf 87' lang='grc'>633</span> 
     </span>
    </p>
   </div>
   <div class='ocr_carea' id='block_1_2' title="bbox 84 468 1360 2653">
    <p class='ocr_par' dir='ltr' id='par_1_2' title="bbox 84 468 1360 2537">
     <span class='ocr_line' id='line_1_2' title="bbox 84 468 1227 551; baseline 0 -18"><span class='ocrx_word' id='word_1_6' title='bbox 84 472 199 547; x_wconf 89' lang='grc' dir='ltr'>μαῑνον</span> <span class='ocrx_word' id='word_1_7' title='bbox 229 471 288 547; x_wconf 87' lang='grc' dir='ltr'>τὴν</span> <span class='ocrx_word' id='word_1_8' title='bbox 315 469 458 549; x_wconf 90' lang='grc' dir='ltr'>τροφήν,</span> <span class='ocrx_word' id='word_1_9' title='bbox 491 470 541 532; x_wconf 90' lang='grc' dir='ltr'>καὶ</span> <span class='ocrx_word' id='word_1_10' title='bbox 574 469 626 532; x_wconf 88' lang='grc' dir='ltr'>διὰ</span> <span class='ocrx_word' id='word_1_11' title='bbox 647 472 706 533; x_wconf 86' lang='grc' dir='ltr'>τοῦ</span> <span class='ocrx_word' id='word_1_12' title='bbox 738 491 747 532; x_wconf 97' lang='grc' dir='ltr'>ι</span> <span class='ocrx_word' id='word_1_13' title='bbox 780 469 938 549; x_wconf 84' lang='grc' dir='ltr'>γράφεται</span> <span class='ocrx_word' id='word_1_14' title='bbox 970 474 1015 551; x_wconf 83' lang='grc' dir='ltr'>τῷ</span> <span class='ocrx_word' id='word_1_15' title='bbox 1050 468 1137 550; x_wconf 82' lang='grc' dir='ltr'>λόγῳ</span> <span class='ocrx_word' id='word_1_16' title='bbox 1168 472 1227 533; x_wconf 80' lang='grc' dir='ltr'>τοῦ</span> 
     </span>
     <span class='ocr_line' id='line_1_3' title="bbox 84 577 1225 662; baseline -0.003 -19"><span class='ocrx_word' id='word_1_17' title='bbox 84 580 200 659; x_wconf 82' lang='grc' dir='ltr'>θλίβω;</span> <span class='ocrx_word' id='word_1_18' title='bbox 224 578 277 641; x_wconf 77' lang='lat' dir='ltr'><strong>Et.</strong></span> <span class='ocrx_word' id='word_1_19' title='bbox 302 577 384 642; x_wconf 79' lang='lat' dir='ltr'><strong>Gud.</strong></span> <span class='ocrx_word' id='word_1_20' title='bbox 408 600 439 660; x_wconf 91' lang='lat' dir='ltr'>p.</span> <span class='ocrx_word' id='word_1_21' title='bbox 463 578 537 661; x_wconf 91' lang='grc'>321,</span> <span class='ocrx_word' id='word_1_22' title='bbox 561 579 580 641; x_wconf 90' lang='grc'><strong>6</strong></span> <span class='ocrx_word' id='word_1_23' title='bbox 602 578 728 662; x_wconf 85' lang='lat' dir='ltr'>plenius</span> <span class='ocrx_word' id='word_1_24' title='bbox 751 600 846 661; x_wconf 84' lang='lat' dir='ltr'>quam</span> <span class='ocrx_word' id='word_1_25' title='bbox 868 577 945 642; x_wconf 86' lang='lat' dir='ltr'><strong>Zon.</strong></span> <span class='ocrx_word' id='word_1_26' title='bbox 969 600 1001 660; x_wconf 92' lang='lat' dir='ltr'>p.</span> <span class='ocrx_word' id='word_1_27' title='bbox 1021 578 1103 640; x_wconf 91' lang='grc'>1210</span> <span class='ocrx_word' id='word_1_28' title='bbox 1124 579 1157 640; x_wconf 75' lang='lat' dir='ltr'>ei</span> <span class='ocrx_word' id='word_1_29' title='bbox 1172 577 1225 641; x_wconf 84' lang='grc' dir='ltr'>Εί.</span> 
     </span>
     <span class='ocr_line' id='line_1_4' title="bbox 86 685 1226 773; baseline 0 -21"><span class='ocrx_word' id='word_1_30' title='bbox 86 689 130 752; x_wconf 91' lang='grc' dir='ltr'>Μ.</span> <span class='ocrx_word' id='word_1_31' title='bbox 155 685 188 771; x_wconf 73' lang='lat' dir='ltr'>p.</span> <span class='ocrx_word' id='word_1_32' title='bbox 210 688 284 771; x_wconf 82' lang='grc'>512,</span> <span class='ocrx_word' id='word_1_33' title='bbox 308 689 360 752; x_wconf 89' lang='grc'>49.</span> <span class='ocrx_word' id='word_1_34' title='bbox 405 686 453 751; x_wconf 84' lang='lat' dir='ltr'>De</span> <span class='ocrx_word' id='word_1_35' title='bbox 476 689 574 768; x_wconf 86' lang='grc' dir='ltr'>θλίβω</span> <span class='ocrx_word' id='word_1_36' title='bbox 598 689 639 752; x_wconf 85' lang='lat' dir='ltr'><strong>cf.</strong></span> <span class='ocrx_word' id='word_1_37' title='bbox 663 687 717 751; x_wconf 83' lang='lat' dir='ltr'><strong>Et.</strong></span> <span class='ocrx_word' id='word_1_38' title='bbox 741 688 785 752; x_wconf 92' lang='lat' dir='ltr'>M.</span> <span class='ocrx_word' id='word_1_39' title='bbox 809 712 840 773; x_wconf 90' lang='lat' dir='ltr'>p.</span> <span class='ocrx_word' id='word_1_40' title='bbox 857 688 930 771; x_wconf 82' lang='lat'>454,</span> <span class='ocrx_word' id='word_1_41' title='bbox 949 689 981 771; x_wconf 86' lang='lat'>4,</span> <span class='ocrx_word' id='word_1_42' title='bbox 1006 686 1087 751; x_wconf 84' lang='lat' dir='ltr'><strong>Gud.</strong></span> <span class='ocrx_word' id='word_1_43' title='bbox 1104 710 1136 770; x_wconf 89' lang='lat' dir='ltr'>p.</span> <span class='ocrx_word' id='word_1_44' title='bbox 1152 688 1226 769; x_wconf 78' lang='lat'>554,</span> 
     </span>
     <span class='ocr_line' id='line_1_5' title="bbox 85 799 1227 879; baseline 0 -17"><span class='ocrx_word' id='word_1_45' title='bbox 85 799 138 862; x_wconf 91' lang='grc'>22.</span> <span class='ocrx_word' id='word_1_46' title='bbox 168 837 211 846; x_wconf 92' lang='grc'><strong>-</strong></span> <span class='ocrx_word' id='word_1_47' title='bbox 238 800 328 875; x_wconf 86' lang='grc' dir='ltr'>Λέγει</span> <span class='ocrx_word' id='word_1_48' title='bbox 355 799 469 879; x_wconf 85' lang='grc' dir='ltr'>Ὧροε,</span> <span class='ocrx_word' id='word_1_49' title='bbox 499 801 550 863; x_wconf 84' lang='grc' dir='ltr'>διὰ</span> <span class='ocrx_word' id='word_1_50' title='bbox 578 800 756 879; x_wconf 85' lang='grc' dir='ltr'>διφθόγγου</span> <span class='ocrx_word' id='word_1_51' title='bbox 785 799 913 879; x_wconf 79' lang='grc' dir='ltr'>ῥειτόε</span> <span class='ocrx_word' id='word_1_52' title='bbox 941 800 992 863; x_wconf 88' lang='grc' dir='ltr'>καί</span> <span class='ocrx_word' id='word_1_53' title='bbox 1019 799 1179 866; x_wconf 84' lang='grc' dir='ltr'>ὀξύνεται·</span> <span class='ocrx_word' id='word_1_54' title='bbox 1208 799 1227 862; x_wconf 92' lang='lat'>6</span> 
     </span>
     <span class='ocr_line' id='line_1_6' title="bbox 85 908 1226 992; baseline -0.003 -18"><span class='ocrx_word' id='word_1_55' title='bbox 85 912 121 974; x_wconf 78' lang='grc' dir='ltr'>δὲ</span> <span class='ocrx_word' id='word_1_56' title='bbox 143 910 355 992; x_wconf 86' lang='grc' dir='ltr'>Ἡρωδιανόε,</span> <span class='ocrx_word' id='word_1_57' title='bbox 384 911 436 973; x_wconf 86' lang='grc' dir='ltr'>διὰ</span> <span class='ocrx_word' id='word_1_58' title='bbox 463 913 521 974; x_wconf 82' lang='grc' dir='ltr'>τοῦ</span> <span class='ocrx_word' id='word_1_59' title='bbox 550 932 560 972; x_wconf 92' lang='grc' dir='ltr'>ι</span> <span class='ocrx_word' id='word_1_60' title='bbox 588 910 676 989; x_wconf 83' lang='grc' dir='ltr'>ῥῑτοε</span> <span class='ocrx_word' id='word_1_61' title='bbox 704 911 753 974; x_wconf 87' lang='grc' dir='ltr'>καί</span> <span class='ocrx_word' id='word_1_62' title='bbox 781 910 949 990; x_wconf 87' lang='grc' dir='ltr'>βαρύνεται</span> <span class='ocrx_word' id='word_1_63' title='bbox 971 910 1016 974; x_wconf 85' lang='grc' dir='ltr'>ιίιε</span> <span class='ocrx_word' id='word_1_64' title='bbox 1045 912 1144 973; x_wconf 77' lang='grc' dir='ltr'>εῑτοεε</span> <span class='ocrx_word' id='word_1_65' title='bbox 1172 908 1226 971; x_wconf 75' lang='lat' dir='ltr'><strong>Et.</strong></span> 
     </span>
     <span class='ocr_line' id='line_1_7' title="bbox 89 1019 1229 1103; baseline -0.002 -19"><span class='ocrx_word' id='word_1_66' title='bbox 89 1021 133 1084; x_wconf 94' lang='grc' dir='ltr'>Μ.</span> <span class='ocrx_word' id='word_1_67' title='bbox 157 1041 190 1103; x_wconf 91' lang='lat' dir='ltr'>p.</span> <span class='ocrx_word' id='word_1_68' title='bbox 216 1019 293 1103; x_wconf 89' lang='grc'>703,</span> <span class='ocrx_word' id='word_1_69' title='bbox 320 1020 369 1083; x_wconf 91' lang='grc'>14.</span> <span class='ocrx_word' id='word_1_70' title='bbox 391 1057 434 1068; x_wconf 91' lang='lat'>·-</span> <span class='ocrx_word' id='word_1_71' title='bbox 457 1019 608 1100; x_wconf 88' lang='grc' dir='ltr'>Τερθρεία</span> <span class='ocrx_word' id='word_1_72' title='bbox 629 1043 686 1068; x_wconf 90' lang='lat'>-·</span> <span class='ocrx_word' id='word_1_73' title='bbox 712 1021 730 1085; x_wconf 93' lang='lat'>6</span> <span class='ocrx_word' id='word_1_74' title='bbox 753 1022 788 1085; x_wconf 83' lang='grc' dir='ltr'>δὲ</span> <span class='ocrx_word' id='word_1_75' title='bbox 805 1021 906 1100; x_wconf 84' lang='grc' dir='ltr'>Ὧροε</span> <span class='ocrx_word' id='word_1_76' title='bbox 928 1022 947 1086; x_wconf 99' lang='lat'>6</span> <span class='ocrx_word' id='word_1_77' title='bbox 971 1021 1122 1098; x_wconf 83' lang='grc' dir='ltr'>Μιλήειοε</span> <span class='ocrx_word' id='word_1_78' title='bbox 1144 1021 1229 1095; x_wconf 82' lang='grc' dir='ltr'>λέγει</span> 
     </span>
     <span class='ocr_line' id='line_1_8' title="bbox 87 1129 1229 1214; baseline 0 -19"><span class='ocrx_word' id='word_1_79' title='bbox 87 1131 136 1195; x_wconf 86' lang='grc' dir='ltr'>ὅτι</span> <span class='ocrx_word' id='word_1_80' title='bbox 158 1153 184 1194; x_wconf 90' lang='grc' dir='ltr'>κ.</span> <span class='ocrx_word' id='word_1_81' title='bbox 207 1152 231 1194; x_wconf 90' lang='grc' dir='ltr'>τ.</span> <span class='ocrx_word' id='word_1_82' title='bbox 255 1133 286 1193; x_wconf 91' lang='grc' dir='ltr'>λ.·</span> <span class='ocrx_word' id='word_1_83' title='bbox 326 1132 524 1210; x_wconf 81' lang='grc' dir='ltr'>Φερεκράτη(</span> <span class='ocrx_word' id='word_1_84' title='bbox 546 1131 720 1214; x_wconf 89' lang='grc' dir='ltr'>τερθρία,</span> <span class='ocrx_word' id='word_1_85' title='bbox 745 1132 846 1209; x_wconf 76' lang='grc' dir='ltr'>πνοήε</span> <span class='ocrx_word' id='word_1_86' title='bbox 869 1129 923 1193; x_wconf 75' lang='lat' dir='ltr'><strong>Et.</strong></span> <span class='ocrx_word' id='word_1_87' title='bbox 940 1130 984 1194; x_wconf 91' lang='lat' dir='ltr'><strong>M.</strong></span> <span class='ocrx_word' id='word_1_88' title='bbox 1001 1154 1033 1214; x_wconf 89' lang='lat' dir='ltr'>p.</span> <span class='ocrx_word' id='word_1_89' title='bbox 1051 1130 1123 1212; x_wconf 83' lang='grc'>753,</span> <span class='ocrx_word' id='word_1_90' title='bbox 1140 1131 1171 1194; x_wconf 87' lang='lat'>3.</span> <span class='ocrx_word' id='word_1_91' title='bbox 1186 1168 1229 1179; x_wconf 90' lang='lat'>-</span> 
     </span>
     <span class='ocr_line' id='line_1_9' title="bbox 87 1240 1228 1326; baseline -0.001 -20"><span class='ocrx_word' id='word_1_92' title='bbox 87 1241 150 1306; x_wconf 76' lang='lat' dir='ltr'>Sed</span> <span class='ocrx_word' id='word_1_93' title='bbox 179 1240 218 1303; x_wconf 79' lang='lat' dir='ltr'>ad</span> <span class='ocrx_word' id='word_1_94' title='bbox 246 1242 331 1320; x_wconf 88' lang='grc' dir='ltr'>πάθη</span> <span class='ocrx_word' id='word_1_95' title='bbox 361 1240 446 1304; x_wconf 81' lang='lat' dir='ltr'><strong>haud</strong></span> <span class='ocrx_word' id='word_1_96' title='bbox 473 1241 538 1304; x_wconf 83' lang='lat' dir='ltr'>scio</span> <span class='ocrx_word' id='word_1_97' title='bbox 567 1263 609 1304; x_wconf 86' lang='lat' dir='ltr'>an</span> <span class='ocrx_word' id='word_1_98' title='bbox 631 1241 750 1305; x_wconf 86' lang='lat' dir='ltr'>maiore</span> <span class='ocrx_word' id='word_1_99' title='bbox 778 1242 847 1305; x_wconf 84' lang='lat' dir='ltr'>iure</span> <span class='ocrx_word' id='word_1_100' title='bbox 875 1264 971 1326; x_wconf 81' lang='lat' dir='ltr'>quam</span> <span class='ocrx_word' id='word_1_101' title='bbox 1000 1240 1041 1304; x_wconf 85' lang='lat' dir='ltr'>ad</span> <span class='ocrx_word' id='word_1_102' title='bbox 1063 1241 1228 1325; x_wconf 76' lang='lat' dir='ltr'><strong>orthogra-</strong></span> 
     </span>
     <span class='ocr_line' id='line_1_10' title="bbox 87 1350 1229 1434; baseline 0.002 -20"><span class='ocrx_word' id='word_1_103' title='bbox 87 1350 199 1434; x_wconf 80' lang='lat' dir='ltr'><strong>phiam</strong></span> <span class='ocrx_word' id='word_1_104' title='bbox 226 1351 408 1415; x_wconf 76' lang='lat' dir='ltr'><strong>reserantur</strong></span> <span class='ocrx_word' id='word_1_105' title='bbox 435 1350 516 1414; x_wconf 76' lang='lat' dir='ltr'>haec</span> <span class='ocrx_word' id='word_1_106' title='bbox 542 1351 595 1414; x_wconf 76' lang='lat' dir='ltr'>Et.</span> <span class='ocrx_word' id='word_1_107' title='bbox 626 1352 669 1414; x_wconf 90' lang='lat' dir='ltr'>M.</span> <span class='ocrx_word' id='word_1_108' title='bbox 693 1374 725 1434; x_wconf 91' lang='lat' dir='ltr'>p.</span> <span class='ocrx_word' id='word_1_109' title='bbox 750 1351 828 1434; x_wconf 85' lang='grc'>714,</span> <span class='ocrx_word' id='word_1_110' title='bbox 857 1352 913 1416; x_wconf 85' lang='lat'>34:</span> <span class='ocrx_word' id='word_1_111' title='bbox 947 1356 1063 1417; x_wconf 86' lang='grc' dir='ltr'>είτοε·</span> <span class='ocrx_word' id='word_1_112' title='bbox 1097 1353 1182 1428; x_wconf 82' lang='grc' dir='ltr'>λέγει</span> <span class='ocrx_word' id='word_1_113' title='bbox 1210 1353 1229 1416; x_wconf 94' lang='lat'>6</span> 
     </span>
     <span class='ocr_line' id='line_1_11' title="bbox 86 1461 1229 1547; baseline -0.001 -21"><span class='ocrx_word' id='word_1_114' title='bbox 86 1462 240 1544; x_wconf 88' lang='grc' dir='ltr'>τεχνικόε,</span> <span class='ocrx_word' id='word_1_115' title='bbox 265 1461 314 1526; x_wconf 84' lang='grc' dir='ltr'>ὅτι</span> <span class='ocrx_word' id='word_1_116' title='bbox 337 1513 458 1526; x_wconf 91' lang='grc'><strong>......</strong></span> <span class='ocrx_word' id='word_1_117' title='bbox 481 1462 569 1542; x_wconf 84' lang='grc' dir='ltr'>παρὰ</span> <span class='ocrx_word' id='word_1_118' title='bbox 583 1462 621 1527; x_wconf 84' lang='grc' dir='ltr'>τὸ</span> <span class='ocrx_word' id='word_1_119' title='bbox 642 1462 789 1527; x_wconf 83' lang='grc' dir='ltr'>εέεειεται</span> <span class='ocrx_word' id='word_1_120' title='bbox 812 1464 939 1545; x_wconf 84' lang='grc' dir='ltr'>εειττόε,</span> <span class='ocrx_word' id='word_1_121' title='bbox 963 1463 1110 1547; x_wconf 82' lang='grc' dir='ltr'>ἀποβολῇ</span> <span class='ocrx_word' id='word_1_122' title='bbox 1132 1466 1191 1527; x_wconf 85' lang='grc' dir='ltr'>τοῦ</span> <span class='ocrx_word' id='word_1_123' title='bbox 1214 1483 1229 1525; x_wconf 85' lang='grc' dir='ltr'>τ</span> 
     </span>
     <span class='ocr_line' id='line_1_12' title="bbox 87 1572 1230 1667; baseline 0 -31"><span class='ocrx_word' id='word_1_124' title='bbox 87 1572 219 1637; x_wconf 85' lang='grc' dir='ltr'>καὶτοῦ</span> <span class='ocrx_word' id='word_1_125' title='bbox 242 1594 257 1637; x_wconf 94' lang='grc' dir='ltr'>ε</span> <span class='ocrx_word' id='word_1_126' title='bbox 280 1576 370 1637; x_wconf 85' lang='grc' dir='ltr'>εῖτοε.</span> <span class='ocrx_word' id='word_1_127' title='bbox 407 1574 492 1667; x_wconf 84' lang='grc' dir='ltr'>λέγει</span> <span class='ocrx_word' id='word_1_128' title='bbox 513 1574 549 1637; x_wconf 83' lang='grc' dir='ltr'>δὲ</span> <span class='ocrx_word' id='word_1_129' title='bbox 572 1573 590 1637; x_wconf 93' lang='lat'>6</span> <span class='ocrx_word' id='word_1_130' title='bbox 613 1573 723 1654; x_wconf 85' lang='grc' dir='ltr'>Ὠροε,</span> <span class='ocrx_word' id='word_1_131' title='bbox 748 1573 796 1638; x_wconf 85' lang='grc' dir='ltr'>ὅτι</span> <span class='ocrx_word' id='word_1_132' title='bbox 818 1575 960 1653; x_wconf 89' lang='grc' dir='ltr'>κρεῖττόν</span> <span class='ocrx_word' id='word_1_133' title='bbox 983 1574 1066 1638; x_wconf 86' lang='grc' dir='ltr'>έετιν</span> <span class='ocrx_word' id='word_1_134' title='bbox 1089 1572 1155 1637; x_wconf 84' lang='grc' dir='ltr'>ἀπὸ</span> <span class='ocrx_word' id='word_1_135' title='bbox 1170 1577 1230 1637; x_wconf 82' lang='grc' dir='ltr'>τοῦ</span> 
     </span>
     <span class='ocr_line' id='line_1_13' title="bbox 88 1684 1230 1764; baseline -0.001 -17"><span class='ocrx_word' id='word_1_136' title='bbox 88 1684 158 1747; x_wconf 88' lang='grc' dir='ltr'>(ίω</span> <span class='ocrx_word' id='word_1_137' title='bbox 184 1687 244 1747; x_wconf 83' lang='grc' dir='ltr'>τοῦ</span> <span class='ocrx_word' id='word_1_138' title='bbox 272 1685 324 1747; x_wconf 85' lang='grc' dir='ltr'>διὰ</span> <span class='ocrx_word' id='word_1_139' title='bbox 345 1688 404 1748; x_wconf 85' lang='grc' dir='ltr'>τοῦ</span> <span class='ocrx_word' id='word_1_140' title='bbox 432 1706 441 1747; x_wconf 90' lang='grc' dir='ltr'>ι</span> <span class='ocrx_word' id='word_1_141' title='bbox 468 1684 680 1764; x_wconf 86' lang='grc' dir='ltr'>γραφομένου</span> <span class='ocrx_word' id='word_1_142' title='bbox 706 1686 889 1760; x_wconf 89' lang='grc' dir='ltr'>γεγονέναι·</span> <span class='ocrx_word' id='word_1_143' title='bbox 918 1685 980 1748; x_wconf 85' lang='grc' dir='ltr'>ἔετι</span> <span class='ocrx_word' id='word_1_144' title='bbox 1006 1686 1069 1764; x_wconf 89' lang='grc' dir='ltr'>γὰρ</span> <span class='ocrx_word' id='word_1_145' title='bbox 1096 1685 1146 1749; x_wconf 90' lang='grc' dir='ltr'>καὶ</span> <span class='ocrx_word' id='word_1_146' title='bbox 1173 1684 1230 1748; x_wconf 82' lang='grc' dir='ltr'>τίω</span> 
     </span>
     <span class='ocr_line' id='line_1_14' title="bbox 88 1791 1230 1877; baseline 0 -19"><span class='ocrx_word' id='word_1_147' title='bbox 88 1795 141 1858; x_wconf 89' lang='grc' dir='ltr'>διὰ</span> <span class='ocrx_word' id='word_1_148' title='bbox 161 1798 222 1857; x_wconf 88' lang='grc' dir='ltr'>τοῦ</span> <span class='ocrx_word' id='word_1_149' title='bbox 245 1815 270 1876; x_wconf 97' lang='grc' dir='ltr'>ι,</span> <span class='ocrx_word' id='word_1_150' title='bbox 300 1795 326 1876; x_wconf 82' lang='grc' dir='ltr'>ᾧ</span> <span class='ocrx_word' id='word_1_151' title='bbox 350 1791 460 1874; x_wconf 71' lang='grc' dir='ltr'>χρῆταί</span> <span class='ocrx_word' id='word_1_152' title='bbox 482 1795 665 1873; x_wconf 87' lang='grc' dir='ltr'>Ἀνακρέων</span> <span class='ocrx_word' id='word_1_153' title='bbox 692 1816 717 1857; x_wconf 92' lang='grc' dir='ltr'>κ.</span> <span class='ocrx_word' id='word_1_154' title='bbox 739 1816 764 1858; x_wconf 90' lang='grc' dir='ltr'>τ.</span> <span class='ocrx_word' id='word_1_155' title='bbox 788 1797 815 1857; x_wconf 93' lang='grc' dir='ltr'>λ.</span> <span class='ocrx_word' id='word_1_156' title='bbox 842 1797 874 1857; x_wconf 75' lang='lat' dir='ltr'>et</span> <span class='ocrx_word' id='word_1_157' title='bbox 894 1794 1013 1858; x_wconf 86' lang='lat' dir='ltr'><strong>ibidem</strong></span> <span class='ocrx_word' id='word_1_158' title='bbox 1041 1817 1072 1877; x_wconf 92' lang='lat' dir='ltr'><strong>p.</strong></span> <span class='ocrx_word' id='word_1_159' title='bbox 1094 1795 1147 1877; x_wconf 90' lang='grc'>47,</span> <span class='ocrx_word' id='word_1_160' title='bbox 1172 1794 1230 1858; x_wconf 85' lang='lat'>35:</span> 
     </span>
     <span class='ocr_line' id='line_1_15' title="bbox 89 1903 1231 1986; baseline 0.001 -18"><span class='ocrx_word' id='word_1_161' title='bbox 89 1903 247 1982; x_wconf 90' lang='grc' dir='ltr'>ἀκηδία·</span> <span class='ocrx_word' id='word_1_162' title='bbox 269 1905 356 1982; x_wconf 88' lang='grc' dir='ltr'>παρὰ</span> <span class='ocrx_word' id='word_1_163' title='bbox 378 1905 417 1968; x_wconf 87' lang='grc' dir='ltr'>τὸ</span> <span class='ocrx_word' id='word_1_164' title='bbox 439 1904 573 1982; x_wconf 85' lang='grc' dir='ltr'>ἀκηδιῶ,</span> <span class='ocrx_word' id='word_1_165' title='bbox 596 1909 693 1969; x_wconf 84' lang='grc' dir='ltr'>τοῦτο</span> <span class='ocrx_word' id='word_1_166' title='bbox 717 1906 804 1983; x_wconf 87' lang='grc' dir='ltr'>παρὰ</span> <span class='ocrx_word' id='word_1_167' title='bbox 825 1907 863 1970; x_wconf 89' lang='grc' dir='ltr'>τὸ</span> <span class='ocrx_word' id='word_1_168' title='bbox 887 1905 993 1986; x_wconf 85' lang='grc' dir='ltr'>ἀηδῶ,</span> <span class='ocrx_word' id='word_1_169' title='bbox 1023 1909 1120 1970; x_wconf 84' lang='grc' dir='ltr'>τοῦτο</span> <span class='ocrx_word' id='word_1_170' title='bbox 1143 1906 1231 1983; x_wconf 88' lang='grc' dir='ltr'>παρὰ</span> 
     </span>
     <span class='ocr_line' id='line_1_16' title="bbox 87 2014 1232 2094; baseline -0.001 -16"><span class='ocrx_word' id='word_1_171' title='bbox 87 2015 126 2079; x_wconf 87' lang='grc' dir='ltr'>τὸ</span> <span class='ocrx_word' id='word_1_172' title='bbox 148 2014 226 2092; x_wconf 86' lang='grc' dir='ltr'>ἡδύε</span> <span class='ocrx_word' id='word_1_173' title='bbox 247 2015 298 2078; x_wconf 91' lang='grc' dir='ltr'>καὶ</span> <span class='ocrx_word' id='word_1_174' title='bbox 319 2016 457 2094; x_wconf 85' lang='grc' dir='ltr'>ττερήτει</span> <span class='ocrx_word' id='word_1_175' title='bbox 486 2014 584 2094; x_wconf 83' lang='grc' dir='ltr'>ἀηδιίε</span> <span class='ocrx_word' id='word_1_176' title='bbox 612 2017 662 2079; x_wconf 89' lang='grc' dir='ltr'>καὶ</span> <span class='ocrx_word' id='word_1_177' title='bbox 683 2018 874 2094; x_wconf 82' lang='grc' dir='ltr'>πλεονατμῶ</span> <span class='ocrx_word' id='word_1_178' title='bbox 896 2020 954 2080; x_wconf 83' lang='grc' dir='ltr'>τοῦ</span> <span class='ocrx_word' id='word_1_179' title='bbox 982 2039 1000 2079; x_wconf 93' lang='grc' dir='ltr'>κ</span> <span class='ocrx_word' id='word_1_180' title='bbox 1022 2015 1153 2094; x_wconf 84' lang='grc' dir='ltr'>ἀκηδιίε,</span> <span class='ocrx_word' id='word_1_181' title='bbox 1182 2016 1232 2079; x_wconf 88' lang='grc' dir='ltr'>καὶ</span> 
     </span>
     <span class='ocr_line' id='line_1_17' title="bbox 88 2124 1231 2209; baseline 0 -21"><span class='ocrx_word' id='word_1_182' title='bbox 88 2124 123 2190; x_wconf 80' lang='grc' dir='ltr'>ἐξ</span> <span class='ocrx_word' id='word_1_183' title='bbox 145 2124 246 2188; x_wconf 82' lang='grc' dir='ltr'>αὐτοῦ</span> <span class='ocrx_word' id='word_1_184' title='bbox 269 2124 381 2202; x_wconf 88' lang='grc' dir='ltr'>ἀκηδία</span> <span class='ocrx_word' id='word_1_185' title='bbox 402 2148 428 2189; x_wconf 90' lang='grc' dir='ltr'>κ.</span> <span class='ocrx_word' id='word_1_186' title='bbox 451 2146 476 2188; x_wconf 93' lang='grc' dir='ltr'>τ.</span> <span class='ocrx_word' id='word_1_187' title='bbox 499 2128 526 2188; x_wconf 91' lang='grc' dir='ltr'>λ.</span> <span class='ocrx_word' id='word_1_188' title='bbox 550 2126 653 2190; x_wconf 76' lang='grc' dir='ltr'>οὕτω(</span> <span class='ocrx_word' id='word_1_189' title='bbox 676 2125 774 2204; x_wconf 85' lang='grc' dir='ltr'>Ὧροε</span> <span class='ocrx_word' id='word_1_190' title='bbox 803 2125 914 2209; x_wconf 81' lang='lat' dir='ltr'><strong>(vulgo</strong></span> <span class='ocrx_word' id='word_1_191' title='bbox 937 2126 1074 2209; x_wconf 85' lang='grc' dir='ltr'>Ὠρίων).</span> <span class='ocrx_word' id='word_1_192' title='bbox 1118 2126 1231 2190; x_wconf 87' lang='grc' dir='ltr'>Ἀπολ·</span> 
     </span>
     <span class='ocr_line' id='line_1_18' title="bbox 89 2235 1232 2320; baseline 0 -22"><span class='ocrx_word' id='word_1_193' title='bbox 89 2236 208 2299; x_wconf 83' lang='grc' dir='ltr'>λώνιοε</span> <span class='ocrx_word' id='word_1_194' title='bbox 230 2236 266 2299; x_wconf 90' lang='grc' dir='ltr'>δέ</span> <span class='ocrx_word' id='word_1_195' title='bbox 288 2235 306 2298; x_wconf 93' lang='lat'>6</span> <span class='ocrx_word' id='word_1_196' title='bbox 329 2237 369 2299; x_wconf 86' lang='grc' dir='ltr'>τὰ</span> <span class='ocrx_word' id='word_1_197' title='bbox 391 2237 618 2315; x_wconf 87' lang='grc' dir='ltr'>Ἀργοναυτικὰ</span> <span class='ocrx_word' id='word_1_198' title='bbox 639 2238 676 2300; x_wconf 89' lang='grc' dir='ltr'>τὸ</span> <span class='ocrx_word' id='word_1_199' title='bbox 699 2240 746 2300; x_wconf 91' lang='grc' dir='ltr'>δει</span> <span class='ocrx_word' id='word_1_200' title='bbox 768 2236 819 2299; x_wconf 90' lang='grc' dir='ltr'>διὰ</span> <span class='ocrx_word' id='word_1_201' title='bbox 842 2237 1019 2316; x_wconf 86' lang='grc' dir='ltr'>διφθόγγου</span> <span class='ocrx_word' id='word_1_202' title='bbox 1048 2237 1157 2320; x_wconf 83' lang='lat' dir='ltr'>(vulgo</span> <span class='ocrx_word' id='word_1_203' title='bbox 1185 2241 1232 2300; x_wconf 91' lang='grc' dir='ltr'>δει</span> 
     </span>
     <span class='ocr_line' id='line_1_19' title="bbox 88 2345 1360 2434; baseline 0.002 -25"><span class='ocrx_word' id='word_1_204' title='bbox 88 2345 284 2434; x_wconf 86' lang='grc' dir='ltr'>δίφθογγον)</span> <span class='ocrx_word' id='word_1_205' title='bbox 306 2346 423 2426; x_wconf 86' lang='grc' dir='ltr'>γράφει</span> <span class='ocrx_word' id='word_1_206' title='bbox 446 2369 471 2409; x_wconf 85' lang='grc' dir='ltr'>κ,</span> <span class='ocrx_word' id='word_1_207' title='bbox 494 2369 520 2411; x_wconf 91' lang='grc' dir='ltr'>τ.</span> <span class='ocrx_word' id='word_1_208' title='bbox 546 2350 572 2411; x_wconf 91' lang='grc' dir='ltr'>λ.</span> <span class='ocrx_word' id='word_1_209' title='bbox 617 2345 656 2408; x_wconf 87' lang='lat' dir='ltr'>In</span> <span class='ocrx_word' id='word_1_210' title='bbox 679 2346 819 2409; x_wconf 69' lang='lat' dir='ltr'>G&#39;udiani</span> <span class='ocrx_word' id='word_1_211' title='bbox 842 2346 946 2410; x_wconf 84' lang='lat' dir='ltr'>verbis</span> <span class='ocrx_word' id='word_1_212' title='bbox 969 2370 1000 2430; x_wconf 92' lang='lat' dir='ltr'><strong>p.</strong></span> <span class='ocrx_word' id='word_1_213' title='bbox 1022 2347 1074 2429; x_wconf 83' lang='grc'>25,</span> <span class='ocrx_word' id='word_1_214' title='bbox 1098 2345 1139 2410; x_wconf 84' lang='grc'>25</span> <span class='ocrx_word' id='word_1_215' title='bbox 1163 2348 1232 2411; x_wconf 92' lang='grc' dir='ltr'>Μα-</span> <span class='ocrx_word' id='word_1_216' title='bbox 1356 2401 1360 2411; x_wconf 93' lang='grc'>.</span> 
     </span>
     <span class='ocr_line' id='line_1_20' title="bbox 88 2455 952 2537; baseline 0.001 -18"><span class='ocrx_word' id='word_1_217' title='bbox 88 2455 256 2521; x_wconf 89' lang='grc' dir='ltr'>κεδονικόν</span> <span class='ocrx_word' id='word_1_218' title='bbox 279 2477 355 2536; x_wconf 87' lang='grc' dir='ltr'>φηα</span> <span class='ocrx_word' id='word_1_219' title='bbox 376 2456 414 2521; x_wconf 84' lang='grc' dir='ltr'>τὸ</span> <span class='ocrx_word' id='word_1_220' title='bbox 437 2457 541 2536; x_wconf 90' lang='grc' dir='ltr'>ὄνομα</span> <span class='ocrx_word' id='word_1_221' title='bbox 563 2455 680 2520; x_wconf 78' lang='lat' dir='ltr'><strong>excidit</strong></span> <span class='ocrx_word' id='word_1_222' title='bbox 702 2457 802 2537; x_wconf 89' lang='grc' dir='ltr'>Ὧροε</span> <span class='ocrx_word' id='word_1_223' title='bbox 824 2478 952 2520; x_wconf 81' lang='lat' dir='ltr'><strong>nomen.</strong></span> 
     </span>
    </p>

    <p class='ocr_par' dir='ltr' id='par_1_3' title="bbox 176 2565 1233 2653">
     <span class='ocr_line' id='line_1_21' title="bbox 176 2565 1233 2653; baseline 0.003 -25"><span class='ocrx_word' id='word_1_224' title='bbox 176 2566 206 2629; x_wconf 85' lang='lat'><strong>3.</strong></span> <span class='ocrx_word' id='word_1_225' title='bbox 232 2565 342 2630; x_wconf 69' lang='lat' dir='ltr'>Tertio</span> <span class='ocrx_word' id='word_1_226' title='bbox 362 2567 432 2631; x_wconf 83' lang='lat' dir='ltr'>loco</span> <span class='ocrx_word' id='word_1_227' title='bbox 455 2567 612 2653; x_wconf 75' lang='lat' dir='ltr'>singulari</span> <span class='ocrx_word' id='word_1_228' title='bbox 633 2567 792 2631; x_wconf 75' lang='lat' dir='ltr'>industria</span> <span class='ocrx_word' id='word_1_229' title='bbox 808 2570 890 2632; x_wconf 88' lang='lat' dir='ltr'>Orus</span> <span class='ocrx_word' id='word_1_230' title='bbox 912 2567 1037 2631; x_wconf 76' lang='lat' dir='ltr'>videtur</span> <span class='ocrx_word' id='word_1_231' title='bbox 1057 2568 1120 2631; x_wconf 71' lang='lat' dir='ltr'>dei</span> <span class='ocrx_word' id='word_1_232' title='bbox 1142 2567 1233 2631; x_wconf 86' lang='lat' dir='ltr'>sub-</span> 
     </span>
    </p>
   </div>
   <div class='ocr_carea' id='block_1_3' title="bbox 88 2670 1283 3422">
    <p class='ocr_par' dir='ltr' id='par_1_4' title="bbox 88 2670 1283 3422">
     <span class='ocr_line' id='line_1_22' title="bbox 89 2670 1233 2763; baseline 0.003 -25"><span class='ocrx_word' id='word_1_233' title='bbox 89 2675 248 2758; x_wconf 75' lang='lat' dir='ltr'><strong>scripto</strong></span> <span class='ocrx_word' id='word_1_234' title='bbox 277 2670 479 2759; x_wconf 82' lang='lat' dir='ltr'>quaesivisse.</span> <span class='ocrx_word' id='word_1_235' title='bbox 525 2677 601 2740; x_wconf 81' lang='lat' dir='ltr'>&#39;Pria</span> <span class='ocrx_word' id='word_1_236' title='bbox 628 2677 664 2741; x_wconf 91' lang='lat' dir='ltr'>in</span> <span class='ocrx_word' id='word_1_237' title='bbox 686 2683 836 2763; x_wconf 76' lang='lat' dir='ltr'><strong>promptu</strong></span> <span class='ocrx_word' id='word_1_238' title='bbox 864 2678 1010 2761; x_wconf 80' lang='lat' dir='ltr'><strong>exempla</strong></span> <span class='ocrx_word' id='word_1_239' title='bbox 1032 2681 1122 2761; x_wconf 80' lang='lat' dir='ltr'>sunt,</span> <span class='ocrx_word' id='word_1_240' title='bbox 1153 2699 1233 2761; x_wconf 81' lang='lat' dir='ltr'>quae</span> 
     </span>
     <span class='ocr_line' id='line_1_23' title="bbox 90 2787 1234 2871; baseline 0.001 -22"><span class='ocrx_word' id='word_1_241' title='bbox 90 2808 163 2849; x_wconf 83' lang='lat' dir='ltr'>eum</span> <span class='ocrx_word' id='word_1_242' title='bbox 196 2787 289 2851; x_wconf 85' lang='grc' dir='ltr'>πάθει</span> <span class='ocrx_word' id='word_1_243' title='bbox 322 2787 392 2850; x_wconf 85' lang='lat' dir='ltr'>fieri</span> <span class='ocrx_word' id='word_1_244' title='bbox 428 2787 565 2851; x_wconf 87' lang='lat' dir='ltr'>dilucide</span> <span class='ocrx_word' id='word_1_245' title='bbox 599 2787 765 2869; x_wconf 78' lang='lat' dir='ltr'>doceatur,</span> <span class='ocrx_word' id='word_1_246' title='bbox 799 2792 909 2851; x_wconf 76' lang='lat' dir='ltr'>iamen</span> <span class='ocrx_word' id='word_1_247' title='bbox 936 2809 975 2851; x_wconf 87' lang='lat' dir='ltr'>ex</span> <span class='ocrx_word' id='word_1_248' title='bbox 1003 2787 1234 2871; x_wconf 79' lang='lat' dir='ltr'>orthographia</span> 
     </span>
     <span class='ocr_line' id='line_1_24' title="bbox 88 2883 1233 2982; baseline 0 -22"><span class='ocrx_word' id='word_1_249' title='bbox 88 2896 192 2980; x_wconf 74' lang='lat' dir='ltr'><strong>petita</strong></span> <span class='ocrx_word' id='word_1_250' title='bbox 227 2917 294 2961; x_wconf 81' lang='lat' dir='ltr'>esse</span> <span class='ocrx_word' id='word_1_251' title='bbox 327 2898 447 2982; x_wconf 73' lang='lat' dir='ltr'><strong>apertis</strong></span> <span class='ocrx_word' id='word_1_252' title='bbox 481 2900 606 2962; x_wconf 69' lang='lat' dir='ltr'><strong>constet</strong></span> <span class='ocrx_word' id='word_1_253' title='bbox 637 2898 840 2962; x_wconf 77' lang='lat' dir='ltr'>testimoniis.</span> <span class='ocrx_word' id='word_1_254' title='bbox 897 2883 1038 2962; x_wconf 71' lang='lat' dir='ltr'>Zonaras</span> <span class='ocrx_word' id='word_1_255' title='bbox 1070 2919 1102 2980; x_wconf 92' lang='lat' dir='ltr'><strong>p.</strong></span> <span class='ocrx_word' id='word_1_256' title='bbox 1137 2897 1233 2962; x_wconf 84' lang='lat'>1010:</span> 
     </span>
     <span class='ocr_line' id='line_1_25' title="bbox 88 3007 1234 3095; baseline -0.002 -23"><span class='ocrx_word' id='word_1_257' title='bbox 88 3008 248 3086; x_wconf 82' lang='grc' dir='ltr'>Ἠιεμεν</span> <span class='ocrx_word' id='word_1_258' title='bbox 276 3008 346 3073; x_wconf 86' lang='grc' dir='ltr'>ἀντὶ</span> <span class='ocrx_word' id='word_1_259' title='bbox 371 3013 430 3073; x_wconf 88' lang='grc' dir='ltr'>τοῦ</span> <span class='ocrx_word' id='word_1_260' title='bbox 458 3012 600 3093; x_wconf 88' lang='grc' dir='ltr'>ᾔδειμεν,</span> <span class='ocrx_word' id='word_1_261' title='bbox 630 3013 726 3095; x_wconf 86' lang='grc' dir='ltr'>ᾔετην</span> <span class='ocrx_word' id='word_1_262' title='bbox 754 3011 826 3093; x_wconf 83' lang='grc' dir='ltr'>ᾔετε</span> <span class='ocrx_word' id='word_1_263' title='bbox 854 3011 933 3093; x_wconf 84' lang='grc' dir='ltr'>ᾔεαν</span> <span class='ocrx_word' id='word_1_264' title='bbox 961 3010 1012 3072; x_wconf 88' lang='grc' dir='ltr'>διὰ</span> <span class='ocrx_word' id='word_1_265' title='bbox 1039 3012 1097 3073; x_wconf 87' lang='grc' dir='ltr'>τοῦ</span> <span class='ocrx_word' id='word_1_266' title='bbox 1126 3007 1234 3087; x_wconf 87' lang='grc' dir='ltr'>ιγρὰ-</span> 
     </span>
     <span class='ocr_line' id='line_1_26' title="bbox 88 3117 1234 3202; baseline -0.002 -20"><span class='ocrx_word' id='word_1_267' title='bbox 88 3138 195 3199; x_wconf 90' lang='grc' dir='ltr'>φεται.</span> <span class='ocrx_word' id='word_1_268' title='bbox 241 3119 291 3183; x_wconf 80' lang='grc' dir='ltr'>καὶ</span> <span class='ocrx_word' id='word_1_269' title='bbox 313 3120 397 3195; x_wconf 90' lang='grc' dir='ltr'>λέγει</span> <span class='ocrx_word' id='word_1_270' title='bbox 419 3120 518 3199; x_wconf 82' lang='grc' dir='ltr'>Ὧροε</span> <span class='ocrx_word' id='word_1_271' title='bbox 545 3121 564 3185; x_wconf 94' lang='lat'>6</span> <span class='ocrx_word' id='word_1_272' title='bbox 588 3120 740 3198; x_wconf 82' lang='grc' dir='ltr'>Μιλήτιοε</span> <span class='ocrx_word' id='word_1_273' title='bbox 769 3121 805 3186; x_wconf 84' lang='grc' dir='ltr'>ἐν</span> <span class='ocrx_word' id='word_1_274' title='bbox 832 3125 869 3202; x_wconf 85' lang='grc' dir='ltr'>τῇ</span> <span class='ocrx_word' id='word_1_275' title='bbox 898 3118 996 3200; x_wconf 86' lang='grc' dir='ltr'>οἰκείᾳ</span> <span class='ocrx_word' id='word_1_276' title='bbox 1018 3117 1118 3183; x_wconf 83' lang='grc' dir='ltr'>αὐτοῦ</span> <span class='ocrx_word' id='word_1_277' title='bbox 1141 3117 1234 3196; x_wconf 88' lang='grc' dir='ltr'>ὀρθο-</span> 
     </span>
     <span class='ocr_line' id='line_1_27' title="bbox 88 3226 1233 3311; baseline -0.002 -19"><span class='ocrx_word' id='word_1_278' title='bbox 88 3228 220 3310; x_wconf 78' lang='grc' dir='ltr'>γραφία</span> <span class='ocrx_word' id='word_1_279' title='bbox 268 3229 330 3293; x_wconf 85' lang='grc' dir='ltr'>ἔττι</span> <span class='ocrx_word' id='word_1_280' title='bbox 351 3231 413 3309; x_wconf 87' lang='grc' dir='ltr'>γὰρ</span> <span class='ocrx_word' id='word_1_281' title='bbox 436 3229 511 3294; x_wconf 83' lang='grc' dir='ltr'>εἴδω</span> <span class='ocrx_word' id='word_1_282' title='bbox 535 3230 586 3309; x_wconf 90' lang='grc' dir='ltr'>(τὸ</span> <span class='ocrx_word' id='word_1_283' title='bbox 608 3231 753 3306; x_wconf 85' lang='grc' dir='ltr'>γινώεκω</span> <span class='ocrx_word' id='word_1_284' title='bbox 777 3228 849 3292; x_wconf 84' lang='lat' dir='ltr'><strong>add.</strong></span> <span class='ocrx_word' id='word_1_285' title='bbox 873 3228 986 3292; x_wconf 84' lang='lat' dir='ltr'><strong>Favor.</strong></span> <span class='ocrx_word' id='word_1_286' title='bbox 1010 3227 1080 3291; x_wconf 77' lang='lat' dir='ltr'><strong>Ecl.</strong></span> <span class='ocrx_word' id='word_1_287' title='bbox 1104 3251 1135 3311; x_wconf 94' lang='lat' dir='ltr'><strong>p.</strong></span> <span class='ocrx_word' id='word_1_288' title='bbox 1160 3226 1233 3310; x_wconf 87' lang='grc'>236,</span> 
     </span>
     <span class='ocr_line' id='line_1_28' title="bbox 88 3331 1283 3422; baseline 0.001 -20"><span class='ocrx_word' id='word_1_289' title='bbox 88 3338 143 3422; x_wconf 88' lang='grc'>6),</span> <span class='ocrx_word' id='word_1_290' title='bbox 158 3339 196 3403; x_wconf 89' lang='grc' dir='ltr'>.δ</span> <span class='ocrx_word' id='word_1_291' title='bbox 226 3339 488 3419; x_wconf 86' lang='grc' dir='ltr'>ὑπερευντέλικοε</span> <span class='ocrx_word' id='word_1_292' title='bbox 521 3340 610 3419; x_wconf 86' lang='grc' dir='ltr'>είδην</span> <span class='ocrx_word' id='word_1_293' title='bbox 642 3341 693 3405; x_wconf 86' lang='grc' dir='ltr'>καὶ</span> <span class='ocrx_word' id='word_1_294' title='bbox 720 3342 795 3405; x_wconf 81' lang='grc' dir='ltr'>κατ’</span> <span class='ocrx_word' id='word_1_295' title='bbox 827 3341 949 3405; x_wconf 89' lang='grc' dir='ltr'>ἔκταειν</span> <span class='ocrx_word' id='word_1_296' title='bbox 970 3331 1111 3419; x_wconf 82' lang='grc' dir='ltr'>Ἀττικὴν</span> <span class='ocrx_word' id='word_1_297' title='bbox 1146 3341 1233 3422; x_wconf 84' lang='grc' dir='ltr'>ᾔδειν</span> <span class='ocrx_word' id='word_1_298' title='bbox 1250 3355 1283 3403; x_wconf 80' lang='grc'>48</span> 
     </span>
    </p>
   </div>
   <div class='ocr_carea' id='block_1_4' title="bbox 84 3450 1309 4418">
    <p class='ocr_par' dir='ltr' id='par_1_5' title="bbox 84 3450 1309 4418">
     <span class='ocr_line' id='line_1_29' title="bbox 90 3450 1236 3535; baseline 0 -23"><span class='ocrx_word' id='word_1_299' title='bbox 90 3451 178 3532; x_wconf 88' lang='grc' dir='ltr'>ᾔδειε</span> <span class='ocrx_word' id='word_1_300' title='bbox 199 3451 280 3533; x_wconf 83' lang='grc' dir='ltr'>ᾔδει,</span> <span class='ocrx_word' id='word_1_301' title='bbox 303 3452 342 3514; x_wconf 85' lang='grc' dir='ltr'>τὸ</span> <span class='ocrx_word' id='word_1_302' title='bbox 364 3451 516 3530; x_wconf 88' lang='grc' dir='ltr'>δεύτερον</span> <span class='ocrx_word' id='word_1_303' title='bbox 539 3455 606 3516; x_wconf 84' lang='grc' dir='ltr'>τῶν</span> <span class='ocrx_word' id='word_1_304' title='bbox 628 3456 748 3517; x_wconf 88' lang='grc' dir='ltr'>δυῑκῶν</span> <span class='ocrx_word' id='word_1_305' title='bbox 771 3453 897 3535; x_wconf 89' lang='grc' dir='ltr'>ᾔδειτον</span> <span class='ocrx_word' id='word_1_306' title='bbox 926 3452 1052 3534; x_wconf 86' lang='grc' dir='ltr'>ᾔδείτην</span> <span class='ocrx_word' id='word_1_307' title='bbox 1080 3451 1130 3513; x_wconf 91' lang='grc' dir='ltr'>καὶ</span> <span class='ocrx_word' id='word_1_308' title='bbox 1157 3450 1236 3513; x_wconf 87' lang='grc' dir='ltr'>κατὰ</span> 
     </span>
     <span class='ocr_line' id='line_1_30' title="bbox 89 3559 1238 3645; baseline 0 -23"><span class='ocrx_word' id='word_1_309' title='bbox 89 3561 254 3639; x_wconf 83' lang='grc' dir='ltr'>ευγκοπὴν</span> <span class='ocrx_word' id='word_1_310' title='bbox 278 3564 334 3639; x_wconf 86' lang='grc' dir='ltr'>τῆε</span> <span class='ocrx_word' id='word_1_311' title='bbox 357 3582 383 3626; x_wconf 92' lang='grc' dir='ltr'>ει</span> <span class='ocrx_word' id='word_1_312' title='bbox 405 3561 584 3642; x_wconf 88' lang='grc' dir='ltr'>διφθόγγου</span> <span class='ocrx_word' id='word_1_313' title='bbox 606 3563 656 3625; x_wconf 90' lang='grc' dir='ltr'>καὶ</span> <span class='ocrx_word' id='word_1_314' title='bbox 677 3567 781 3645; x_wconf 87' lang='grc' dir='ltr'>τροπῇ</span> <span class='ocrx_word' id='word_1_315' title='bbox 804 3565 861 3626; x_wconf 84' lang='grc' dir='ltr'>τοῦ</span> <span class='ocrx_word' id='word_1_316' title='bbox 884 3567 903 3625; x_wconf 94' lang='grc' dir='ltr'>δ</span> <span class='ocrx_word' id='word_1_317' title='bbox 926 3561 969 3626; x_wconf 83' lang='grc' dir='ltr'>εί(</span> <span class='ocrx_word' id='word_1_318' title='bbox 995 3582 1011 3625; x_wconf 87' lang='lat' dir='ltr'>c</span> <span class='ocrx_word' id='word_1_319' title='bbox 1033 3563 1129 3644; x_wconf 85' lang='grc' dir='ltr'>ᾔετην</span> <span class='ocrx_word' id='word_1_320' title='bbox 1153 3559 1238 3643; x_wconf 81' lang='grc' dir='ltr'>(ἀντὶ</span> 
     </span>
     <span class='ocr_line' id='line_1_31' title="bbox 88 3670 1236 3757; baseline 0.001 -23"><span class='ocrx_word' id='word_1_321' title='bbox 88 3673 151 3734; x_wconf 85' lang='grc' dir='ltr'>τοῦ</span> <span class='ocrx_word' id='word_1_322' title='bbox 185 3672 300 3753; x_wconf 89' lang='grc' dir='ltr'>ᾔδεεαν</span> <span class='ocrx_word' id='word_1_323' title='bbox 334 3670 494 3735; x_wconf 80' lang='lat' dir='ltr'>adduntur</span> <span class='ocrx_word' id='word_1_324' title='bbox 527 3675 655 3754; x_wconf 79' lang='lat' dir='ltr'><strong>praeter</strong></span> <span class='ocrx_word' id='word_1_325' title='bbox 688 3673 786 3757; x_wconf 83' lang='lat' dir='ltr'>rem),</span> <span class='ocrx_word' id='word_1_326' title='bbox 820 3673 858 3737; x_wconf 88' lang='grc' dir='ltr'>τὸ</span> <span class='ocrx_word' id='word_1_327' title='bbox 892 3672 1105 3750; x_wconf 88' lang='grc' dir='ltr'>πληθυντικὸν</span> <span class='ocrx_word' id='word_1_328' title='bbox 1142 3672 1236 3754; x_wconf 83' lang='grc' dir='ltr'>ᾔεμεν</span> 
     </span>
     <span class='ocr_line' id='line_1_32' title="bbox 89 3779 1236 3876; baseline -0.001 -32"><span class='ocrx_word' id='word_1_329' title='bbox 89 3779 166 3844; x_wconf 86' lang='grc' dir='ltr'>ἀντὶ</span> <span class='ocrx_word' id='word_1_330' title='bbox 186 3784 245 3844; x_wconf 84' lang='grc' dir='ltr'>τοῦ</span> <span class='ocrx_word' id='word_1_331' title='bbox 267 3783 409 3865; x_wconf 90' lang='grc' dir='ltr'>ᾔδειμεν,</span> <span class='ocrx_word' id='word_1_332' title='bbox 434 3784 505 3866; x_wconf 85' lang='grc' dir='ltr'>ᾔετε</span> <span class='ocrx_word' id='word_1_333' title='bbox 528 3783 598 3847; x_wconf 85' lang='grc' dir='ltr'>ἀντὶ</span> <span class='ocrx_word' id='word_1_334' title='bbox 619 3787 677 3847; x_wconf 84' lang='grc' dir='ltr'>τοῦ</span> <span class='ocrx_word' id='word_1_335' title='bbox 700 3785 802 3867; x_wconf 89' lang='grc' dir='ltr'>ᾔδειτε</span> <span class='ocrx_word' id='word_1_336' title='bbox 824 3783 874 3846; x_wconf 85' lang='grc' dir='ltr'>καὶ</span> <span class='ocrx_word' id='word_1_337' title='bbox 897 3783 975 3866; x_wconf 86' lang='grc' dir='ltr'>ᾔεαν</span> <span class='ocrx_word' id='word_1_338' title='bbox 999 3783 1146 3876; x_wconf 82' lang='grc' dir='ltr'>ἀντὶτοῦ</span> <span class='ocrx_word' id='word_1_339' title='bbox 1169 3782 1236 3863; x_wconf 93' lang='grc' dir='ltr'>ᾔδε-</span> 
     </span>
     <span class='ocr_line' id='line_1_33' title="bbox 87 3890 1237 3977; baseline 0 -23"><span class='ocrx_word' id='word_1_340' title='bbox 87 3910 161 3955; x_wconf 85' lang='grc' dir='ltr'>εαν.</span> <span class='ocrx_word' id='word_1_341' title='bbox 183 3927 226 3940; x_wconf 87' lang='lat'>—·</span> <span class='ocrx_word' id='word_1_342' title='bbox 254 3890 363 3973; x_wconf 70' lang='lat' dir='ltr'><strong>Etym.</strong></span> <span class='ocrx_word' id='word_1_343' title='bbox 388 3891 431 3955; x_wconf 89' lang='lat' dir='ltr'><strong>M.</strong></span> <span class='ocrx_word' id='word_1_344' title='bbox 456 3914 487 3974; x_wconf 90' lang='lat' dir='ltr'><strong>p.</strong></span> <span class='ocrx_word' id='word_1_345' title='bbox 519 3893 596 3976; x_wconf 90' lang='grc'>816,</span> <span class='ocrx_word' id='word_1_346' title='bbox 620 3892 677 3957; x_wconf 88' lang='lat'>34:</span> <span class='ocrx_word' id='word_1_347' title='bbox 713 3894 766 3975; x_wconf 87' lang='grc' dir='ltr'>Χῲ</span> <span class='ocrx_word' id='word_1_348' title='bbox 795 3894 964 3971; x_wconf 81' lang='grc' dir='ltr'>ξυμπόται,</span> <span class='ocrx_word' id='word_1_349' title='bbox 996 3895 1043 3977; x_wconf 85' lang='grc' dir='ltr'>χῲ</span> <span class='ocrx_word' id='word_1_350' title='bbox 1077 3893 1237 3967; x_wconf 86' lang='grc' dir='ltr'>ευγγενεῑε</span> 
     </span>
     <span class='ocr_line' id='line_1_34' title="bbox 86 4001 1236 4088; baseline -0.002 -23"><span class='ocrx_word' id='word_1_351' title='bbox 86 4001 163 4065; x_wconf 84' lang='grc' dir='ltr'>ἀντὶ</span> <span class='ocrx_word' id='word_1_352' title='bbox 190 4004 249 4064; x_wconf 85' lang='grc' dir='ltr'>τοῦ</span> <span class='ocrx_word' id='word_1_353' title='bbox 278 4002 328 4064; x_wconf 86' lang='grc' dir='ltr'>καὶ</span> <span class='ocrx_word' id='word_1_354' title='bbox 357 4001 388 4065; x_wconf 86' lang='grc' dir='ltr'>οἱ</span> <span class='ocrx_word' id='word_1_355' title='bbox 416 4002 569 4079; x_wconf 86' lang='grc' dir='ltr'>ευμπόται</span> <span class='ocrx_word' id='word_1_356' title='bbox 598 4004 648 4067; x_wconf 86' lang='grc' dir='ltr'>καὶ</span> <span class='ocrx_word' id='word_1_357' title='bbox 675 4003 705 4066; x_wconf 83' lang='grc' dir='ltr'>οἱ</span> <span class='ocrx_word' id='word_1_358' title='bbox 734 4006 912 4081; x_wconf 82' lang='grc' dir='ltr'>τυγγενεῑτ,</span> <span class='ocrx_word' id='word_1_359' title='bbox 941 4005 997 4067; x_wconf 86' lang='grc' dir='ltr'>εὺν</span> <span class='ocrx_word' id='word_1_360' title='bbox 1019 4009 1065 4088; x_wconf 82' lang='grc' dir='ltr'>τῷ</span> <span class='ocrx_word' id='word_1_361' title='bbox 1089 4024 1106 4065; x_wconf 88' lang='grc' dir='ltr'>ι.</span> <span class='ocrx_word' id='word_1_362' title='bbox 1151 4001 1236 4064; x_wconf 85' lang='grc' dir='ltr'>οὕτω</span> 
     </span>
     <span class='ocr_line' id='line_1_35' title="bbox 84 4111 1237 4193; baseline 0.001 -19"><span class='ocrx_word' id='word_1_363' title='bbox 84 4111 153 4189; x_wconf 89' lang='grc' dir='ltr'>γὰρ</span> <span class='ocrx_word' id='word_1_364' title='bbox 177 4111 302 4186; x_wconf 87' lang='grc' dir='ltr'>λέγουει</span> <span class='ocrx_word' id='word_1_365' title='bbox 323 4114 362 4176; x_wconf 85' lang='grc' dir='ltr'>τὸ</span> <span class='ocrx_word' id='word_1_366' title='bbox 385 4115 442 4191; x_wconf 82' lang='grc' dir='ltr'>μὲν</span> <span class='ocrx_word' id='word_1_367' title='bbox 465 4135 474 4176; x_wconf 93' lang='grc' dir='ltr'>ι</span> <span class='ocrx_word' id='word_1_368' title='bbox 497 4117 555 4177; x_wconf 85' lang='grc' dir='ltr'>ταῦ</span> <span class='ocrx_word' id='word_1_369' title='bbox 579 4114 752 4192; x_wconf 83' lang='grc' dir='ltr'>τυνδέεμου</span> <span class='ocrx_word' id='word_1_370' title='bbox 775 4114 975 4193; x_wconf 83' lang='grc' dir='ltr'>ἐκθλίβοντεε</span> <span class='ocrx_word' id='word_1_371' title='bbox 998 4115 1047 4177; x_wconf 87' lang='grc' dir='ltr'>καὶ</span> <span class='ocrx_word' id='word_1_372' title='bbox 1069 4116 1237 4177; x_wconf 85' lang='grc' dir='ltr'>ποιοῦντεε</span> 
     </span>
     <span class='ocr_line' id='line_1_36' title="bbox 84 4222 1309 4304; baseline -0.001 -18"><span class='ocrx_word' id='word_1_373' title='bbox 84 4223 200 4300; x_wconf 86' lang='grc' dir='ltr'>κρᾶειν</span> <span class='ocrx_word' id='word_1_374' title='bbox 227 4226 287 4286; x_wconf 85' lang='grc' dir='ltr'>τοῦ</span> <span class='ocrx_word' id='word_1_375' title='bbox 316 4242 357 4286; x_wconf 92' lang='grc' dir='ltr'>αο</span> <span class='ocrx_word' id='word_1_376' title='bbox 380 4222 424 4289; x_wconf 83' lang='grc' dir='ltr'>είε</span> <span class='ocrx_word' id='word_1_377' title='bbox 446 4225 483 4288; x_wconf 89' lang='grc' dir='ltr'>τὸ</span> <span class='ocrx_word' id='word_1_378' title='bbox 507 4247 551 4301; x_wconf 88' lang='grc' dir='ltr'>ω,</span> <span class='ocrx_word' id='word_1_379' title='bbox 579 4226 629 4288; x_wconf 89' lang='grc' dir='ltr'>καί</span> <span class='ocrx_word' id='word_1_380' title='bbox 656 4226 898 4304; x_wconf 86' lang='grc' dir='ltr'>προτγρτίφουει</span> <span class='ocrx_word' id='word_1_381' title='bbox 925 4226 961 4288; x_wconf 86' lang='grc' dir='ltr'>τὸ</span> <span class='ocrx_word' id='word_1_382' title='bbox 991 4247 1000 4288; x_wconf 90' lang='grc' dir='ltr'>ι</span> <span class='ocrx_word' id='word_1_383' title='bbox 1029 4227 1083 4301; x_wconf 86' lang='grc' dir='ltr'>τῆε</span> <span class='ocrx_word' id='word_1_384' title='bbox 1106 4223 1237 4302; x_wconf 89' lang='grc' dir='ltr'>διφθόγ-</span> <span class='ocrx_word' id='word_1_385' title='bbox 1307 4274 1309 4279; x_wconf 96' lang='grc'>.</span> 
     </span>
     <span class='ocr_line' id='line_1_37' title="bbox 84 4332 1237 4418; baseline 0.002 -23"><span class='ocrx_word' id='word_1_386' title='bbox 84 4351 170 4407; x_wconf 81' lang='grc' dir='ltr'>γου,</span> <span class='ocrx_word' id='word_1_387' title='bbox 193 4332 368 4410; x_wconf 88' lang='grc' dir='ltr'>τρέποντεε</span> <span class='ocrx_word' id='word_1_388' title='bbox 391 4334 572 4409; x_wconf 86' lang='grc' dir='ltr'>ἀναγκαίωε</span> <span class='ocrx_word' id='word_1_389' title='bbox 594 4336 644 4397; x_wconf 91' lang='grc' dir='ltr'>καὶ</span> <span class='ocrx_word' id='word_1_390' title='bbox 667 4336 704 4398; x_wconf 85' lang='grc' dir='ltr'>τὸ</span> <span class='ocrx_word' id='word_1_391' title='bbox 726 4357 744 4397; x_wconf 90' lang='grc' dir='ltr'>κ</span> <span class='ocrx_word' id='word_1_392' title='bbox 766 4335 810 4398; x_wconf 79' lang='grc' dir='ltr'>εἰ(</span> <span class='ocrx_word' id='word_1_393' title='bbox 833 4357 868 4416; x_wconf 91' lang='grc' dir='ltr'>χ,</span> <span class='ocrx_word' id='word_1_394' title='bbox 900 4334 971 4400; x_wconf 83' lang='grc' dir='ltr'>οἷον</span> <span class='ocrx_word' id='word_1_395' title='bbox 1000 4337 1047 4418; x_wconf 82' lang='grc' dir='ltr'>χῲ</span> <span class='ocrx_word' id='word_1_396' title='bbox 1070 4353 1237 4411; x_wconf 88' lang='grc' dir='ltr'>τυμπανιε-</span> 
     </span>
    </p>
   </div>
   <div class='ocr_carea' id='block_1_5' title="bbox 0 0 1454 4996">
    <p class='ocr_par' dir='ltr' id='par_1_6' title="bbox 0 0 1454 4996">
     <span class='ocr_line' id='line_1_38' title="bbox 0 0 1454 4996; baseline 0 0"><span class='ocrx_word' id='word_1_397' title='bbox 0 0 1454 4996; x_wconf 95' lang='lat' dir='ltr'> </span> 
     </span>
    </p>
   </div>
  </div>
 </body>
</html>
