2904 4996
473 335 596 383 ιιιιιινια
620 335 839 384 υνυοιιιννιο.
1164 319 1227 381 689

173 487 242 551 175.
267 486 481 567 Λάμψακος
500 526 534 536 -
553 486 649 552 Λαοί
671 489 704 569 (δ
727 489 784 566 μέν
798 487 959 553 Ἡςίοδος·
981 481 1059 561 τούς
1081 486 1124 569 ῥά
1147 507 1227 550 ποτε

84 594 256 678 Κρονίδης
283 593 367 672 Ζεὺς
388 572 516 680 ἄφθιτα
537 596 645 680 μήδεα
668 592 763 672 εἰδώς
791 593 928 671 λεκτοὺς
951 592 986 659 ἐκ
1009 598 1105 679 γαίης
1127 594 1229 671 λαοὺς

84 705 324 770 πίειλευκαλιον
456 757 462 771 .
499 709 550 773 διὸ
586 709 637 773 καὶ
672 707 771 787 ἀΰδης
805 708 841 772 έν
870 727 904 771 τε
931 688 952 785 ἧ
979 706 1061 786 ὑπὲρ
1089 707 1227 786 ἄρθρων.

85 813 208 897 σχεδὸν
236 817 267 879 εἰ
294 812 338 899 μὴ
369 811 564 900 αὐδηέντων
598 816 670 901 (Οά.
701 816 828 901 z125])
864 855 902 864 -—
943 817 1094 896 Λητοὺς
1118 817 1228 900 [immo

88 926 192 1010 Λητώ]
217 926 249 1008 (δ
272 929 329 1006 μὲν
351 927 493 993 Πλάτων
518 977 525 990 .
551 975 558 990 .
584 976 591 990 .
617 978 624 992 .
649 927 668 992 ὁ
691 930 725 993 δὲ
748 927 963 1010 Ἀρίςταρχος)
999 965 1041 976 -—
1078 927 1227 1006 Λητὼὴ
1256 930 1263 940 ’

86 1038 144 1102 νὺξ
169 1037 431 1120 (Ἀπολλόδωρος
453 1041 489 1103 δὲ
511 1039 586 1119 κτὲ.)

175 1283 379 1362 Μάγειρος
403 1283 565 1367 (Ἀλεξίων
591 1332 598 1345 .
624 1331 631 1346 .
656 1332 662 1346 .
688 1330 696 1344 .
719 1284 908 1366 Φιλόξενος)
931 1321 972 1330 -
1004 1283 1073 1348 180.
1097 1284 1229 1349 Μάῖος

87 1393 290 1478 (Φιλόξενος)
317 1431 360 1440 -
390 1394 622 1472 οαὶευομένη
652 1431 695 1440 -
723 1393 872 1458 Μάλεια
895 1393 1036 1474 (εὕρηται
1059 1396 1109 1458 καὶ
1131 1396 1229 1474 χωρὶς

85 1506 146 1566 τοῦ
180 1523 189 1565 ι
217 1500 354 1580 Μάλεα,
395 1503 440 1567 ὡς
474 1505 524 1567 καὶ
552 1505 640 1582 παρὰ
669 1503 830 1586 Εὐριπίδη)
868 1541 909 1568 τ
947 1505 1152 1568 Μαςςάλια
1186 1543 1229 1552 -

87 1613 220 1676 Μέλας
254 1611 427 1696 (Μόρςιλος
462 1615 497 1677 δὲ
530 1615 587 1678 τὰς
616 1614 652 1678 έν
687 1614 795 1693 Λέςβω
830 1615 1007 1693 γενομένας
1045 1615 1228 1694 παρθένους

86 1723 219 1787 Μοόςας
252 1723 304 1786 ἐπὶ
332 1724 371 1788 τὰ
398 1724 497 1803 πένθη
526 1727 643 1804 φοιτᾶν
671 1725 722 1789 καὶ
749 1727 894 1803 θρηνεῖν·
931 1723 1008 1789 όθεν
1036 1725 1226 1804 ἐπεκράτηςε

86 1833 128 1897 τά
150 1831 293 1911 ἀδόμενα
315 1834 415 1912 μέληα
439 1834 549 1916 [μέλεα
569 1835 665 1918 ΗΠΒ]
688 1837 848 1912 κληθῆναι.
871 1834 902 1898 οἱ
923 1836 959 1899 δέ
980 1834 1046 1899 ἀπὸ
1068 1838 1123 1934 τῇς
1144 1838 1227 1913 μελι-

84 1985 189 2063 γήρου
218 1986 386 2064 ΠίνδαροςΙ
408 1984 695 2068 μελισσοτεάκτων
725 1988 853 2069 κηρίων
882 1981 943 2068 ἐμά
976 1939 1227 2069 γλυκάωάμφα)

84 2132 128 2140 -
167 2094 236 2158 185.
274 2096 408 2160 Μίνως
435 2096 576 2177 (εὕρηται
605 2097 655 2160 καὶ
681 2098 753 2175 περὶ
774 2097 927 2161 Πλάτωνι
954 2101 1000 2160 τῶ
1023 2101 1163 2178 κωμικῶ)
1185 2135 1227 2145 -

86 2205 322 2280 Μιμαλῶνες
351 2203 434 2288 (ἤτοι
461 2207 512 2270 διά
541 2207 762 2285 Μακεδονικὴν
792 2206 948 2287 ἱςτορίαν,
978 2206 1044 2285 ἥτις
1072 2210 1169 2272 κεῖται
1191 2208 1227 2271 ἐν

83 2316 155 2378 τοῖς
179 2315 391 2395 Καλλιμάχου)
412 2353 453 2361 -
483 2315 607 2395 Μίνθη
630 2316 798 2398 (Ὀρφεύς
821 2312 858 2378 τὸ
881 2317 1021 2396 πρίνεον
1041 2315 1126 2399 μέγα
1148 2316 1229 2380 θέν-

86 2423 172 2504 δρον
195 2422 250 2488 ἐπὶ
271 2422 371 2506 χθονί
393 2422 449 2487 καὶ
472 2423 555 2507 φέρε
578 2424 723 2509 καρπόν)
760 2465 802 2473 -
839 2427 973 2505 Μαρία
995 2426 1127 2511 (Ζήνων
1151 2429 1185 2491 δὲ
1209 2427 1228 2490 ὁ

87 2533 239 2616 Μίνδιος)

175 2755 345 2821 Νεκάδες
367 2727 522 2840 (Όμηρος
545 2806 552 2819 .
577 2808 583 2821 .
608 2809 614 2821 .
637 2808 644 2821 .
668 2757 700 2823 οἱ
721 2760 755 2824 δὲ
771 2758 925 2838 νεώτεροι
947 2810 954 2823 .
977 2809 983 2823 .
1007 2809 1014 2824 .
1036 2809 1042 2822 .
1066 2760 1116 2824 καὶ
1132 2758 1228 2838 ‘'Oun-

85 2885 161 2944 ρος·
184 2861 246 2928 οὐκ
269 2867 361 2929 ἔστιν
376 2854 404 2928 ὦ
422 2865 581 2949 Ἀργείων
599 2870 748 2932 Δαναῶν
770 2866 1038 2950 κεκαδησόμεθα.
1062 2870 1149 2947 παρὰ
1171 2869 1228 2945 μὲν

82 2978 157 3039 τοῖς
178 2979 332 3041 κυκλιιωῐς
355 2977 388 3041 αὶ
410 2979 509 3056 ψυχαὶ
532 2972 672 3053 νεκάάες
693 2980 857 3060 λέγονται)
948 3011 953 3023 ·

76 3175 78 3179 .
116 3249 121 3256 -
179 3213 248 3276 190.
273 3214 498 3280 Ξενοδόκος
525 3215 557 3296 (δ
581 3218 637 3294 μὲν
660 3216 802 3295 Ὅμηρος
926 3214 1100 3294 (ιμωνίδης
1122 3216 1157 3278 δὲ
1179 3215 1229 3278 καὶ

85 3324 250 3402 Πίνδαρος
272 3326 323 3389 καὶ
344 3324 436 3389 ἄλλοι
464 3328 547 3391 τινὲς
568 3327 627 3391 τὸν
650 3326 792 3405 μάρτυρα
819 3326 1013 3391 ἐξεδέξαντο.
1042 3324 1228 3403 (ιμωνίδης
1331 3354 1334 3356 ·

87 3430 303 3516 ξεινοδόκηαε
336 3432 512 3516 Τελαμών,
549 3436 619 3502 ἀντὶ
651 3440 709 3502 τοῦ
737 3434 940 3515 ἐμαρτύρηςε.
974 3434 1024 3498 καὶ
1050 3428 1228 3512 Πίνδαρος·

86 3542 292 3618 ξεινοδόκον
319 3541 349 3606 δ’
373 3543 508 3629 άρίυτος
535 3543 658 3629 χρυσὸς
687 3545 725 3610 ἐν
753 3542 865 3624 αἰθέρι
894 3543 1049 3625 λάμπων,
1079 3543 1150 3641 ἀντὶ
1170 3548 1228 3610 τοῦ

85 3657 272 3736 μαρτυρῶν)
299 3693 341 3703 —-
370 3656 515 3736 Ξέςτης
543 3657 643 3738 (οὕτω
667 3656 841 3721 Φιλόξενος
863 3654 968 3719 ἐντῶ
990 3655 1139 3735 περὶτῆς
1162 3658 1228 3719 τῶν

84 3762 255 3840 Ῥωμαίων
278 3766 461 3846 διαλέξεως)

117 4080 124 4091 .
176 4001 341 4081 Οἷςτρος
369 4004 433 4083 (καὶ
463 4002 673 4082 Καλλίμαχος·
701 4003 783 4084 βοῦς
806 3999 887 4065 σόον
915 3994 968 4086 [ὃν
990 3999 1062 4063 add.
1086 4023 1128 4063 m.
1152 4001 1227 4088 νεα.)

84 4132 125 4175 τε
148 4106 270 4192 μύωπα
292 4114 384 4195 βοῶν
408 4110 589 4176 καλέουσιν
611 4108 772 4194 άμορβοί)
803 4149 841 4157 -
878 4110 1048 4189 Ὀργάδα
1070 4112 1229 4192 (Κόμανος

82 4224 124 4286 δὲ
148 4271 155 4285 .
178 4271 185 4285 .
207 4270 215 4284 .
238 4272 245 4285 .
268 4222 450 4302 (οφοκλῆς·
478 4221 612 4304 θέλοιμι
641 4218 748 4303 πηλὸν
771 4213 993 4302 ὀργάσασθαι.
1017 4223 1068 4286 καλ
1094 4223 1229 4302 Ἀριςτο-

81 4331 196 4414 φάνης
217 4330 375 4410 Ὀρνιςιν·
397 4324 526 4407 άποθύς
548 4326 690 4415 ὀργάδα)
712 4369 754 4380 -
776 4331 952 4408 Ὁριςμός

141 4450 185 4484 νιι.
205 4450 370 4486 ιιιτουιιιιιιι
390 4451 536 4486 ονυυουιιι
554 4453 574 4490 1.
984 4434 1027 4497 44
