2896 4996
351 321 353 325 ’
474 329 521 375 uu
545 328 614 375 ouo
638 329 682 374 ur
706 328 846 376 011011.
1168 312 1231 376 609

85 480 319 565 Etymologicis
340 480 524 544 referuntur
546 481 579 543 in
602 485 712 544 nostro
734 481 836 544 lexico
859 502 924 543 non
949 483 1091 563 reperta,
1122 502 1230 545 eorum

86 613 129 654 ne
144 612 216 654 una
239 590 366 674 quidem
387 591 511 654 notatio
534 591 744 674 utrobique
768 589 896 653 exstat?
932 589 1024 653 Eone
1046 590 1112 653 ullo
1134 596 1230 674 pacto

88 700 249 764 credibilis
277 700 410 764 duorum
438 700 602 764 homimun
630 700 786 763 dissensio
808 722 931 763 summa
954 700 1088 763 eundern
1113 700 1230 764 librum

85 810 339 893 usurpantium?
367 810 486 886 Quodsi
508 810 600 873 huius
623 831 745 894 quoque
768 810 832 873 vim
855 809 1037 893 argumenti
1060 810 1229 895 impugnes

87 919 300 1002 pertinacius,
331 924 425 1004 atque
448 920 589 1004 potuisse
613 920 653 983 ab
675 920 906 1003 Excerptorurn
930 920 1110 984 auctoribus
1133 920 1229 984 simil-

86 1029 202 1092 limum
224 1034 334 1093 nostro
357 1029 485 1094 Orionis
509 1030 648 1092 codicem
670 1030 820 1110 tractari,
850 1029 884 1092 in
912 1051 974 1112 quo
1002 1029 1065 1093 iarn
1087 1034 1156 1093 tum
1178 1030 1230 1094 de-

86 1139 306 1202 siderarentur
327 1139 623 1223 Etymologicorum
644 1139 699 1202 illa
722 1139 957 1220 additamenta,
986 1140 1130 1224 argutius
1152 1163 1230 1205 sane

87 1269 199 1332 crepes
227 1270 321 1331 quam
350 1249 544 1332 probabilius
575 1248 764 1313 contendas:
795 1252 830 1312 at
856 1249 917 1312 duo
944 1249 994 1312 vel
1028 1250 1073 1312 sic
1106 1254 1230 1314 restant

87 1362 295 1441 argumenta,
325 1354 507 1442 significata
534 1359 590 1421 illa
612 1359 676 1421 iam
699 1361 719 1440 ξ
745 1360 799 1440 11,
828 1359 964 1422 alterum
987 1358 1027 1421 ad
1049 1359 1152 1442 ipsam
1174 1382 1228 1423 no-

86 1467 248 1530 tationum
264 1467 403 1531 indolem
417 1468 661 1552 grammaticam
676 1467 856 1552 pertinens,
881 1472 1004 1532 aterum
1025 1468 1065 1531 ad
1080 1491 1189 1552 parem
1204 1472 1229 1534 Α

87 1576 218 1640 litterae
248 1578 371 1660 copiam
397 1579 569 1642 illiusmodi
597 1578 886 1642 additamentonun
914 1583 1008 1662 atque
1035 1579 1228 1663 reliquarum

86 1687 271 1749 litterarum
308 1689 485 1771 penuriam.
540 1688 643 1763 Onam
680 1690 713 1751 in
750 1710 817 1752 rem
854 1688 946 1751 nobis
982 1688 1058 1752 licet
1094 1689 1228 1753 eundem

85 1795 178 1858 illum
200 1797 422 1861 Tittmaunum
451 1800 620 1881 antestari,
651 1799 705 1883 qui
733 1798 884 1862 maiorem
911 1798 1071 1881 quandam
1093 1799 1229 1862 brevita-

85 1909 152 1968 tem
175 1907 440 1991 notationumque
462 1908 652 1971 tenuitatem
674 1909 709 1971 in
731 1913 907 1992 postremas
929 1908 1034 1990 potius
1056 1908 1229 1972 lexicorum

86 2014 213 2078 litteras
242 2017 342 2080 solere
372 2039 467 2101 quam
496 2018 530 2081 in
563 2019 684 2101 priores
718 2019 830 2081 cadere
859 2017 1021 2081 verissime
1049 2018 1230 2081 observavit

88 2125 191 2206 praef.
216 2147 246 2207 p.
271 2125 342 2190 XX.
387 2127 514 2190 Indoles
537 2131 645 2191 autem
667 2128 721 2191 illa
744 2128 956 2212 grammatica
979 2149 1050 2191 cum
1071 2127 1229 2210 duplicem

86 2233 153 2296 vim
176 2234 310 2319 habeat,
339 2241 374 2300 ut
403 2241 459 2300 aut
486 2238 542 2301 Ori
570 2260 637 2301 esse
666 2240 722 2301 aut
745 2237 873 2302 Orionis
901 2259 966 2300 non
994 2258 1062 2300 esse
1093 2237 1229 2300 notatio-

88 2365 164 2406 nem
198 2365 355 2429 quamque
388 2351 499 2430 cogat,
537 2347 589 2410 hic
612 2347 748 2431 ,quidem
782 2348 917 2411 alterum
947 2350 1074 2410 tanturn
1107 2347 1229 2411 idoneis

87 2453 243 2536 exemplis
266 2455 404 2520 breviter
425 2457 604 2520 declarabo
649 2457 780 2521 Etenim
809 2479 890 2541 quae
918 2478 956 2520 ex
979 2457 1106 2521 Orionis
1128 2458 1230 2520 lexico

89 2563 302 2647 etymologico
330 2566 483 2630 excidisse
511 2567 664 2649 volueris,
701 2589 738 2630 ea
768 2568 912 2650 profecto
944 2570 1071 2650 oportet
1098 2567 1132 2629 in
1160 2567 1229 2650 ipso

89 2693 210 2755 genere
234 2675 444 2759 etymologiae
465 2680 642 2740 versentur.
680 2676 822 2751 Quocum
843 2678 924 2740 scire
948 2678 1040 2760 cupio
1062 2676 1136 2759 quid
1159 2679 1229 2739 tan·
1262 2736 1266 2742 .

87 2781 160 2844 dem
185 2805 350 2847 commune
378 2785 520 2849 habeant
542 2786 654 2849 harum
682 2808 794 2850 vocum
817 2786 1062 2869 explicationeS,
1094 2807 1229 2868 quarum

86 2891 234 2975 singulas
263 2893 352 2957 sedes
380 2917 477 2978 supra
506 2896 709 2980 consignavi:
737 2897 886 2975 ἄγγαροι,
920 2895 1065 2973 ἀγγρίαε,
1094 2894 1261 2970 triusiae

86 3001 229 3077 ἀθετεῖν,
252 3005 406 3085 Ἀθριβήε,
431 3007 539 3085 Ἀθύρ,
561 3007 684 3082 Αἴλιος,
708 3008 860 3085 βαεεὰρα,
885 3004 977 3066 aliae.

613 3204 632 3281 e
658 3201 706 3263 14.

173 3331 331 3406 Quoniam
353 3335 394 3397 ab
416 3337 477 3398 hac
499 3339 591 3419 parte
612 3336 697 3398 viam
719 3355 816 3416 supra
837 3336 1047 3396 monstratam
1069 3331 1148 3394 satis
1162 3353 1229 3394 mu-

86 3442 209 3505 nivisse
232 3442 389 3525 videmur,
420 3436 576 3529 reliquum
599 3448 648 3508 est
670 3443 803 3507 candem
831 3447 866 3506 ut
895 3447 1007 3506 contra
1039 3442 1119 3505 alias
1151 3441 1229 3504 duas

86 3551 305 3616 dubitationes
332 3557 495 3636 tueamur,
534 3576 612 3639 quas
645 3576 662 3617 e
690 3553 827 3638 singulis
855 3553 1043 3636 quibusdam
1076 3551 1228 3634 exemplis

85 3682 233 3743 promere
262 3663 346 3727 licet.
392 3665 436 3729 Et
462 3666 600 3748 primum
628 3664 755 3748 quidem
782 3667 831 3727 ter
858 3663 892 3726 in
920 3661 1143 3747 Etymologico
1170 3661 1227 3743 M,

86 3779 186 3844 semel
211 3776 294 3862 apud
317 3773 475 3839 Zonaram
503 3776 658 3859 scriptum
685 3778 790 3838 exstat
816 3774 914 3853 Ὠρο(
937 3773 956 3837 ὁ
979 3774 1134 3854 Θηβαῖοί,
1163 3771 1229 3835 illic

86 3911 115 3953 v.
140 3887 350 3968 Ἀβαρνίδα
372 3908 403 3969 p.
427 3887 458 3966 2,
482 3888 521 3950 27
547 3885 685 3968 (adiecto
708 3888 786 3948 adeo
814 3883 1050 3960 ὁέτυμολόγοε
1073 3881 1227 3964 nominet,

84 4000 283 4074 Αἴγυπτος
304 3997 363 4077 29,
390 3997 444 4077 12,
475 3998 583 4074 τελετή
608 3995 685 4078 151,
711 3996 765 4074 11,
795 3992 879 4076 apud
902 3992 987 4055 hunc
1010 4015 1039 4054 v.
1064 3992 1228 4071 μανόφυλ-

85 4111 146 4173 1ον
171 4131 203 4190 p.
231 4107 323 4171 1334.
368 4106 417 4169 De
440 4106 504 4170 Oro
527 4105 680 4169 Thebano
709 4125 780 4167 cum
803 4103 925 4186 pridem
954 4106 1060 4165 actum
1083 4101 1140 4182 sit,
1169 4099 1229 4162 hoc

85 4222 216 4281 tantum
244 4216 422 4300 quaeritur,
451 4216 508 4279 illa
536 4238 597 4300 quo
619 4215 712 4280 modo
742 4213 992 4278 commodissime
1015 4211 1227 4294 corrigantur.

84 4328 135 4391 Ac
159 4326 292 4390 criticae
320 4325 446 4409 quidem
474 4326 536 4388 arti
565 4326 660 4409 longe
689 4323 833 4407 profecto
857 4320 1096 4386 convenientius
1124 4319 1228 4384 estin

137 4447 183 4481 ra.
203 4445 369 4481 1111611111
388 4444 573 4482 0101100111.
984 4422 1025 4486 39
