2896 4996
235 349 298 413 658
621 366 669 413 nn
693 339 762 414 οπο
787 367 832 413 nr
855 367 997 416 omonn.

236 518 344 602 Etym.
373 517 417 582 M.
447 541 479 602 p.
503 518 581 600 601,
605 519 662 602 32,
696 520 967 600 ὀβολοςτάτης
996 518 1028 604 p.
1053 523 1134 606 613,
1162 523 1217 607 19,
1247 545 1375 607 quocum

235 629 379 712 proximo
401 629 529 693 vinculo
558 629 806 704 consoc'umdum
829 633 981 711 ςτυτήρ
1003 655 1036 716 p.
1061 634 1142 716 725,
1166 633 1208 696 22
1237 633 1303 715 (ubi
1324 639 1376 697 out

233 739 282 815 sic
304 740 422 804 scribe:
451 741 518 805 ἀπὸ
540 744 599 805 τοῦ
620 740 721 820 ἰ’ςτημι
744 745 804 806 τοῦ
826 743 864 806 τὸ
887 743 1081 811 δανείζεςθαι
1103 748 1321 824 παριςτῶντος
1341 746 1375 809 τό

234 872 269 915 τε
296 850 430 930 νόμιςμα
457 851 497 915 ἂν
526 851 632 930 ῥηθείη
660 853 711 915 καλ
733 851 753 916 6
774 855 857 931 πρὸς
878 876 904 917 ις
926 875 951 917 τ.
975 857 1013 932 λ,
1043 858 1100 918 aut
1128 855 1224 921 τότε
1248 856 1376 935 νόμιςμυ

236 962 286 1026 καὶ
308 960 328 1025 6
350 961 433 1040 ἀνὴρ
457 961 572 1040 ἐρρήθη
596 961 614 1025 ὁ
637 962 720 1040 πρὸς
742 985 767 1027 κ.
790 985 816 1027 τ.
840 963 896 1048 1.),
919 963 1008 1044 οἴμη
1032 987 1064 1048 p.
1082 965 1157 1047 618,
1179 966 1216 1047 5,
1240 966 1375 1031 οἴνοπε

236 1094 267 1154 p.
292 1071 370 1152 618,
404 1071 463 1152 33,
496 1066 610 1136 οἶτος
643 1094 675 1155 p.
699 1072 780 1154 619,
809 1073 866 1156 28,
899 1075 1082 1153 ὀλυιτός,
1115 1077 1252 1156 ὀλεμειίς
1286 1076 1374 1161 (corr.

236 1181 424 1259 ὀλυιμεύς
447 1203 485 1244 ex
508 1180 683 1264 Hesychio)
701 1183 823 1266 porr,
843 1183 897 1265 10,
920 1185 1155 1265 ὀλιγαίμους
1178 1209 1210 1270 ρ.
1228 1187 1302 1268 621,
1324 1186 1375 1265 48,

236 1291 428 1371 ὀλιγωρία
462 1314 494 1375 p.
523 1292 601 1373 621,
635 1291 692 1374 46,
730 1294 843 1360 πεζοί
876 1316 907 1376 p.
937 1295 1015 1377 658,
1051 1296 1108 1378 37,
1143 1298 1375 1377 περιρρηδὴς

235 1425 267 1486 ρ.
291 1401 369 1483 664,
393 1402 451 1484 40,
479 1403 656 1481 Περςεύς
684 1425 715 1486 p.
740 1403 819 1486 665,
849 1404 905 1485 46,
933 1406 1130 1483 Πολέμων
1159 1429 1191 1490 p.
1216 1406 1295 1487 679,
1324 1405 1375 1486 52,

236 1511 461 1591 ραδανίζειν
490 1534 521 1595 ρ.
546 1512 624 1594 702,
651 1513 705 1595 10,
734 1518 971 1592 ςιναμωρεῐν
993 1537 1025 1597 p.
1051 1516 1129 1597 713,
1159 1517 1219 1598 31,
1247 1517 1375 1582 ςκόλιο

234 1645 266 1705 p.
292 1622 365 1704 718,
389 1624 445 1705 37,
469 1624 654 1703 ςοφιςτής
677 1646 708 1705 p.
727 1624 799 1706 722,
823 1624 882 1706 22,
905 1626 1044 1703 τελετή
1068 1648 1101 1708 p.
1126 1626 1201 1707 751,
1229 1628 1279 1708 11,
1302 1625 1373 1688 Ζοιι.

234 1756 266 1816 p.
293 1733 390 1814 1718,
413 1735 541 1813 Φάνης
564 1732 672 1816 Etym.
697 1733 741 1796 M.
765 1757 797 1817 p.
822 1735 895 1816 787,
918 1735 975 1816 30,
1000 1736 1150 1814 Χείρων
1173 1759 1207 1818 p.
1232 1736 1305 1818 810,
1327 1736 1372 1800 35.

235 1843 371 1906 Accedit
398 1845 535 1909 Λάδων
568 1843 706 1907 Bekkeri
728 1843 851 1907 Anecd.
875 1867 907 1927 p.
935 1844 1026 1926 1459,
1051 1844 1176 1929 dequo
1199 1846 1374 1930 quidOrds

235 1953 386 2036 narrarit,
411 1954 575 2017 Bekkerus
598 1954 752 2017 adnotare
775 1977 806 2036 p.
836 1955 917 2019 1393
939 1975 986 2037 sq.
1010 1954 1128 2019 oblitus
1152 1978 1222 2020 esse
1245 1957 1372 2020 videtur.

236 2064 285 2127 Ex
308 2065 358 2128 his
380 2065 435 2127 ubi
458 2087 495 2128 ea
517 2065 717 2148 potissimum
738 2065 902 2145 exemeris,
926 2086 1007 2147 qune
1022 2065 1058 2127 in
1073 2066 1142 2129 sola
1164 2067 1373 2151 originaticne

236 2178 405 2238 versantur
433 2176 663 2259 etymologica,
693 2178 730 2237 ut
752 2175 943 2252 ἀγάλακτες,
967 2175 1143 2255 ἀεςίφρων,
1166 2179 1284 2255 ἀεικής,
1306 2179 1373 2241 ἄλο·

234 2306 309 2366 χος,
340 2289 438 2366 βορᾶς
466 2289 498 2348 et
526 2285 663 2367 similia,
693 2285 811 2347 bonam
841 2285 1099 2349 observationum
1127 2290 1255 2369 partem
1283 2287 1373 2351 habes

235 2396 339 2458 bonae
367 2396 471 2480 frugis
498 2396 765 2478 plenissimorum.
811 2394 912 2477 Vide,
944 2399 979 2458 ut
1007 2396 1098 2459 huius
1121 2419 1249 2481 quoqne
1272 2398 1317 2460 rei
1338 2417 1372 2460 ne

234 2506 455 2569 desiderentur
477 2506 631 2589 exempla,
656 2505 743 2568 velut
764 2505 931 2584 ἀθλῆςαι
952 2528 1008 2554 -·
1032 2506 1080 2571 ὅτι
1102 2509 1182 2586 μετὰ
1205 2510 1264 2574 τὸν
1288 2529 1372 2573 κατα·

236 2618 372 2694 κλυςμὸν
403 2618 623 2695 ἐξηργηκότων
656 2618 715 2695 ἤδη
749 2621 816 2681 τῶν
845 2616 987 2692 ἀγώνων
1015 2618 1060 2681 ὡς
1093 2619 1144 2681 κοιλ
1170 2623 1240 2684 τῶν
1269 2620 1370 2683 ἄλλων

236 2710 369 2791 πάντων
392 2731 457 2792 τῶν
480 2728 515 2792 ἐν
531 2729 657 2805 (Ἐλληςι
680 2729 787 2791 καλῶν
809 2728 943 2806 ὕςτερον
960 2728 1097 2791 Ἀέθλιος
1122 2726 1141 2791 6
1165 2729 1372 2807 Ἐνδυμίωνος

235 2841 339 2918 πατὴρ
367 2838 545 2916 ἐπιμέλειαν
575 2839 748 2917 ἐποιήςατο
778 2841 833 2916 τῆς
854 2842 912 2902 τοῦ
936 2838 1151 2916 Ὀλυμπιακοῦ
1175 2834 1308 2915 ἀγῶνος
1329 2860 1373 2902 ςυ-

185 2968 217 3015 το
235 2950 387 3013 ςτάεεως·
410 2949 476 3013 ἀπὸ
498 2948 616 3012 τούτου
639 2947 699 3013 οὖν
722 2948 841 3023 γίνεται
868 2948 957 3012 ἀθλιΐι
980 2970 1007 3011 ο.
1031 2970 1061 3030 q.
1086 2970 1111 3010 s.
1143 2949 1252 3014 οὕτως
1281 2950 1372 3029 Ὦρος

235 3059 346 3143 (vulgo
363 3060 501 3139 Ὠρίων).
531 3058 602 3139 Vel,
627 3058 709 3142 quod
732 3080 766 3121 re
789 3061 838 3121 est
861 3059 1084 3135 coniunctum,
1107 3080 1152 3135 γυ
1160 3063 1324 3139 μνάςια,
1346 3058 1374 3124 ολ

233 3171 330 3234 τόποι
352 3170 439 3234 ὅπου
462 3170 695 3248 ἐγυμνάζοντο·
718 3169 832 3249 κυρίως
848 3169 908 3234 οὖν
923 3170 976 3235 ἐπί
991 3174 1057 3235 τῶν
1081 3169 1244 3249 ἀθλητῶν,
1270 3173 1371 3248 ἐπειδὴ

234 3283 348 3359 γυμνοὶ
370 3281 585 3359 ἠγωνίζοντο·
611 3281 720 3358 ἐπειδὴ
744 3284 877 3359 πρῶτον
899 3280 1019 3358 γυμνὸς
1041 3279 1061 3344 6
1083 3280 1267 3360 Ὄρςιππος
1290 3283 1374 3362 ἔθρα-

234 3413 292 3470 μεν
321 3393 357 3456 ἐν
380 3392 554 3474 Ὀλυμπίᾳ,
584 3389 628 3454 ὥς
656 3411 752 3471 φηςιν
781 3391 888 3469 Ὧρος.
933 3389 996 3453 Vbi
1025 3412 1105 3474 quae
1135 3397 1317 3475 sequuntur
1340 3392 1375 3454 de

235 3500 365 3584 Orsippi
396 3502 480 3564 illius
509 3500 689 3584 olympiade
712 3499 853 3583 XXXII,
885 3501 930 3563 eis
955 3500 1035 3564 nihil
1063 3523 1135 3563 cnm
1162 3502 1223 3566 Ori
1252 3503 1375 3567 nornine

234 3613 397 3675 societatis
426 3616 489 3694 est,
519 3613 711 3695 permultum
741 3616 848 3675 autem
877 3634 947 3675 cum
974 3612 1103 3675 scholiis
1134 3612 1321 3678 Homericis
1347 3613 1376 3676 in

233 3722 343 3786 Iliadis
366 3724 395 3786 Ψ
417 3723 496 3803 683,
520 3722 602 3785 m1de
625 3722 753 3786 fluxisse
777 3723 896 3806 poteris
919 3744 957 3784 ex
981 3720 1135 3785 Boeckhii
1158 3722 1377 3809 disputatione

233 3833 422 3918 intellegere
445 3831 539 3917 Corp.
563 3833 659 3897 inser.
684 3855 733 3917 gr.
757 3833 773 3897 I
795 3855 827 3916 p.
850 3832 914 3896 554
929 3853 975 3915 sq.
1014 3832 1155 3896 Omnino
1179 3839 1292 3900 autem
1315 3857 1378 3920 per·

234 3945 335 4007 multa
357 3944 414 4008 Ori
436 3944 498 4007 fide
520 3944 647 4028 prodita
667 3946 753 4025 sunt,
777 3965 842 4006 non
866 3943 922 4006 illa
945 3941 985 4005 cd
1002 3941 1144 4006 Ethnica
1168 3947 1378 4028 pertinentia,

233 4054 268 4117 in
298 4055 411 4139 quibus
443 4054 544 4117 inulto
576 4055 681 4138 magis
714 4054 930 4138 antiquarium
962 4053 1151 4136 scriptorem
1187 4057 1321 4121 videare
1351 4060 1381 4120 ct

234 4186 338 4228 rerum
366 4170 584 4229 enarratorem
612 4188 707 4249 quem
735 4165 983 4249 grammaticum
1011 4186 1191 4248 agnoscere
1216 4173 1250 4231 et
1272 4169 1380 4232 verbo

232 4295 303 4338 rum
331 4277 548 4361 interpretem.
594 4276 683 4351 Quod
713 4280 749 4339 ut
775 4299 817 4341 ne
844 4299 934 4340 secus
957 4275 1113 4360 accipias,
1144 4278 1381 4342 recordandum

233 4388 297 4469 est,
331 4389 385 4471 qni
415 4388 546 4450 tandem
575 4388 629 4450 illa
658 4392 764 4451 aetate
792 4387 996 4468 γραμματικοί
1027 4385 1133 4449 vocati
1162 4388 1251 4470 sint,
1288 4409 1382 4475 qnam
