2948 4996
474 315 594 362 aaavu
616 312 894 376 scurrronnsvs„
1186 295 1249 361 463

105 471 186 537 Cum
217 469 279 533 hoc
312 469 412 552 igitur
443 467 627 531 testimonio
662 466 860 531 commodum
891 465 955 529 fuit
983 464 1248 548 Harpocrationis

104 581 246 663 glossam
275 578 334 661 (fr.
359 576 450 662 XIV)
486 598 684 660 componere.
739 578 906 659 Apparere
939 577 1048 638 autem
1075 596 1113 638 ex
1141 574 1248 638 allatis

104 689 240 770 videtur,
264 688 421 769 imprimis
443 686 633 770 diligentem
655 687 690 749 in
712 686 838 749 urbium
860 685 1089 770 regionumque
1111 685 1248 767 descrip-

104 799 194 861 tione
216 797 378 879 Marsyam
403 796 513 859 fuisse.

190 905 358 990 Iungimus
385 927 472 969 nunc
499 904 565 987 his,
594 926 675 988 quae
699 903 758 968 etsi
780 926 846 968 non
869 908 917 967 est
939 902 1099 987 proditum
1121 925 1159 967 ex
1181 903 1249 967 Ma-

106 1016 267 1080 cedonicis
288 1018 415 1098 sumpta
438 1035 523 1096 esse,
546 1018 656 1077 tamen
678 1014 826 1078 tenuibus
849 1012 992 1095 indiciis,
1009 1035 1071 1096 quo
1086 1013 1179 1078 modo
1195 1036 1261 1096 ρος

105 1126 227 1189 tuerint
253 1124 356 1188 ineis
380 1124 638 1206 loeumhaberc,
668 1124 865 1207 significant.
916 1123 1174 1188 Consentaneum
1201 1126 1250 1187 est

105 1235 191 1298 enim
219 1234 306 1317 prius
329 1255 424 1317 quam
446 1233 485 1296 de
506 1233 616 1316 quovis
639 1233 702 1297 alio
725 1232 848 1297 incerto
871 1233 1014 1316 cogitare
1036 1233 1075 1319 de
1098 1255 1134 1297 eo
1155 1233 1247 1315 libro,

105 1367 200 1428 quem
220 1365 294 1408 vere
322 1346 507 1426 usurpatum
535 1343 683 1406 manibus
712 1342 923 1426 posteriorum
951 1343 1142 1426 scriptorum
1170 1343 1249 1406 satis

106 1458 194 1518 certo
216 1455 367 1517 norimus.
627 1529 629 1534 7
1033 1504 1035 1507 .

191 1563 296 1647 (XVI)
320 1562 505 1626 Athenaeus
528 1561 574 1626 XI
598 1585 629 1646 p.
646 1563 708 1627 467
733 1568 768 1627 C:
797 1564 977 1642 Παρθένιος
1004 1564 1023 1628 ὁ
1046 1567 1105 1629 τοῦ
1128 1565 1248 1628 Διονυ-

105 1675 174 1739 ςίου
197 1674 232 1738 ἐν
255 1664 386 1755 πρώτρ
401 1675 474 1752 περὶ
502 1677 569 1739 τῶν
596 1673 684 1751 παρὰ
706 1676 773 1737 τοῖς
800 1673 967 1754 ἱςτορικοῑς
996 1674 1115 1739 λέξεων
1137 1679 1248 1752 Ζητου-

104 1785 213 1862 μένων
242 1782 331 1864 φηςί·
367 1784 515 1859 γυάλας
547 1784 704 1862 ποτηρίου
732 1781 835 1860 εἶδος,
859 1782 904 1846 ὡς
927 1784 1111 1862 Μαρςύας
1132 1783 1249 1864 γράφει

106 1893 124 1957 ὁ
146 1893 277 1972 ἱερεὺς
299 1897 368 1957 τοῦ
389 1893 642 1972 Ἡρακλέους,
665 1892 769 1957 οὕτως
793 1892 893 1958 «ὅταν
913 1892 988 1976 εἰςὶῃ
1005 1893 1023 1957 ὁ
1040 1895 1182 1972 βαςιλεὺς
1205 1892 1248 1958 εἰς

103 2005 164 2081 τήν
186 2003 291 2083 πόλιν,
314 2006 473 2067 ςυναντάν
497 2002 589 2066 οἴνου
611 2003 715 2081 πλήρη
737 2002 861 2078 γυάλαν
884 2002 1002 2081 ἔχοντά
1023 2022 1107 2079 τινα,
1134 2003 1191 2068 τόν
1213 2005 1249 2067 δὲ

106 2113 247 2191 λαβόντα
270 2113 442 2176 ςπένδειν.»
471 2110 520 2174 De
537 2110 745 2175 Macedonica
767 2112 845 2175 mbe
867 2110 947 2174 haec
969 2112 1094 2174 narrari
1116 2132 1181 2174 non
1203 2115 1249 2175 te·

104 2242 192 2284 mere
216 2220 373 2283 conicItur
395 2242 433 2283 ex
454 2219 561 2303 Etym.
584 2220 628 2284 M.
652 2243 682 2302 p.
702 2221 831 2302 243,13
860 2219 1082 2304 Hesychioque
1103 2221 1119 2284 I
1140 2244 1171 2304 p.
1186 2221 1249 2286 865

107 2326 193 2415 [449,
211 2329 251 2392 86
274 2329 411 2416 Sehml:
437 2331 558 2406 γυάλας
581 2328 667 2395 εἶδος
690 2331 845 2408 ποτηρίου
867 2332 955 2409 παρὰ
978 2331 1157 2397 Μακεδόςιν
1181 2331 1249 2416 (ubi

104 2440 227 2514 γυλλάς
249 2442 282 2502 et
303 2440 504 2505 Μακεδόνων
529 2438 625 2503 codex
641 2439 820 2525 Hesychii).
848 2439 897 2503 Ac
920 2440 1100 2504 sacerdotes
1122 2440 1249 2524 quidem

104 2548 252 2610 norimus
276 2548 452 2631 complures
475 2548 645 2631 scriptores
668 2560 800 2633 graecos
825 2546 925 2634 [cuius
942 2549 989 2613 rei
1012 2551 1156 2634 exempla
1178 2550 1249 2614 vide

104 2679 126 2720 a
141 2657 303 2740 Klippclio
326 2657 460 2721 collecta
483 2658 535 2722 ‘de
550 2657 660 2721 Museo
676 2657 908 2722 Alexandrino'
925 2659 1087 2744 (Gotting.
1105 2682 1134 2723 a.
1154 2660 1249 2744 1838)

105 2787 138 2848 p.
154 2766 245 2862 1οης
267 2765 429 2830 Pellaeum
449 2770 554 2831 autem
571 2767 743 2850 Marsyam,
763 2767 829 2831 ludi
846 2769 1036 2853 magistrum
1053 2769 1249 2853 eundemque

104 2875 220 2938 ducem
242 2865 406 2958 navalem,
429 2877 561 2940 vixerit
580 2877 747 2960 quietiam
768 2878 946 2941 sacerdotio
968 2899 1085 2962 augere
1108 2878 1250 2941 animum

104 2984 248 3048 inducat.
294 2985 442 3050 Ceterum
468 2985 635 3049 Parthenii
667 2986 822 3071 magister
851 2987 905 3049 ille
933 2986 1105 3070 Dionysius
1134 2986 1249 3051 Suidae

103 3097 238 3177 quartus
261 3097 310 3158 est
330 3095 416 3158 inter
438 3095 660 3180 cognomines,
677 3096 915 3159 Alexandrinus
930 3096 1069 3179 quidem,
1086 3117 1105 3159 a
1120 3095 1248 3159 Nerone

103 3202 147 3265 ad
170 3202 343 3267 Traianum
367 3205 486 3269 clarus:
509 3204 580 3268 vide
603 3204 743 3268 Fabricii
766 3204 851 3269 Bibl.
868 3226 917 3288 gr.
934 3204 982 3269 IV
996 3229 1028 3289 p.
1041 3206 1104 3269 309
1119 3204 1210 3268 Harl.

192 3311 310 3395 (XVII.
328 3312 453 3399 XVIII)
476 3314 579 3396 Ipsius
602 3318 635 3378 et
657 3314 839 3398 argumenti
862 3317 894 3378 et
916 3315 977 3377 loci
1000 3315 1160 3378 affinItate
1181 3317 1248 3377 tam

102 3421 279 3484 coniuncta
302 3444 371 3484 eum
393 3424 517 3499 γυάλου
546 3423 844 3486 commemoratione
872 3422 951 3487 haec
984 3426 1059 3487 sunt
1088 3423 1249 3487 Athenaei

100 3529 153 3593 XI
174 3553 206 3612 p.
223 3531 285 3593 4λῖ
302 3536 328 3594 Α
336 3554 343 3594 :
368 3540 563 3594 κιςςΥΒιοΝ·
587 3583 639 3597 ...
670 3534 858 3613 Κλείταρχος
881 3535 916 3597 δέ
936 3554 1030 3614 φηςιν
1046 3534 1169 3598 Αἰολεῖς
1191 3535 1248 3599 τόν

101 3640 232 3720 ςκύφον
254 3641 408 3720 κιςςόβιον
425 3645 547 3706 καλεῖν·
571 3643 753 3721 Μαρςύας
776 3645 811 3707 δὲ
825 3643 987 3709 κύπελλον
1002 3645 1052 3707 καὶ
1066 3644 1104 3707 τό
1119 3645 1248 3709 ξύλινον
1287 3724 1288 3728 ¹

99 3751 279 3828 ποτήριον,
314 3752 346 3812 et
373 3748 491 3813 ibidem
520 3772 550 3832 p.
573 3751 636 3814 479
660 3756 697 3814 O:
728 3760 883 3813 κοΤΥΛΗ·
989 3754 1104 3832 κοτύλη
1133 3756 1168 3817 δὲ
1195 3775 1248 3817 κα-

97 3860 204 3922 λεῖται
226 3860 275 3921 καὶ
296 3859 316 3937 ἡ
338 3863 397 3923 τοῦ
420 3858 519 3937 ἰςχὶου
542 3860 703 3939 κοιλότης·
719 3911 725 3923 .
743 3910 773 3923 ..
798 3861 982 3940 Μαρςύας
1004 3864 1040 3926 δέ
1056 3882 1131 3942 φηςι
1153 3863 1191 3926 τό
1213 3863 1248 3927 ἐν

96 3971 151 4048 τῷ
174 3965 263 4050 ἰςχίψ
287 3967 403 4032 ὀςτοῦν
427 3971 584 4033 καλεῖςθαι
606 3969 733 4034 ἄλειςον
757 3971 806 4034 καὶ
824 3972 948 4051 κύλικα,
972 3973 1008 4033 ut
1023 3992 1187 4034 vereamur
1207 3992 1248 4034 ne

95 4076 143 4140 de
158 4078 371 4159 grammatico
386 4076 515 4160 Marsya
536 4078 802 4142 inconsideratius
820 4078 1139 4163 Schweighaeuserus
1163 4080 1248 4164 eogi-
1294 4144 1296 4148 ,

92 4185 194 4251 tarit.
231 4183 307 4259 Quis
323 4186 409 4249 enim
424 4209 540 4270 quaeso
556 4209 595 4251 ex
610 4188 826 4252 Macedonicis
848 4189 951 4271 ipsum
974 4189 1051 4252 illud
1074 4189 1113 4252 de
1127 4192 1249 4266 γυάλας

91 4295 326 4362 testimonium
347 4297 538 4379 repetiturus
562 4300 660 4380 esset,
689 4297 751 4361 nisi
773 4298 906 4362 fortuito
933 4301 1059 4362 servata
1088 4316 1248 4384 gramma-
