2948 4996
229 308 294 375 loo
574 322 622 373 oe
645 323 794 373 csnrrco
818 322 1024 375 sornocnro

230 479 479 564 expugnandam
502 478 631 543 Troiam
654 477 859 565 proficisci*).
892 479 962 544 Nec
984 500 1096 562 prosae
1119 477 1275 544 orationis
1296 504 1365 545 usus

230 588 351 652 differt:
388 589 472 652 unde
499 611 598 653 unum
631 589 832 672 potissimum
865 590 1044 674 exemplum
1071 590 1263 673 promimus,
1298 613 1366 675 quo,

230 698 306 782 quid
328 699 413 761 inter
434 701 509 764 νέοι
532 703 565 763 et
579 701 695 778 νεαρό(
717 698 865 763 notiones
880 700 1018 782 intersit,
1043 700 1245 783 apertissime
1268 700 1368 765 decla-

230 811 334 892 ratur,
364 807 589 891 Xenophontis
616 809 651 871 in
679 808 877 892 Cyropaedia
898 809 929 892 Ι,
953 809 984 892 4,
1009 811 1044 874 3:
1080 810 1155 874 ἀλλ’
1180 811 1289 892 ὥοπερ
1310 814 1371 891 γὰρ

229 919 265 984 ἐν
289 921 437 998 εώμαειν,
461 918 529 983 drot
551 920 637 985 νέοι
660 918 752 984 ὄντε(
775 921 907 997 μέγεθος
929 920 1058 1002 ἔλαβον,
1082 920 1170 998 ὅμως
1186 921 1371 1003 ἐμφαίνεται

229 1031 267 1093 τὸ
303 1031 450 1108 νεαρὸν
487 1030 607 1106 αὐτοῖς,
644 1031 663 1094 ὃ
701 1031 963 1108 κατηγορεῑ.τήν
997 1029 1246 1106 ὀλιγοετίαν,
1285 1032 1372 1096 οὕτω

230 1160 257 1202 e.
274 1160 305 1221 q.
328 1160 353 1201 s.
377 1176 419 1187 —
441 1137 536 1219 Hanc
558 1138 658 1222 igitur
678 1142 809 1202 tenerae
833 1139 949 1202 aetatis
971 1138 1135 1203 notionem
1159 1161 1230 1203 cum
1252 1143 1373 1221 νεαρό(

228 1270 290 1311 vox
313 1248 397 1331 apud
419 1248 567 1331 antiquos
590 1251 711 1311 certam
732 1251 765 1310 et
788 1251 989 1312 constantem
1012 1253 1132 1331 servet,
1167 1251 1375 1334 consequitur

228 1362 265 1421 ut
287 1358 423 1422 absurdo
450 1357 592 1440 epitheto
621 1357 656 1420 in
679 1357 824 1420 Atticam
852 1346 983 1422 inruens
1010 1357 1112 1422 hostis
1140 1361 1257 1439 νεαρόε
1281 1382 1374 1425 voce-

229 1472 291 1531 tur.
337 1468 425 1552 Ergo
448 1467 486 1531 de
515 1466 706 1530 emendandi
733 1467 925 1531 necessitate
952 1468 1144 1551 rectissime,
1179 1492 1376 1554 quamquam

229 1600 296 1643 non
318 1578 374 1641 illa
396 1599 477 1661 quae
499 1577 652 1660 primaria
680 1581 729 1641 est
751 1599 863 1640 caussa
891 1578 986 1661 moti,
1017 1600 1089 1642 cum
1116 1579 1172 1642 alii
1199 1583 1268 1643 tum
1292 1579 1377 1644 Her-

229 1710 367 1752 mamms
396 1687 595 1771 cogitanmt,
627 1686 808 1751 adsciscens
835 1687 863 1751 is
891 1687 1018 1771 quidem
1046 1691 1198 1770 νέωρο(
1220 1689 1375 1775 formam,

229 1820 296 1862 non
328 1820 400 1861 eam
432 1797 568 1881 synizesi
602 1799 801 1861 contractam
835 1819 907 1861 eum
928 1797 1094 1862 Wundero
1121 1801 1159 1864 τὸ
1181 1801 1240 1879 μέν
1262 1822 1310 1865 τι(
1334 1802 1377 1866 οὐ

229 1910 355 1987 νέωρο(
377 1908 451 1973 οὔτε
473 1910 571 1992 γήρᾳ,
603 1897 658 1970 sed
685 1907 751 1971 leni
779 1908 1028 1990 transpositione
1050 1909 1155 1972 versui
1178 1909 1224 1973 sic
1248 1909 1377 1974 adhibi·

229 2021 297 2081 tam
319 2019 357 2082 τὸ
379 2019 435 2096 μέν
458 2018 582 2098 νέωρό(
604 2037 650 2082 τι(
672 2017 746 2083 οὔτε
767 2019 860 2100 γήρᾳ,
883 2018 1012 2082 ‘omissa
1032 2021 1068 2081 ut
1090 2039 1185 2101 saepe
1208 2019 1244 2083 in
1267 2021 1377 2103 priore

111 2118 129 2137 ''
230 2128 372 2191 membro
399 2128 597 2212 negatione’.
643 2125 730 2201 Quae
757 2126 861 2190 forma
893 2149 965 2191 cum
992 2131 1043 2191 sat
1069 2128 1245 2211 locupletes
1273 2132 1377 2194 testes

230 2238 381 2302 Photium
403 2261 434 2321 p.
451 2237 525 2319 297,
542 2237 562 2300 9
585 2240 617 2300 et
638 2236 834 2320 Hesychium
857 2260 888 2320 p.
909 2237 980 2319 152,
1003 2238 1067 2302 423
1088 2235 1208 2301 habeat
1229 2241 1375 2323 νέαιρον,

229 2352 308 2413 νέον
331 2348 518 2430 prodentes,
551 2347 612 2410 etsi
640 2369 704 2410 non
734 2349 782 2410 est
810 2368 887 2410 sane
916 2369 972 2410 cur
999 2348 1045 2409 ita
1068 2347 1207 2411 scribere
1230 2351 1377 2431 potuisse

231 2457 421 2540 Sophoclem
443 2457 598 2520 morosius
621 2478 730 2541 neges,
752 2459 864 2519 tamen
886 2459 1007 2520 certam
1028 2456 1078 2520 vel
1101 2457 1298 2522 evidentiam
1323 2460 1376 2524 vel

230 2567 492 2651 probabilitatem
519 2589 556 2631 ea
585 2567 765 2632 emendatio
787 2570 854 2629 tam
882 2566 935 2629 diu
958 2588 1023 2630 non
1050 2566 1164 2649 habet,
1194 2589 1291 2650 quam
1319 2569 1375 2633 diu

230 2678 294 2740 alia
322 2677 357 2740 in
384 2680 534 2760 promptu
564 2680 700 2741 estnon
720 2677 825 2740 minus
849 2676 1011 2740 commoda
1035 2676 1212 2740 autetiam
1235 2701 1374 2744 commo-

297 2950 321 3019 *)
341 2948 429 3002 Simili
447 2951 566 3004 fortasse
585 2947 777 3017 ambiguitate,
795 2949 879 3016 atque
897 2945 1072 3001 Pindaricum
1089 2947 1143 3002 hoc
1159 2948 1206 3003 vel
1222 2948 1293 3003 illud
1306 2950 1374 3021 Hip-

229 3043 327 3113 polyti,
344 3043 484 3112 Euripidis
503 3044 660 3111 exemplum
677 3041 730 3094 fuit
748 3041 822 3110 apud
834 3041 1056 3095 Antiatticistam
1073 3049 1172 3110 p.109‚
1193 3049 1237 3096 15:
1257 3048 1373 3111 νεαρὸς·

228 3140 292 3192 ἀντὶ
309 3142 361 3191 τοῦ
380 3139 452 3193 νέοι.
486 3135 635 3203 Εὐριπίδη(
654 3136 808 3203 Ὑψιπύλῃ,
836 3134 911 3201 quod
928 3133 995 3201 quid
1014 3133 1067 3187 sibi
1084 3134 1152 3188 velit
1169 3136 1373 3201 testimonium,

228 3247 328 3299 pamm
344 3230 441 3298 liquet.
479 3227 653 3295 Quamquam
671 3227 702 3293 si,
721 3226 796 3294 quod
814 3228 857 3280 est
875 3226 997 3281 omnium
1016 3227 1263 3296 simplicissimum,
1282 3231 1372 3297 sequi-

229 3342 301 3389 mur,
327 3340 383 3377 uon
406 3322 491 3376 aliurn
512 3321 566 3375 nisi
583 3321 729 3390 puerulum
748 3319 897 3388 Opheltam
920 3320 1021 3374 dixisse
1039 3322 1143 3388 νεαρόν
1161 3324 1248 3390 poeta
1265 3322 1371 3376 videbi-

227 3418 286 3470 tur:
317 3434 399 3483 quem
422 3418 525 3483 νήπιον
549 3417 634 3468 παῖδα
656 3412 841 3482 Apollodorus
858 3413 913 3480 ΙΙΙ,
936 3419 964 3478 6,
983 3420 999 3465 4
1018 3413 1155 3481 appellat,
1175 3417 1280 3481 νήπιον
1300 3419 1374 3470 ὁντα

229 3512 314 3564 παῖδα
333 3512 377 3562 καὶ
395 3510 467 3573 ἄγαν
485 3509 580 3575 ἄωρον
599 3509 808 3574 τελευτήςαντα
819 3506 983 3559 Plutarchus
1002 3507 1103 3559 consol.
1123 3507 1213 3575 Apoll.
1235 3526 1262 3576 p.
1279 3514 1372 3573 1101,

229 3603 339 3656 παιδίον
358 3600 509 3656 scholiasta
527 3600 676 3654 Clementis
694 3599 887 3662 Alexandrini,
911 3599 1007 3666 cuique
1025 3601 1060 3652 τὸ
1079 3600 1183 3665 νήπιον
1205 3600 1267 3668 ipse
1285 3607 1374 3670 poeta

227 3695 366 3749 tribuerat
387 3697 418 3749 fr.
444 3701 494 3749 ‘154
514 3694 543 3747 in
565 3693 684 3747 Nauckii
705 3693 789 3760 Trag.
816 3695 914 3761 fragm.
940 3711 967 3761 p.
987 3698 1044 3746 168.
1069 3723 1101 3730 -
1130 3692 1174 3745 Ad
1191 3693 1374 3748 Homericum

228 3791 322 3843 autem
339 3806 450 3842 versum
467 3789 596 3857 apertum
618 3788 662 3840 est
679 3786 810 3839 Photium
832 3803 858 3854 p.
880 3791 942 3851 291,
967 3794 998 3839 10
1029 3802 1091 3838 eum
1113 3784 1200 3839 Suida
1230 3805 1257 3854 p.
1278 3793 1373 3852 946,7

228 3883 368 3950 spectare:
387 3881 495 3948 νεαροί·
514 3881 580 3946 νέοι,
600 3881 704 3947 νήπιοι,
721 3879 845 3945 itemque
863 3878 1032 3947 Hesychium
1048 3896 1075 3947 p.
1098 3885 1155 3945 144,
1176 3883 1237 3933 188:
1262 3883 1374 3948 νεαροὶ·

228 3975 349 4043 νεογνοί,
368 3976 470 4041 νήπιοι.
488 3975 514 4027 ol
533 3975 597 4027 νέοι.
632 3972 693 4026 Nisi
712 3973 758 4026 hic
779 3974 887 4039 νήπιοι,
920 3975 976 4026 νέοι
998 3972 1182 4026 scribendum.
1207 3971 1375 4036 —Quodsi

228 4067 343 4138 dignum
361 4066 546 4136 explicatione
564 4065 739 4135 grammatici
763 4068 863 4133 νεαρό(
884 4066 1050 4120 vocabulum
1072 4065 1244 4131 habuerunt,
1274 4067 1375 4121 tamen

228 4161 327 4214 eodem
345 4160 407 4214 illos
426 4160 463 4214 ad
481 4159 646 4228 explicanda
664 4159 720 4212 alia
738 4159 918 4226 exquisitiora
939 4177 1004 4213 usos
1022 4176 1082 4213 esse
1102 4158 1169 4211 satis
1188 4174 1223 4211 ea
1242 4163 1376 4230 exempla

114 4310 124 4327 .
228 4253 331 4306 docent
349 4269 419 4320 quae
438 4253 522 4307 docta
540 4252 720 4306 adnotatione
738 4251 896 4306 Dindorfius
915 4251 1071 4320 composuit
1087 4251 1116 4304 in
1135 4250 1282 4319 Sophoclis
1304 4254 1375 4308 Oed.

229 4343 286 4398 Col.
306 4351 363 4400 475.
