2970 4996
241 327 306 391 370
593 343 640 388 nn
663 341 837 389 assonam
857 341 1027 389 vnnsmvs

241 495 435 558 translatum
462 498 590 577 praeter
618 493 678 557 hoe
705 517 803 558 unum
831 495 1020 578 exemplum.
1064 491 1154 568 Quod
1182 497 1219 557 ut
1246 494 1393 577 potuisse

241 610 351 669 tamen
373 605 442 669 fieri
464 604 657 689 largiamur,
681 607 715 667 at
730 605 872 668 omniurn
887 605 1018 669 minime
1034 603 1198 668 commode
1218 603 1392 668 fatendum

243 720 292 780 est
315 738 352 779 eo
375 716 444 779 loco
466 715 551 796 fieri,
581 715 636 778 ubi
663 715 774 798 paucis
801 718 875 798 post
896 714 1039 781 versibus
1061 713 1172 778 eodem
1200 714 1392 794 ἐπεύχεεθαι

242 825 339 889 verbo
363 824 476 889 chorus
500 847 565 888 non
589 833 755 908 ‘vovere',
780 824 834 889 sed
858 825 1015 909 ‘precari’
1044 825 1206 888 iubeatur:
1246 826 1391 915 ἐπεύχου

242 939 282 1015 μὴ
305 937 507 1017 φιλοετόνωε
530 940 625 1001 θεοῑε.
671 935 739 1009 Quo
761 939 797 999 ut
818 935 915 999 etiarn
937 938 1073 1019 augetur
1094 934 1216 998 fraudis
1240 936 1388 1018 suspitio,

242 1046 288 1108 ita
310 1046 345 1108 iu
367 1044 429 1109 hac
451 1046 522 1129 ipsa
544 1044 654 1108 fabula
677 1045 756 1109 satis
771 1044 861 1108 vobis
877 1048 1006 1109 constat
1027 1065 1094 1109 non
1116 1044 1225 1108 deesse
1241 1046 1389 1129 exempla

242 1155 338 1218 simili
367 1155 536 1219 sedulitate
565 1155 749 1218 adsutorum
778 1178 957 1238 pannorum
985 1154 1017 1218 h.
1047 1176 1074 1218 e.
1103 1177 1169 1219 non
1197 1177 1217 1218 a
1247 1155 1388 1247 librariis

242 1266 348 1348 potius
364 1264 558 1347 adsutorum,
583 1287 679 1349 quam
694 1288 712 1327 a
730 1265 870 1329 doctiore
887 1266 993 1348 aliquo
1016 1265 1134 1328 lectore
1156 1265 1386 1349 profectorum,

243 1376 297 1459 qui
319 1375 471 1438 nimirum
493 1375 624 1459 ingenio
646 1375 829 1459 indulgeret
851 1397 908 1439 suo
930 1374 1166 1458 ludibundaque
1190 1397 1288 1439 manu
1313 1376 1388 1460 quid

242 1486 325 1549 vires
347 1489 479 1568 possent
501 1485 708 1567 experiretur.

326 1595 469 1680 Expulso
497 1596 680 1678 importuno
714 1595 948 1677 additamento,
983 1595 1066 1678 quod
1095 1618 1160 1659 non
1195 1599 1246 1659 est
1272 1597 1387 1660 mirum

242 1707 504 1789 interpolatorem
526 1705 781 1769 accommodasse
804 1706 844 1768 ad
874 1727 945 1769 eum
972 1728 1065 1789 quem
1092 1705 1249 1789 scriptum
1276 1729 1387 1791 reppe-

241 1816 335 1879 risset
357 1817 563 1893 uludccovruc
587 1816 818 1897 accusativum,
843 1816 984 1899 sequitur
1006 1818 1042 1878 ut
1063 1814 1123 1878 hoc
1138 1816 1209 1898 ipso
1232 1817 1309 1900 quid
1331 1818 1388 1880 fiat

243 1930 429 2009 quaeratur,
453 1926 570 2010 quippe
585 1926 668 2009 quod
684 1947 779 2009 snpra
795 1926 965 1989 viderimus
981 1924 1050 1987 sine
1071 1926 1152 2004 tuci<
1171 1925 1236 1988 dici
1258 1948 1387 2009 prorsus

243 2058 309 2099 non
337 2036 487 2119 potuisse.
533 2037 640 2119 Atque
667 2036 721 2099 hic
748 2035 875 2119 quidem
902 2036 988 2098 riam
1010 2035 1154 2098 veritatis
1185 2036 1387 2119 apertissime

243 2150 333 2210 vetus
356 2146 529 2209 scholiasta
552 2149 726 2228 monstrat,
756 2168 821 2209 non
844 2147 870 2209 is
900 2146 954 2229 qui
978 2147 1178 2223 trinsiunt(
1202 2145 1385 2230 adscripsit,

243 2257 298 2320 sed
320 2256 416 2340 longe
439 2256 495 2319 illo
518 2245 550 2319 et
572 2256 789 2339 praestantior
812 2259 844 2319 et
865 2259 901 2319 ut
930 2257 1025 2319 facile
1054 2259 1189 2338 apparet
1212 2257 1384 2340 antiquior,

244 2366 331 2429 euius
359 2367 393 2428 in
422 2365 565 2429 Medioeo
594 2365 701 2429 codice
731 2366 892 2448 quantivis
928 2366 1023 2448 pretii
1051 2366 1148 2429 verba
1181 2364 1263 2430 haec
1297 2370 1386 2430 sunt:

245 2476 408 2554 ἐεθήμααν
437 2477 593 2555 ἐεθήματα
620 2476 768 2554 ἀναθή(ω
797 2478 862 2555 πρὸ
890 2481 957 2540 τῶν
986 2480 1075 2541 ναῶν
1103 2477 1142 2540 τὰ
1170 2477 1311 2556 λάφυρα.
1359 2475 1386 2540 Ε

244 2585 357 2668 quibus
378 2585 516 2668 primum
543 2585 603 2649 hoc
628 2585 842 2669 intellegitur,
872 2587 970 2649 talem
998 2585 1165 2669 interpreti
1194 2587 1387 2670 scripturam

187 2708 224 2757 vn
244 2698 320 2758 ante
343 2695 449 2758 oculos
477 2695 591 2777 fuisse,
622 2717 684 2778 qua
707 2717 773 2758 non
801 2694 841 2757 ad
863 2695 1033 2759 Thebanos
1055 2696 1237 2778 universos,
1268 2698 1325 2761 sed
1347 2697 1387 2762 ad

243 2804 337 2867 unius
365 2804 505 2869 Eteoclis
533 2827 703 2889 personam
731 2805 798 2868 voti
824 2805 984 2888 susceptio
1007 2806 1194 2870 referretur:
1229 2828 1308 2870 narn
1329 2830 1386 2891 pro

244 2917 329 2990 λέγω
358 2917 462 2993 θήεειν
492 2916 552 2979 etsi
575 2916 654 2979 satis
684 2915 846 2979 commode
873 2937 991 2998 ponere
1020 2917 1168 2994 ἀναθήεω
1182 2936 1185 2938 ’
1199 2918 1322 3000 potuit,
1354 2921 1387 2980 at

244 3047 301 3107 pro
330 3028 415 3101 λέγω
444 3028 523 3104 ἡμᾶς
551 3027 655 3104 θήεειν
683 3026 828 3107 profecto
857 3048 922 3088 non
949 3025 1054 3108 potuit
1081 3047 1147 3089 non
1176 3027 1386 3107 ἀναθήεομεν.

244 3135 312 3209 Quo
328 3135 452 3198 accedit
469 3136 551 3218 quod
573 3135 748 3220 singularis
770 3135 894 3198 numeri
917 3157 983 3198 non
1005 3135 1110 3198 minus
1133 3138 1245 3219 aperto
1267 3137 1386 3202 indicio

244 3246 397 3329 estquod
419 3245 621 3327 subsequitur
636 3247 743 3324 ετέψω
762 3245 909 3326 verbum,
934 3244 972 3308 de
996 3267 1057 3328 quo
1079 3267 1134 3308 suo
1157 3245 1228 3309 loco
1250 3246 1386 3311 dicetur.

244 3353 334 3418 Haec
360 3355 461 3439 igitur
487 3376 556 3417 earn
589 3356 654 3418 vim
688 3354 806 3418 habere
839 3355 1071 3438 intellegimus,
1109 3359 1145 3418 ut
1178 3355 1388 3440 Aeschyliam

244 3465 411 3528 verborum
447 3466 717 3528 constructionem
749 3486 815 3528 non
843 3464 939 3527 aliam
967 3465 1030 3528 nisi
1057 3465 1142 3528 hane
1170 3466 1271 3531 fuisse
1302 3489 1388 3532 cour-

244 3580 361 3658 guant:
386 3577 449 3651 ἐγὼ
472 3578 507 3640 δὲ
530 3577 615 3650 λέγω
638 3577 785 3654 μήλοιειν’
804 3575 960 3653 αἱμάεεων
984 3576 1084 3640 {triac
1106 3580 1192 3642 θεῶν
1215 3578 1324 3656 θήεειν
1338 3616 1388 3643 --;

244 3682 312 3747 Nec
334 3685 400 3748 fere
423 3686 494 3768 plus
516 3707 612 3768 quam
626 3687 720 3748 unius
743 3684 870 3748 litterae
885 3684 1095 3749 mutationem
1110 3686 1205 3749 nobis
1221 3689 1388 3771 sumimus,

217 3842 221 3852 .
245 3815 316 3856 curn
338 3816 356 3856 a
380 3800 492 3878 poetae
514 3818 613 3859 manu
634 3794 695 3858 hoc
718 3817 785 3858 esse
808 3797 987 3878 profectum
1011 3794 1201 3861 conicimus:
1223 3854 1225 3858 .

461 3960 602 4036 μήλοιειν
626 3957 822 4036 αἱμάεεων
845 3958 928 4021 τόθ’
950 3958 1050 4022 {triac
1074 3962 1158 4022 θεῶν
1272 4001 1278 4012 .

459 4069 564 4146 θήεειν
586 4092 642 4131 -ε

244 4236 326 4317 quod
342 4259 405 4300 nno
417 4235 553 4299 evanido
568 4236 766 4300 semicirculo
781 4237 827 4301 sic
839 4235 993 4319 scriptum
1009 4245 1395 4307 ΑΙΜΑ((οΝΤο(Ε(Τ1Α(

245 4366 315 4406 cunr
348 4347 508 4409 sententia
543 4352 680 4426 careret,
714 4347 810 4410 facile
842 4347 941 4410 videri
976 4348 1079 4446 potuit
1113 4347 1147 4410 iu
1176 4349 1396 4427 aludccovrut
