2904 4996
561 341 807 391 ETYMOLOGICI
830 340 1047 388 anonumum

618 616 988 692 Auctarium.

316 804 420 893 [Haeo
442 815 643 890 quae‘supra
664 804 771 890 posita
794 806 869 868 sunt
891 801 1044 868 bifariam
1065 802 1249 888 praefatus,
1275 805 1372 888 priore

231 917 394 1003 prooemio
410 915 495 979 edidi
510 915 586 981 olim
603 915 732 980 initium
747 914 841 979 lexioi
857 914 1034 980 litteramlt
1048 913 1260 999 complexum,
1277 920 1374 998 poste-

231 1027 314 1092 riore
337 1027 462 1091 litteras
487 1029 603 1092 ΒΓΔ.
639 1025 735 1091 Nunc
757 1027 864 1089 autem
886 1026 1039 1109 quoniam
1061 1046 1134 1109 nee,
1158 1029 1195 1091 ut
1209 1030 1290 1108 tum,
1314 1048 1375 1090 eru·

231 1137 356 1205 diendis
384 1137 631 1202 adulescentulis
660 1137 845 1219 scribimus,
876 1136 931 1200 sed
960 1136 1123 1202 communi
1144 1136 1218 1200 usui
1246 1137 1374 1201 erudito

231 1271 318 1327 rum,
344 1269 406 1313 neo
433 1248 554 1333 integri
581 1247 676 1312 lexici
705 1248 878 1312 editionem
904 1247 965 1313 hoo
988 1248 1224 1330 Opuseulorum
1253 1248 1305 1312 rel
1330 1268 1376 1312 vo

231 1361 340 1425 lumen
364 1360 452 1444 capit
479 1358 530 1423 vel
557 1359 741 1424 institutum
763 1359 901 1443 patitur,
930 1362 1055 1422 mutato
1084 1358 1220 1423 consilio
1247 1359 1295 1423 sie
1316 1380 1377 1423 esse

233 1470 395 1557 agendum
417 1469 611 1553 putavimus,
635 1473 671 1534 ut
693 1470 888 1553 principium
911 1469 1039 1554 quidem
1061 1469 1169 1552 lexioi,
1194 1469 1291 1553 quale
1314 1491 1379 1533 cum

232 1583 267 1645 in
291 1581 398 1645 codiee
422 1583 470 1644 est
492 1583 561 1645 tum
584 1579 819 1644 emendandum
846 1580 1030 1664 videbatur,
1064 1580 1231 1665 integrum
1261 1602 1378 1665 reprae-

233 1695 443 1774 sentaremus
468 1692 612 1755 subiecta
634 1691 728 1754 simul
751 1690 890 1754 fontium
912 1691 1002 1754 brevi
1024 1691 1286 1776 significatione,
1315 1691 1379 1755 reli·

234 1825 368 1888 quarum
392 1805 505 1866 'autem
535 1801 715 1887 glossarum
749 1803 863 1865 seriem
891 1823 1018 1866 omnem
1046 1802 1092 1865 ita
1120 1823 1379 1887 proponeremus,

233 1918 270 1979 ut
293 1936 309 1978 e
332 1914 468 1998 singulis
493 1914 641 1997 capitulis
665 1935 702 1977 ea
724 1934 975 1996 excerperemus,
998 1913 1033 1976 in
1054 1912 1170 1996 quibus
1193 1914 1381 1997 praecipuus

234 2047 309 2089 usus
337 2024 452 2089 talium
480 2024 635 2088 librorum
658 2025 810 2107 cernitur,
839 2023 871 2088 h.
896 2045 923 2087 e.
954 2024 1094 2087 excitata
1123 2045 1142 2087 a
1170 2025 1381 2110 grammatico

234 2140 378 2200 veterum
412 2135 604 2220 scriptorum
637 2134 839 2216 testimonia,
879 2156 938 2199 nec
971 2138 1097 2198 mutata
1132 2133 1236 2218 ipsius
1271 2135 1381 2201 codicis

236 2248 396 2330 scriptura
424 2245 630 2331 quantumvis
659 2267 754 2330 saepe
778 2245 909 2327 vitiosa,
938 2266 998 2310 nec
1026 2249 1153 2328 praeter
1184 2248 1209 2311 Α
1232 2247 1381 2323 litteram,

236 2380 298 2441 quo
322 2358 442 2422 chartis
465 2379 679 2441 parceremus„
702 2357 846 2421 fontibus
861 2356 1029 2421 indicatis,
1067 2355 1112 2419 Et
1133 2356 1170 2419 in
1191 2357 1381 2421 testimoniis

237 2468 365 2551 quidem
388 2469 580 2533 emendandi
602 2491 718 2552 operae
740 2468 863 2532 nullum
891 2469 1021 2532 omnino
1049 2467 1153 2531 locum
1178 2489 1250 2531 esse
1274 2468 1381 2532 debere

238 2601 295 2643 sua
316 2583 430 2662 sponte
452 2580 668 2664 intellegitur3
691 2579 894 2666 grammatici
917 2582 1024 2642 autern
1045 2578 1145 2663 ipsius
1168 2579 1280 2643 verbis
1304 2583 1382 2644 certo

238 2690 456 2754 emaculandis
474 2694 552 2754 tam
578 2696 763 2775 promptum
789 2691 973 2775 plerumque
996 2693 1209 2774 paratumque
1233 2713 1251 2755 e
1277 2691 1381 2755 ceteris

239 2800 473 2885 Etymologicis
496 2802 649 2865 auxilium
665 2804 793 2885 praesto
809 2805 868 2884 est,
892 2804 983 2864 utne
1000 2821 1038 2863 ex
1057 2799 1118 2864 hac
1140 2802 1274 2884 quidem
1297 2806 1381 2885 parte

237 2911 309 2996 plus
337 2911 386 2975 vel
415 2911 518 2976 laudis
545 2912 595 2976 vel
624 2912 724 2977 officii
752 2913 862 2978 critico
896 2912 1116 2975 subnaseatur.
1168 2911 1262 2997 Ergo
1292 2912 1382 2976 totius

237 3023 333 3088 lexici
355 3024 519 3105 tamquam
542 3024 577 3087 in
600 3023 738 3108 aliquem
761 3024 967 3106 conspectum
990 3021 1113 3086 redacti
1135 3021 1225 3088 hano
1248 3023 1383 3107 speciem

238 3138 270 3199 et
291 3134 379 3199 velut
400 3133 576 3220 imaginem
598 3135 718 3220 accipe.
1271 3130 1273 3133 ’

323 3428 343 3503 ἓ
368 3424 396 3487 1.
427 3425 633 3504 Ἀγαυροεε
659 3427 748 3506 παρὰ
769 3425 806 3490 τὸ
829 3424 895 3489 ἀπὸ
918 3427 972 3501 τῆ(
994 3428 1052 3503 γῆ(
1075 3423 1228 3503 atacem.
1259 3429 1280 3506 ἢ
1305 3425 1383 3505 παρὰ

237 3537 275 3600 τὸ
303 3536 384 3612 γαίω
412 3537 450 3601 τὸ
478 3540 617 3618 γαυριῶ,
647 3536 692 3601 ὡ(
719 3537 862 3614 Ὅμηρον
890 3533 1046 3613 καθέζετο
1076 3534 1179 3599 κύδεϊ
1203 3539 1325 3617 γαίων.
1366 3537 1382 3613 ἢ

238 3650 326 3725 παρὰ
349 3648 386 3714 τὸ
410 3647 488 3730 ἄγη,
521 3647 703 3725 δεημαίνει
731 3648 789 3724 τήν
811 3644 974 3725 ἔκπληξιν,
1003 3642 1067 3728 ἄγη
1089 3641 1125 3728 μ’
1150 3648 1238 3730 ἔχει,
1271 3648 1383 3728 ἄγηρο(

239 3761 289 3824 καὶ
311 3759 462 3838 ἄγαυροε.
491 3757 595 3823 οὕτω(
622 3757 823 3836 Ἡρωδιανὸς
851 3757 886 3821 ἐν
914 3764 959 3841 τῷ
988 3757 1060 3836 περὶ
1081 3761 1209 3824 παθῶν.
1238 3764 1333 3840 δηλοῖ
1353 3761 1383 3824 δὲ

238 3871 288 3934 καὶ
310 3870 368 3935 τὸν
391 3869 618 3950 ὑπερήφανον·
641 3864 748 3931 ὄσσαν
770 3862 933 3949 ἀγαύρου.

239 4060 442 4069 ..—-.-..--—-

308 4156 419 4212 Subieci
435 4156 522 4226 ipsius
541 4157 642 4212 codicis
662 4157 835 4226 scripturam.

308 4270 446 4336 Ἄγαυρο(
459 4269 535 4335 παρὰ
547 4270 581 4321 τὸ
599 4270 657 4322 ἀπὸ
675 4274 727 4336 τῆ(
744 4274 796 4336 γῆ(
809 4268 945 4335 uipereor·
964 4268 1072 4332 ἢπαρὰ
1089 4268 1123 4320 τὸ
1143 4268 1217 4325 sulm
1237 4271 1274 4323 τὸ
1292 4273 1384 4336 paupe

241 4389 280 4440 ὡ(
298 4389 415 4455 ὅμηρος·
441 4389 571 4443 καθέζετο
595 4355 677 4443 rutel
689 4355 726 4456 (ll
744 4390 768 4441 ά.
787 4392 870 4457 mrg.)
895 4389 984 4446 ςαίων
1003 4388 1104 4455 (γαίων
1122 4405 1158 4440 m.
1181 4393 1250 4455 sec.)
1276 4392 1294 4454 ἢ
1314 4391 1385 4455 παρὰ
