2924 4996
219 319 284 384 530
525 368 528 374 .
591 334 639 380 nu
661 331 790 380 comen
812 333 989 380 vacrunrrr

220 488 356 566 ιτρατόν
379 486 398 564 ἥ
420 507 455 551 τε
477 486 534 551 νὺξ
557 485 639 550 αἰτία
662 480 794 563 ἐγένετο
816 485 925 549 καὶτὸ
949 485 985 550 ἐν
1007 482 1107 567 οἰκείᾳ
1128 488 1169 566 γῇ
1197 483 1238 546 τὸ
1265 482 1372 547 πάθοι

222 597 332 662 αὐτοῖς
354 599 522 676 ευμβῆναι·
551 597 632 681 ῥᾷον
653 597 716 676 γὰρ
739 595 770 660 οἱ
792 595 971 676 φεύγοντες
994 594 1045 658 ἐπί
1066 594 1106 658 τὰ
1128 594 1270 673 εφέτερα
1292 593 1371 657 dtrb-

221 713 316 774 Zovro
344 707 388 771 δι’
416 706 580 785 ἐμπειρίαν
611 710 679 771 τῶν
711 707 834 771 τόπων.
891 703 955 769 Sua
983 703 1110 788 quidem
1137 705 1255 787 sponte
1288 724 1371 766 unus

221 819 353 901 quisque
376 815 574 900 cogitatione
596 815 701 879 addit:
729 822 871 896 quomis
892 821 1061 896 perecrina
1087 826 1182 877 terra.
1229 812 1300 888 Quo
1322 812 1371 875 fa-

222 926 314 991 cilius
343 948 380 989 eo
409 928 582 1010 augmento
611 947 754 990 caremus
782 925 865 1010 quod
893 924 958 988 illis
985 924 1020 988 iu
1042 929 1100 988 BP
1117 927 1150 987 et
1177 922 1329 1007 margine
1352 931 1374 985 0

222 1036 389 1101 adhaeret:
418 1039 437 1116 ἢ
466 1037 502 1102 οἱ
530 1038 747 1102 διώκοντει
774 1036 1073 1116 κατελάμβανον
1102 1036 1152 1099 δι’
1180 1033 1370 1112 ἀπειρίαν

221 1152 297 1213 τῶν
320 1148 533 1224 διεξόδων,
562 1146 621 1210 etsi
645 1145 847 1210 concedimus
874 1144 1014 1228 potuisse
1041 1145 1108 1207 tale
1129 1142 1283 1228 quiddam
1305 1165 1371 1206 non

222 1258 331 1340 inepte
360 1256 444 1320 addi.
490 1256 536 1319 At
565 1277 640 1320 vero
669 1256 779 1319 eadem
807 1259 943 1340 apparet
970 1254 1116 1337 Lapum
1146 1253 1282 1338 legisse,
1318 1254 1371 1336 qui

222 1367 270 1431 sic
291 1367 403 1430 vertit:
422 1370 552 1444 facilius
571 1374 649 1430 enen
666 1369 822 1445 fugientes
849 1371 893 1429 ad
910 1372 1041 1446 propria
1066 1369 1272 1429 servabantur
1290 1371 1371 1428 loco

223 1499 289 1542 rum
300 1483 423 1557 peritia
444 1482 744 1556 impediebantarqae
758 1476 853 1560 (legit
874 1475 974 1561 igitur
996 1477 1046 1540 καὶ
1066 1495 1125 1558 pro
1140 1477 1175 1559 ἢ)
1186 1496 1370 1554 persequen-

223 1598 267 1651 tes
288 1594 470 1651 transituum
492 1593 655 1666 imperitia.
701 1586 745 1649 Et
765 1590 875 1650 tamen
903 1585 983 1649 haec
1005 1606 1128 1669 quoque
1156 1583 1296 1647 rationis
1318 1605 1370 1647 ne·

224 1697 355 1761 cessitas
378 1700 410 1760 et
433 1696 563 1759 criticae
585 1696 775 1781 disciplinae
797 1696 950 1760 severitas
968 1695 1110 1778 postulat
1131 1698 1168 1758 ut
1190 1693 1262 1758 sine
1281 1716 1370 1758 mora

223 1808 321 1871 missa
342 1807 514 1871 faciamus:
542 1809 575 1870 et
597 1806 774 1890 postularet
795 1806 956 1890 profecto,
980 1805 1078 1869 etiam
1100 1804 1127 1868 si
1149 1826 1216 1868 non
1239 1804 1369 1868 habere

224 1940 294 1980 mus
316 1917 370 2000 qui
392 1917 491 1980 talem
513 1917 641 2000 quidem
667 1916 748 2001 Lepi
776 1917 818 1980 ab
840 1922 897 1981 AB
923 1916 1101 1979 dissensum
1130 1914 1297 1979 commode
1324 1914 1370 1977 in·

223 2029 488 2110 terpretarenrur:
521 2050 598 2090 nam
627 2027 666 2090 de
697 2028 793 2091 tertio
826 2026 932 2111 aliquo
962 2026 1070 2090 codice
1098 2025 1186 2109 paris
1215 2047 1289 2089 cum
1316 2029 1370 2088 ΑΒ

225 2136 443 2221 antiquitatis,
468 2137 622 2201 bonitatis
638 2140 744 2201 autem
768 2140 863 2220 atque
885 2135 1084 2220 integritatis
1107 2135 1206 2199 etiam
1229 2135 1370 2215 maioris,

224 2248 278 2331 qui
306 2247 387 2331 Lapi
416 2251 522 2311 aetate
551 2246 673 2310 Romae
701 2246 875 2329 exstiterit,
908 2246 1049 2329 prudens
1075 2267 1171 2309 nemo
1202 2245 1369 2330 cogitabit.

224 2357 294 2421 Nec
322 2379 397 2421 vero
424 2357 600 2441 probabili,
628 2361 665 2420 ut
690 2360 783 2440 puto,
816 2356 998 2421 coniectura
1026 2356 1239 2419 destituimur.
1288 2355 1371 2419 Nam

226 2489 297 2529 cum
325 2466 403 2530 duos
430 2467 491 2530 sibi
518 2470 646 2550 praesto
672 2467 771 2530 fuisse
800 2467 924 2531 codices
951 2466 986 2530 in
1014 2466 1141 2550 epilogo
1169 2465 1211 2529 ad
1237 2465 1371 2529 Paulum

225 2575 258 2639 ΙΙ
279 2575 469 2640 Pontificem
490 2576 670 2641 Romanum
692 2577 812 2661 scripto
834 2577 903 2661 ipsc
928 2576 1034 2660 Lapus
1056 2579 1204 2658 testetur,
1228 2597 1296 2639 non
1319 2575 1371 2638 du·

225 2685 365 2748 bitemus
386 2685 447 2750 hoc
470 2688 504 2750 in
527 2709 597 2751 eam
619 2690 745 2770 partem
767 2687 929 2770 accipere,
953 2689 990 2749 ut
1011 2687 1148 2749 alterum
1170 2685 1372 2769 usurpaverit

226 2796 392 2880 antiquum
415 2801 448 2860 et
475 2819 541 2861 non
568 2798 813 2881 interpolatum,
843 2818 937 2881 quem
967 2797 1152 2884 plerumque
1174 2801 1370 2880 sequeretur,

226 2907 361 2970 alterum
384 2906 424 2971 ad
447 2929 578 2970 manum
593 2907 741 2971 habuerit
762 2929 800 2972 ex
823 2907 1089 2991 interpolatorum
1110 2928 1247 2991 genere,
1272 2928 1372 2991 equo

225 3015 278 3080 hic
306 3017 373 3080 illic
400 3017 547 3100 inspecto
577 3021 701 3101 peteret
729 3004 842 3102 quibus
870 3018 1044 3081 auctiorem
1071 3017 1173 3080 altero
1195 3016 1372 3100 deprehen·

226 3126 324 3189 deret.
370 3125 457 3190 Hinc
484 3127 584 3211 igitur
611 3127 717 3190 facilis
746 3127 955 3210 existimatio,
985 3127 1012 3190 si
1040 3126 1153 3210 quibus
1179 3126 1281 3190 etiam
1303 3127 1373 3191 aliis

226 3236 379 3319 exemplis
406 3236 512 3320 Lapus
541 3258 612 3300 cum
639 3237 848 3301 deterioribus
878 3237 968 3301 libris
994 3237 1096 3300 faciat
1122 3240 1238 3300 contra
1267 3243 1298 3301 B
1324 3238 1372 3300 rel

226 3350 299 3408 AB:
322 3346 405 3430 quod
427 3368 514 3410 nunc
536 3348 615 3410 satis
637 3349 740 3410 habeo
763 3347 859 3411 verbo
874 3346 1083 3431 significasse.
1120 3346 1272 3410 Ceterum
1296 3347 1373 3411 illud

226 3456 301 3518 nolo
322 3459 446 3538 tacere,
474 3479 544 3520 meo
567 3478 678 3539 sensu,
708 3457 734 3519 si
764 3457 884 3541 aliquid
906 3457 1086 3521 addendum
1112 3456 1277 3520 videretur
1300 3457 1373 3521 Dio

178 3581 208 3628 ro
227 3565 333 3647 nysio',
362 3587 427 3628 uon
455 3588 493 3629 ea
515 3588 596 3651 quae
618 3568 792 3651 vulgantur
814 3589 886 3630 eum
907 3568 1085 3650 positurum
1111 3565 1227 3649 fuisse,
1263 3568 1320 3631 sed
1344 3572 1375 3630 et

226 3675 344 3737 rectius
373 3679 406 3737 et
433 3676 620 3739 concinnius
649 3676 694 3739 sic
721 3677 914 3740 locuturum:
943 3678 1025 3760 ῥᾷον
1052 3678 1114 3756 γὰρ
1137 3677 1168 3740 οἱ
1190 3678 1375 3756 φεύγοντι(

227 3785 278 3848 ἐπὶ
293 3786 332 3848 τὰ
347 3786 485 3866 ιφέτερα
499 3787 661 3853 ἐεώζοντο
677 3789 721 3851 δι’
736 3786 900 3865 ἐμπειρίαν
915 3791 981 3852 τῶν
997 3769 1119 3863 τόπων,
1142 3788 1162 3864 ἢ
1185 3790 1243 3850 δι’
1263 3787 1376 3852 ἀπει-

226 3895 315 3974 ρίαν
339 3896 374 3959 οἱ
398 3897 616 3961 διώκοντει
639 3897 945 3976 κατελάμβανον.
989 3895 1058 3958 Νοο
1086 3895 1173 3958 enim
1195 3896 1282 3958 ratio
1306 3919 1376 3980 pcr-

227 4004 362 4087 spicitur
385 4026 440 4066 cur
461 4005 586 4067 variata
607 4004 752 4068 oratione
774 4005 884 4068 alteris
907 4006 1060 4070 διεξόδων
1083 4004 1307 4089 potissimum,
1333 4007 1377 4068 al·

226 4114 304 4175 teris
327 4115 439 4179 τόπων
462 4115 528 4177 sive
552 4115 693 4198 cognitio
716 4116 782 4177 sive
804 4114 967 4199 ignoratio
988 4114 1159 4177 tribuatur.
