3014 5010
725 992 791 1098 ss.

182 1173 425 1266 corollarium
457 1172 709 1288 disputationis
740 1173 784 1265 le
816 1173 1038 1266 bibliothecis
1070 1175 1327 1269 Alexandrinis
1408 1274 1411 1279 ,

384 1324 499 1441 leque
530 1324 712 1418 Pisistrati
744 1325 840 1417 orris
872 1325 1125 1441 llonericiss)

719 1632 792 1708 §L

379 1746 432 1810 De
456 1749 629 1811 Crameri
653 1750 913 1832 grammatico
936 1748 1130 1812 Parisino.

272 1882 339 1945 Nec
366 1883 504 1945 scribere
532 1883 571 1945 de
600 1883 855 1946 Ptolemaeorum
888 1884 1090 1947 bibliothecis
1119 1885 1219 1968 (leque
1248 1886 1359 1949 Pisi-1

184 1992 280 2055 strati
313 1992 426 2055 studiis
455 1992 634 2056 Homericis
662 1997 738 2056 ante
771 1993 936 2057 biennium
965 1994 1229 2078 instituissemus,
1264 1996 1325 2058 nisi

184 2103 317 2165 fortunito
340 2102 431 2165 nobis
459 2102 579 2165 scholio
609 2102 664 2165 illo
687 2102 838 2166 Plautino
860 2104 983 2166 oblato:
1012 2104 1137 2167 fallitur
1159 2105 1245 2167 enim
1273 2106 1325 2188 qni

184 2213 349 2295 proposita
375 2213 415 2276 de
441 2212 551 2276 Museo
579 2213 798 2276 Alexandrino
832 2214 1017 2297 quaestione
1052 2214 1234 2277 academica
1269 2238 1326 2277 nos

185 2322 338 2385 inritatos
361 2321 456 2385 dixit:
479 2344 539 2386 nec
562 2323 596 2385 in
619 2324 664 2386 eis
687 2345 767 2407 qnae
790 2328 857 2386 tum
881 2324 1064 2407 scripsimus
1081 2324 1130 2387 vel
1154 2324 1325 2387 defenden-

185 2432 235 2494 ‹lis
250 2431 299 2494 vel
321 2432 518 2516 corrigendis
540 2434 710 2516 quicquam
732 2455 846 2517 operae
869 2457 955 2497 nunc
972 2456 1239 2517 consumeremus,
1263 2436 1325 2498 nisi

185 2542 219 2604 id
247 2564 266 2604 a
299 2542 390 2605 nobis
421 2542 622 2626 potissimum
656 2544 784 2627 exigere
817 2566 934 2607 novum
969 2545 1136 2608 inuentum
1167 2545 1326 2607 uideretur

184 2652 380 2715 simillimum
403 2653 511 2735 priori.
557 2652 646 2727 Quod
669 2653 755 2716 enim
777 2676 1016 2737 speraveramus
1047 2655 1116 2718 fore
1140 2659 1174 2718 ut
1196 2678 1213 2717 e
1235 2655 1326 2718 novis

184 2763 328 2825 fontibus
351 2763 421 2845 ipsa
448 2784 566 2846 graeca
590 2763 687 2826 uerba
710 2769 912 2847 eruerentur,
943 2787 1023 2847 quae
1046 2765 1080 2828 in
1103 2765 1239 2828 latinum
1262 2787 1324 2827 ser-

185 2893 313 2935 monem
352 2872 458 2958 Plauti
495 2873 653 2956 interpres
692 2875 917 2955 convertisset,
961 2875 992 2937 id
1031 2896 1068 2936 ex
1112 2879 1203 2957 parte
1241 2879 1325 2937 certe

186 2982 330 3046 euenisse
346 3005 410 3045 non
433 2983 502 3046 sine
526 2983 632 3066 aliqua
655 2983 780 3047 laetitia
796 3006 812 3047 e
829 2984 968 3068 vulgatis
985 2985 1167 3065 nuperrime
1184 2983 1325 3047 Crameri

185 3092 361 3155 Aneodctis
377 3091 610 3156 Parisiensibus
633 3093 856 3157 intelleximus.
895 3092 1018 3156 Horum
1034 3093 1120 3156 enim
1136 3092 1325 3156 volumine]

186 3202 272 3264 inter
298 3202 376 3283 alia,
405 3224 485 3285 quae
509 3203 607 3266 codex
630 3202 750 3286 Regius
771 3203 852 3269 2677
876 3203 1094 3286 suppeditavit
1121 3206 1193 3282 περὶ
1216 3224 1325 3284 κωμῳ·

185 3314 256 3377 δία(
278 3312 432 3395 inscripta
455 3316 549 3412 etl-‘ex
577 3316 668 3396 parte
692 3335 762 3376 cum
785 3313 926 3376 Platonii
948 3313 1145 3396 aliorumque
1168 3311 1325 3393 excerptis

188 3421 395 3505 Aristophani
417 3423 581 3504 praemitti
597 3424 699 3486 solitis
715 3445 872 3507 congrua,
897 3446 928 3506 p.
946 3424 965 3485 6
988 3423 1114 3506 prodita
1137 3423 1216 3486 haec
1238 3424 1323 3502 surrt,
1345 3403 1350 3412 ⁶

185 3554 267 3614 (puae
298 3554 360 3615 quo
394 3532 586 3596 commodius
616 3555 686 3596 cnm
717 3533 827 3596 latinis
858 3537 1136 3616 compararentur,
1172 3554 1242 3596 cum
1275 3533 1325 3595 his

186 3641 305 3705 eisdem
333 3643 367 3705 in
395 3642 524 3726 paginis
548 3644 794 3726 composuimus²
825 3638 1025 3726 paucissimis
1055 3642 1242 3727 quibusdam
1265 3665 1325 3706 nec

186 3752 256 3815 sine
278 3753 444 3816 notatione
467 3752 627 3816 correctis.

254 3988 278 4053 *l
298 3987 419 4056 [Editum
437 3989 550 4042 Bonnne
569 4007 593 4042 a.
613 3988 786 4044 CIOCCCXL
805 3989 987 4043 celebrandae
1005 3991 1155 4043 memoriae
1174 3989 1324 4075 immortali

185 4080 279 4134 Liberi
296 4080 413 4135 Batonis
432 4080 523 4135 Caroli
541 4082 577 4136 ab
595 4083 764 4147 Altenstein,
784 4083 812 4135 in
831 4100 918 4149 regno
937 4083 1081 4136 Bcrurssico
1100 4101 1190 4136 rernm
1210 4083 1245 4134 ad
1264 4083 1324 4135 reli-

183 4174 277 4242 gionis
296 4174 410 4238 cultum,
433 4175 636 4230 institutionem
654 4175 795 4245 publicam
813 4179 842 4229 et
865 4178 954 4230 artem
972 4176 1108 4230 medicam
1126 4175 1324 4245 pertinentium

182 4285 237 4337 per
258 4266 346 4319 XXIII
369 4284 504 4320 annorum
527 4268 648 4337 spatium
671 4269 769 4321 srummi
792 4269 929 4338 praesidis
948 4287 990 4346 ‘ac
1014 4269 1198 4323 moderatoris
1225 4270 1324 4324 libern-

182 4359 285 4416 lissimi
301 4360 516 4430 sapientissimi]
