2896 4996
243 384 306 448 608
443 366 446 374 ’
630 398 676 444 nu
699 396 769 444 ouo
793 397 837 443 ar
860 396 1002 444 emona.

243 553 339 636 vidit,
369 551 652 636 grammaticorum
678 551 872 614 testimoniis
906 549 1122 633 librorumque
1149 548 1311 613 indicibus
1340 572 1391 613 ac·

244 662 442 726 curatissime
470 662 669 746 consignatis
697 658 860 744 oppletum
887 661 1019 744 ipsoque
1048 659 1161 723 habitu
1186 660 1276 751 illius
1305 660 1389 723 modi

242 773 458 837 dubitationes
481 773 571 857 quasi
601 794 657 835 sua
685 775 799 854 sponte
822 770 996 835 recusans?
1039 772 1094 833 An
1121 770 1305 854 quicquam.
1322 771 1390 834 bre-

243 884 417 947 viatoribus
439 883 503 947 illis
525 880 745 969 grammaticis
767 881 877 966 magis·
896 903 989 946 curae
1009 881 1087 963 fuit,
1117 903 1214 964 quam
1236 881 1316 965 ipsis
1346 885 1389 944 te-

243 994 401 1058 stimoniis
432 994 519 1058 ocius
548 993 695 1076 resectis,
730 1014 790 1057 nec
819 1014 950 1056 numero
978 991 1033 1056 sed
1066 991 1191 1055 ambitu
1225 991 1390 1055 deminuto

243 1105 443 1190 singularum
469 1104 671 1168 notationum
697 1104 732 1167 in
760 1103 866 1166 habile
895 1103 1019 1167 scilicet
1046 1102 1271 1185 compendium
1307 1103 1388 1166 bona

242 1215 345 1280 lexica
368 1215 538 1299 redigere?
565 1253 607 1262 -
635 1213 713 1295 Sed,
743 1213 872 1297 inquit„
896 1236 951 1278 cur
978 1213 1017 1277 de
1045 1213 1235 1296 compendio
1265 1214 1387 1298 cogitas

242 1325 445 1409 grammatici
468 1325 600 1388 consilio
621 1324 732 1387 facto?
754 1323 865 1408 quidni
888 1323 926 1387 de
942 1324 1059 1406 elapsis
1074 1323 1280 1388 librariorum
1297 1324 1387 1407 culpa

242 1436 378 1520 singulis
400 1438 470 1499 tum
492 1435 710 1498 notationibus
738 1437 806 1498 tum
832 1434 1035 1498 notationum
1063 1434 1256 1518 particulis?
1301 1433 1386 1497 Haec

243 1546 328 1609 enim
355 1546 417 1609 duo
444 1567 509 1609 non
538 1545 740 1609 mediocriter
767 1544 893 1608 differre
920 1545 1031 1629 liquet.
1082 1545 1132 1608 Ac
1159 1545 1310 1608 mutilum
1336 1545 1384 1608 hic

242 1656 308 1720 illic
331 1657 418 1720 intra
439 1655 640 1740 singularum
661 1656 863 1720 notationum
885 1655 966 1719 fines
989 1654 1117 1720 Orionis
1140 1654 1280 1719 lexicum
1302 1654 1383 1719 nullo

242 1767 373 1851 negotio
399 1767 464 1830 iam
487 1765 629 1831 Sturzius
652 1767 788 1849 praelat.
813 1789 844 1850 p.
869 1765 915 1829 VI
938 1766 991 1828 m*
1019 1769 1050 1829 et
1072 1764 1252 1830 Larcherus
1280 1766 1381 1850 depre-

242 1876 437 1941 henderunt:
466 1900 528 1961 quo
555 1877 682 1961 quidem
710 1878 897 1941 lacunarum
918 1898 1037 1961 genere
1065 1877 1297 1961 propemodum
1319 1875 1382 1940 nul·

242 1987 291 2050 lus
319 1991 369 2051 est
395 1987 519 2071 antiqui
549 1987 713 2070 scriptoris
745 1987 829 2050 liber
857 1987 911 2070 qui
941 2008 1070 2070 prorsus
1102 2010 1223 2051 vacuus
1256 1987 1298 2051 ad
1329 2007 1380 2050 nos

242 2098 439 2181 pervenerit:
468 2098 539 2161 vide
567 2120 598 2181 p.
622 2099 642 2161 3
666 2098 773 2161 adnot.
805 2097 853 2160 16.
878 2099 907 2179 l,
931 2098 982 2162 65.
1007 2097 1064 2179 23,
1088 2098 1141 2161 41.
1165 2099 1225 2180 25,
1250 2098 1302 2161 64.
1332 2099 1378 2178 31,

230 2189 1379 2291 mmmummmmmummmnm

241 2319 337 2382 libus
352 2322 462 2383 tamen
492 2320 620 2382 modum
647 2317 839 2402 aliquotiens
869 2316 1060 2381 Larcherum
1083 2318 1258 2381 excessisse
1292 2317 1379 2381 facile

241 2429 422 2513 intellegas.
468 2429 512 2492 Et
534 2432 655 2492 certam
677 2429 711 2492 in
739 2427 800 2491 hac
829 2449 941 2491 caussa
969 2428 1034 2493 vim
1062 2428 1140 2492 illud
1169 2428 1268 2491 habet
1293 2426 1377 2512 quod,

243 2560 343 2621 equo
365 2536 446 2604 libro
470 2538 607 2623 (Regiae
635 2538 849 2603 bibliothecae
877 2538 975 2623 2653)
1003 2538 1235 2629 transcriptum
1259 2537 1377 2603 Orionis

241 2648 377 2712 lexicum
399 2648 568 2731 habemus,
599 2650 626 2712 is
650 2653 682 2712 et
709 2649 947 2713 recentissimus
970 2653 1019 2713 est
1045 2654 1077 2713 et
1098 2649 1376 2733 neglegentissime

242 2763 406 2823 exaratus:
429 2761 531 2843 quode
553 2781 619 2822 non
641 2781 705 2823 uno
727 2760 796 2823 loco
819 2758 948 2824 Bastius
972 2760 1114 2843 queritur
1136 2759 1172 2822 in
1195 2759 1376 2844 Gregorium

191 2868 325 2952 15001,
350 2872 385 2933 ut
400 2893 431 2953 p.
451 2871 520 2933 161.
537 2870 610 2934 289.
634 2870 707 2935 584.
733 2870 804 2934 713.
843 2869 924 2934 Item
945 2892 1043 2933 unam
1064 2874 1159 2954 atque
1183 2870 1317 2934 alteram
1336 2868 1375 2932 in·

241 2979 405 3043 tercidisse
427 2980 588 3065 integram
611 2981 825 3063 notationem,
849 2980 981 3044 minime
1003 3002 1176 3065 gravamur
1199 2979 1373 3045 concedere.

240 3088 339 3153 Velut
360 3090 394 3153 in
416 3091 523 3175 Etym.
548 3091 592 3154 M.
617 3114 648 3174 p.
671 3091 712 3155 57
736 3113 808 3154 cum
830 3090 1000 3174 dupliciter
1021 3091 1169 3155 tradatur
1199 3091 1238 3154 de
1261 3090 1373 3174 origine

240 3199 376 3265 dtucroc
405 3202 506 3283 vocis,
542 3203 590 3265 bis
624 3201 728 3285 posito
757 3201 873 3281 Ὠρίων
900 3201 1030 3265 nomine
1057 3224 1087 3264 1.
1111 3202 1153 3266 45
1181 3205 1214 3265 et
1235 3202 1293 3283 51,
1321 3197 1372 3262 etsi

240 3310 337 3374 semel
365 3311 595 3375 restituendum
622 3312 721 3393 Ὠρο(
748 3314 843 3395 puto,
873 3312 1028 3376 alterutra
1055 3315 1165 3375 tamen
1194 3311 1315 3375 notatio
1338 3328 1369 3370 ex

240 3420 309 3503 ipso
337 3421 464 3485 Orionis
493 3421 595 3486 lexico
623 3421 760 3485 fluxerit.
811 3421 931 3486 Verum
960 3422 1045 3486 enim
1079 3445 1154 3486 vero
1187 3422 1257 3506 quis
1289 3422 1368 3484 tanta

239 3529 282 3593 sit
304 3531 338 3592 in
360 3530 420 3594 hoc
449 3552 566 3615 genere
595 3531 804 3615 liberalitate,
834 3536 870 3595 ut
898 3533 1050 3597 continuo
1079 3532 1190 3595 credat
1218 3530 1367 3615 quadra·

239 3640 370 3723 ginta,
403 3663 481 3724 quas
504 3646 524 3721 ξ
549 3644 586 3704 11
610 3643 882 3725 enumeravimus,
911 3665 968 3725 per
990 3642 1194 3706 librariorum
1216 3642 1281 3706 sive
1301 3637 1365 3703 osci·

238 3749 376 3813 tantiam
399 3751 464 3814 sive
486 3750 637 3814 inertiam
660 3774 728 3817 esse
750 3753 955 3835 111111112-
970 3754 1016 3816 At
1038 3754 1139 3816 multo
1162 3754 1260 3818 etiam
1280 3750 1365 3815 maior

238 3859 273 3920 in
289 3859 398 3922 eodem
413 3881 532 3945 genere
553 3862 673 3925 desidia
687 3862 750 3926 fuit
766 3862 909 3928 Zonarae
924 3863 1144 3946 librariorum,
1168 3864 1207 3928 de
1229 3863 1362 3928 cuiusce

238 3967 361 4032 dicibus
376 3969 581 4035 Tittmannus
598 3973 743 4055 exposuit
757 3975 858 4057 praef.
876 3997 895 4037 a
909 3997 942 4058 p.
959 3973 1037 4037 XIX
1053 3974 1093 4038 ad
1108 3973 1214 4038 XXII.
1230 4011 1270 4027 -
1284 3969 1360 4034 aristo

238 4077 318 4161 alia,
349 4101 405 4142 cur
431 4079 544 4165 dispar
573 4082 686 4146 harum
713 4105 820 4147 rerum
846 4084 929 4147 ratio
957 4083 1120 4148 videatur:
1153 4106 1251 4149 unum
1276 4075 1357 4144 adicio

237 4189 379 4251 omnium
402 4190 704 4276 luculentissimum,
733 4216 794 4277 quo
823 4195 871 4258 uti
892 4195 957 4259 iam
980 4217 1077 4278 supra
1099 4199 1245 4279 poteram
1270 4190 1304 4256 ad
1322 4183 1354 4246 di·
1425 4207 1427 4259 i

237 4298 386 4362 luendam
409 4299 642 4385 lecerptorum
665 4304 900 4369 auctoritatem.
946 4305 1077 4369 Etenim
1100 4306 1154 4388 qui
1177 4305 1298 4369 tandem
1316 4314 1353 4357 ex·

235 4408 337 4491 plices
372 4409 472 4493 quod,
508 4434 589 4496 quae
622 4413 662 4477 ad
692 4413 844 4480 Orionem
878 4437 950 4480 cum
983 4417 1019 4480 in
1047 4415 1218 4500 Excerptis
1244 4402 1351 4476 sumu
1419 4445 1421 4460 ι
