2948 4996
355 306 392 352 ιν
415 305 550 353 sarran
573 306 655 353 sov,
678 306 814 354 rannus
836 288 1026 355 aaa—261.
1203 293 1266 357 375

124 456 290 522 commode
313 461 346 521 et
368 457 525 522 concinne
548 460 673 540 coeunt,
696 462 733 522 ut
755 481 795 522 ne
812 480 905 542 posse
921 460 1047 543 quidem
1063 461 1161 524 alium
1184 446 1265 525 ordi-

122 590 200 633 nem
219 568 301 632 inire
323 568 506 632 videantur:

232 731 363 830 θήςειν
384 734 553 810 τροπαῖα
575 731 696 796 δαΐων
719 720 923 809 ἐςθήματα,

232 841 385 921 ςτέφων
408 842 566 922 λάφυρα
588 842 824 921 δουρὶπηχθ’
847 841 987 920 ἁγνοῖς
1010 843 1156 921 δόμοις.

123 1010 301 1094 Postquam
325 1010 411 1074 enim
433 1010 615 1094 generalius
637 1009 716 1073 illud
732 1010 812 1074 dixit
829 1015 968 1091 τροπαῖα
983 1013 1085 1078 δαῖιυν
1101 1013 1267 1091 ἐςθήματα,

123 1120 190 1184 iam
219 1120 326 1203 quiid
353 1120 558 1184 instituturus
591 1120 634 1184 sit
662 1123 697 1183 ut
725 1120 846 1184 indices
876 1121 975 1185 cladis
1003 1124 1107 1186 vestes
1134 1121 1267 1186 hostiles

124 1229 274 1311 evadant,
298 1230 478 1294 accuratius
501 1230 652 1313 explicat:
688 1231 802 1293 ‘hastis
830 1253 884 1294 eas
906 1230 1006 1295 sacris
1028 1231 1173 1295 domibus
1195 1234 1264 1296 affi-

122 1361 205 1424 gens
227 1341 354 1423 spolia'
392 1339 482 1404 Haec
505 1344 612 1403 autem
627 1339 800 1423 Aeschylia
823 1341 996 1424 quomodo
1018 1341 1052 1405 in
1076 1363 1148 1405 eum
1170 1364 1263 1425 quem

123 1450 248 1514 codices
285 1450 437 1514 exhibent
472 1454 628 1514 tumorem
669 1451 843 1534 creverint,
882 1452 992 1515 licebit
1027 1455 1095 1515 tam
1132 1453 1263 1535 planum

93 1561 231 1625 -facere
243 1611 251 1644 ,
285 1561 366 1625 nihil
398 1565 435 1626 ut
456 1560 496 1624 ad
519 1561 801 1625 demonstrationis
833 1562 1055 1645 integritatem
1089 1562 1263 1627 desiderari

122 1671 279 1735 videatiu.
324 1671 453 1735 Etenim
480 1692 497 1735 e
520 1670 680 1734 communi
706 1671 796 1734 fonte
824 1673 938 1736 turbae
961 1692 1070 1751 omnes
1092 1673 1154 1736 hoc
1175 1695 1263 1756 repe-

122 1781 240 1844 tendae
262 1785 346 1864 simt,
371 1782 453 1866 quod
476 1785 508 1844 et
530 1781 628 1864 priori
643 1782 749 1845 versui
764 1782 815 1845 vel
837 1782 942 1865 potius
957 1782 1082 1865 utrique
1106 1787 1138 1846 et
1159 1787 1263 1866 poste-

122 1891 200 1954 riori
222 1891 342 1974 aliquid
357 1891 579 1975 explicationis
603 1891 798 1975 adscriptum
821 1896 900 1974 erat,
924 1914 1056 1976 quorum
1075 1892 1154 1956 illud
1169 1916 1262 1977 quae·

121 2001 198 2063 dam
220 2001 268 2064 sui
291 2001 427 2086 vestigia
455 2002 551 2065 ctiam
574 2024 660 2065 nunc
683 2002 811 2086 reliquit
840 2004 872 2066 iu
901 2003 1014 2066 laceris
1043 2003 1263 2088 truncatisque

121 2110 253 2174 scholiis
275 2111 348 2175 libri
363 2112 509 2194 Medica,
534 2111 669 2175 alterum
692 2134 820 2195 prorsus
843 2112 1016 2176 intercidit.
1063 2112 1149 2187 Quae
1171 2117 1262 2197 potu-

121 2224 218 2284 erunt
244 2222 330 2285 velut
355 2221 435 2286 talia
462 2243 545 2285 esse:
583 2223 748 2302 ἀναθήςω
776 2224 850 2301 πρὸ
884 2229 950 2287 τῶν
983 2228 1090 2289 ναῶν
1123 2225 1163 2288 τὰ
1196 2228 1261 2289 τῶν

121 2333 326 2410 πολεμίων
354 2333 545 2411 ἐςθήματα
573 2334 673 2411 ἤγουν
704 2334 743 2396 τὰ
766 2334 940 2413 λάφυρα,
980 2336 1012 2402 et
1034 2336 1163 2413 ςτέψω
1186 2336 1261 2400 τοὺς

121 2444 223 2507 ναούς
245 2444 402 2524 λαφύροις
424 2444 525 2521 ἤγουν
552 2447 620 2507 τοῖς
647 2448 714 2507 τῶν
738 2444 942 2520 πολεμίων
966 2445 1192 2522 ἐςθήμαςιν;
1226 2444 1261 2507 in

120 2551 236 2636 quibus
259 2552 297 2616 ad
327 2553 477 2616 amussim
509 2552 692 2616 numerabis
725 2556 880 2636 quotquot
912 2554 1066 2617 vocabula
1098 2554 1133 2617 in
1164 2554 1261 2617 trium

120 2662 347 2727 versiculorum
376 2663 514 2745 speciem
543 2662 682 2726 conflata
710 2662 871 2726 Mediceus
905 2663 1002 2726 codex
1036 2664 1186 2746 praebet,
1221 2687 1262 2727 ne
1370 2653 1372 2656 ¹

119 2774 285 2851 ἐςθήμαςιν
308 2773 433 2856 quidem
455 2772 563 2835 dativo
586 2776 729 2855 excepto,
754 2794 848 2856 quem
863 2773 916 2856 qui
933 2772 1097 2856 expediret
1112 2773 1162 2836 vel
1178 2773 1261 2836 unde

120 2885 236 2946 natum
258 2882 378 2946 diceret
399 2904 493 2945 nemo
516 2883 697 2946 criticomm
720 2882 841 2946 habuit.
887 2882 955 2946 Nec
983 2882 1126 2964 profecto
1150 2904 1262 2946 caussa

120 2992 220 3074 latet,
251 3015 306 3057 cur
328 2994 454 3056 illarum
477 2993 612 3056 alteram
634 2992 880 3076 explicationem
903 2993 1060 3075 interpres
1083 2991 1261 3054 addendam

119 3103 253 3185 putarit.
299 3103 383 3166 Nam
406 3125 477 3166 cum
491 3104 608 3166 usitate
624 3123 701 3166 sane
724 3125 790 3166 non
814 3105 978 3182 ςτέφεςθαι
1001 3103 1131 3183 λάφυρα
1153 3100 1261 3165 dican·

118 3216 185 3293 tur,
209 3213 264 3275 sed
285 3235 336 3277 res
352 3213 521 3296 quaepiam
536 3215 702 3294 ςτέφεςθαι
723 3215 893 3293 λαφύροις,
915 3216 950 3275 ut
972 3212 1006 3274 in
1022 3211 1134 3275 eadem
1150 3233 1261 3275 caussa

120 3322 236 3388 ὅπλοις
259 3324 382 3388 ςκύλοις
409 3345 443 3387 τε
466 3324 604 3403 Φρυγῶν
627 3324 864 3403 δοριθηράτοις,
894 3323 972 3387 οἷςιν
996 3323 1165 3401 Ἀχιλλέως
1187 3325 1262 3386 παῖς

120 3433 267 3497 Φθιώτας
297 3435 404 3512 ςτέψει
427 3435 527 3498 ναούς
555 3434 640 3516 apud
663 3432 849 3516 Euripidem
876 3435 924 3496 est
946 3431 1106 3494 Troadum
1133 3454 1162 3497 v.
1186 3432 1260 3513 576,

117 3543 200 3606 item
222 3542 306 3625 apud
328 3543 407 3607 alios
421 3547 533 3627 poetas
548 3544 669 3623 τύμβον
686 3547 806 3622 λοιβαῖς
822 3543 871 3606 καὶ
886 3544 1018 3620 χλιδαῖς,
1040 3543 1135 3606 νέκυν
1159 3545 1260 3621 χοαῖς,

116 3653 246 3730 πάτραν
274 3654 402 3732 ἐνάροις
434 3656 559 3734 ςτέφειν
593 3653 719 3736 aliaque
754 3674 820 3716 nou
852 3673 952 3735 parvo
978 3672 1110 3715 numero
1132 3651 1258 3735 parilia,

114 3783 188 3826 non
210 3762 367 3826 inutiliter
389 3763 429 3826 ad
450 3761 535 3826 idern
556 3784 658 3846 genus
681 3763 823 3825 revocari
851 3762 954 3825 visum
988 3764 1036 3825 est
1058 3760 1140 3844 quod
1163 3762 1260 3845 longe

115 3872 242 3936 rariore
263 3895 323 3936 usu
345 3872 522 3956 Aeschylus
544 3872 650 3956 posuit
672 3873 799 3952 ςτέφων
823 3874 954 3954 λάφυρα
976 3871 1113 3954 ‘stipans
1128 3870 1259 3953 spolia’:

116 3982 210 4047 cuius
231 4003 307 4045 usus
328 4005 415 4046 nunc
437 4004 503 4046 non
525 3982 611 4046 aliud
633 3983 812 4065 exemplum
833 3982 867 4044 iu
890 3984 1042 4065 promptu
1063 3983 1111 4043 est
1133 3983 1261 4062 praeter

113 4091 199 4157 illud
220 4091 257 4155 in
278 4089 340 4156 hac
360 4092 471 4156 fabula
492 4115 521 4155 ν.
546 4092 601 4155 49ε
629 4092 763 4171 μνημεῖά
785 4094 817 4156 θ’
839 4093 947 4156 αὐτῶν
969 4095 1036 4156 τοῖς
1059 4095 1202 4157 τεκούςιν
1225 4089 1260 4157 ἐς

110 4203 239 4282 δόμους
261 4203 343 4281 πρὸς
365 4202 440 4283 ἅρμ’
463 4202 633 4283 Ἀδρύςτου
655 4204 759 4281 χερςὶν
782 4202 927 4281 ἔςτεφον.

587 4377 779 4389 ..m———q
