2948 4996
230 291 294 361 434
664 304 709 357 ns
733 304 934 358 1011110010

231 465 366 529 eundem
392 464 482 528 illum
510 464 699 548 olympiadis
728 463 816 528 XCV
844 486 964 528 annum
991 465 1144 548 primum,
1180 469 1266 530 certe
1294 474 1378 552 01110

230 574 479 658 Thsrgelionem
505 596 663 656 mensem,
691 573 780 636 facta
808 573 850 636 sit
878 577 1019 656 oportet:
1058 575 1099 638 cf.
1130 575 1258 640 Corsini
1284 578 1367 644 Fast.

231 684 301 747 Att.
329 683 378 747 Ill
406 706 438 766 p.
462 684 503 747 46
532 706 600 768 sqq.
631 683 694 746 320
722 685 801 766 sq.):
845 683 1049 766 consequitur
1083 685 1169 747 vita
1205 688 1369 752 cessisse

231 793 479 877 Agathonem
502 816 569 857 non
590 792 690 855 multo
714 795 789 854 ante
805 792 957 855 Archelai
974 796 1120 875 mortem,
1145 795 1370 880 olympiade

231 902 352 967 XCIV
381 904 464 966 fere
493 906 676 984 exeunte,
715 923 840 964 annos
869 906 1004 965 nutum
1032 903 1196 968 circiter
1224 912 1371 994 sqrtem

231 1017 268 1076 et
295 1013 576 1097 quadraginta.
626 1012 678 1074 Ad
706 1010 791 1074 hanc
819 1010 905 1074 enim
932 1011 1074 1075 inde-ab
1102 1013 1294 1098 olympiadis
1322 1019 1369 1080 vel

228 1121 318 1187 XCII
340 1124 404 1185 fine
424 1122 474 1185 vel
490 1120 596 1185 xussl
618 1121 712 1184 initio
735 1121 897 1184 commode
920 1122 960 1184 ab
977 1122 1171 1204 Apollodoro
1193 1125 1244 1188 vel
1265 1127 1369 1209 potins

229 1232 364 1295 Platone
392 1231 540 1294 dicuntur
568 1231 662 1294 multi
688 1231 906 1295 intercessisse
942 1231 1037 1314 anni,
1068 1253 1106 1295 ex
1135 1256 1197 1316 quo
1226 1235 1371 1299 Athenas

230 1342 361 1426 Agatho
384 1341 557 1425 reliquerit.
588 1341 707 1416 Quodsi
728 1341 850 1424 pariter
871 1340 960 1404 brevi
983 1343 1058 1404 unte
1074 1341 1217 1407 Socratis
1240 1351 1373 1410 1110110111

230 1450 350 1535 spatio,
382 1452 466 1515 circa
489 1451 586 1514 finem
608 1450 797 1535 olympiadis
820 1450 939 1533 XCIV,
968 1451 1090 1514 factam
1117 1475 1185 1517 esse
1210 1476 1373 1519 censemus

231 1561 369 1643 priorem
402 1561 588 1644 Apollodori
621 1561 855 1642 narrationem,
894 1582 953 1623 nec
987 1563 1096 1624 tamen
1131 1567 1206 1645 post
1238 1571 1373 1629 mortem

232 1671 424 1755 AgathoniS,
442 1671 618 1734 rectissime
634 1674 666 1734 01
682 1671 803 1735 Glauco
819 1671 923 1752 potuit
939 1670 1022 1753 apud
1038 1670 1209 1735 Platonem
1224 1696 1256 1755 p.
1274 1677 1334 1739 1Ῑ3
1346 1685 1371 1738 A

230 1781 309 1843 satis
331 1781 467 1844 multum
492 1781 746 1866 praeterlapsurn
774 1802 842 1842 esse
863 1780 1016 1862 temporis
1042 1782 1236 1863 respondere
1258 1784 1374 1866 (πάνυ,

231 1892 305 1971 ἔφη,
328 1891 391 1969 ἄρα
413 1894 521 1970 πάλαι,
544 1893 589 1957 ὡ(
612 1893 729 1971 ἔοικεν)
751 1889 825 1953 inde
849 1912 868 1951 a
890 1889 992 1972 primo
1016 1891 1201 1974 Agathonis
1224 1895 1372 1957 scaenico

232 2002 422 2083 certamine,
452 2002 534 2085 quod
561 2003 624 2065 fuit
651 2002 768 2084 olymp.
798 1998 870 2082 th,
894 2001 930 2082 4,
960 2004 992 2062 et
1020 2000 1236 2082 Apollodorus
1266 2003 1375 2066 eodem

230 2111 291 2174 hoc
313 2106 460 2194 1011111010ι
478 2134 611 2195 puerum
630 2134 663 2174 00
684 2112 781 2173 fuisse
796 2110 900 2172 dicere
916 2109 1045 2192 ibidem,
1069 2110 1188 2194 quippe
1212 2113 1266 2195 qui
1291 2113 1376 2176 intra

231 2221 369 2284 sedecim
396 2243 553 2285 annorum
580 2223 719 2304 spatium
747 2220 890 2303 profecto
919 2220 1058 2302 potuerit
1080 2241 1099 2281 a
1122 2221 1239 2302 puerili
1271 2226 1376 2285 aetate

231 2331 271 2393 ad
295 2331 545 2394 adulescentiam
567 2331 709 2414 provehi.

314 2441 429 2504 Restat
463 2445 499 2504 ut
529 2440 726 2504 Aristidis
758 2440 898 2503 convitia
930 2441 965 2502 in
992 2438 1152 2523 Symposii
1185 2441 1375 2524 scriptorem

230 2550 315 2615 iacta
348 2556 479 2634 propter
507 2551 713 2636 Agathonem
746 2573 809 2613 uno
842 2551 938 2613 verbo
973 2571 1268 2614 commemoremus.
1319 2552 1375 2615 Ille

231 2661 316 2725 enim
338 2663 399 2724 vol.
424 2661 473 2724 Ill
495 2685 526 2744 p.
550 2662 613 2725 475
636 2661 684 2724 ed.
709 2660 802 2725 Cant.
827 2660 874 2744 (II
896 2683 927 2743 p.
944 2660 1006 2723 286
1022 2683 1069 2743 sq.
1086 2661 1193 2746 Iebb.)
1217 2663 1375 2725 cumulis

230 2773 331 2835 multa
354 2773 524 2855 exprobrat
547 2771 676 2835 Platoni
706 2771 744 2833 de
772 2792 890 2855 genere
914 2771 1155 2855 chronologico,
1187 2793 1271 2854 quae
1294 2772 1373 2836 refu-

228 2885 297 2945 tare
326 2886 358 2944 et
386 2882 517 2966 longrmr
545 2885 593 2944 est
621 2885 653 2944 et
681 2881 734 2944 vix
762 2901 876 2963 operae
909 2881 1061 2965 pretium:
1100 2881 1235 2965 (quippe
1268 2883 1374 2945 omnia

229 3014 334 3055 errore
362 2994 509 3055 nitrmtur
531 2991 625 3073 hoec,
655 2991 738 3074 quod
766 2991 909 3072 sophista
931 2995 1111 3073 temporum
1133 2991 1373 3057 discriminibus

230 3101 389 3185 Symposii
411 3103 570 3166 Platonici
592 3102 724 3164 minime
746 3101 922 3183 perspectis
949 3100 1132 3164 incredibili
1159 3104 1372 3184 perversitate

230 3214 271 3275 ab
293 3213 563 3276 Mantinecnsimn
586 3217 745 3294 διοικιεμῷ
768 3211 823 3274 1110
847 3234 877 3294 p.
901 3211 959 3275 193
983 3217 1008 3272 A
1031 3217 1283 3276 commemorato
1306 3235 1374 3297 pro

230 3323 333 3386 fectus
357 3327 463 3387 cetera
485 3324 607 3407 omnia,
636 3344 717 3407 quae
741 3325 816 3384 ante
839 3322 879 3384 ol.
905 3320 1043 3386 XCVIII
1064 3321 1154 3384 facta
1177 3327 1273 3406 011111,
1311 3339 1373 3387 tnr-

179 3453 212 3502 00
230 3434 360 3516 pissima
382 3434 534 3516 temporis
556 3432 773 3516 discrepantia
795 3432 941 3494 laborare
964 3435 1105 3515 nugatur
1113 3432 1135 3516 z)
1164 3434 1237 3494 tum
1260 3457 1292 3517 p.
1316 3435 1376 3497 286

229 3549 308 3607 extr.
332 3545 429 3608 verba
452 3544 531 3607 haec
553 3544 673 3627 posuit:
708 3544 743 3608 ἐν
772 3544 834 3623 γὰρ
855 3548 901 3625 τῷ
925 3542 1085 3625 consocior
1110 3543 1242 3617 (υνάγει
1267 3548 1324 3622 μὲν
1346 3545 1378 3607 ἐ(

229 3655 326 3719 ταύτὸ
350 3656 560 3736 Ἀριετοφάνη
588 3656 637 3719 καὶ
660 3655 809 3734 (ωκράτη
839 3655 889 3717 καὶ
918 3654 1132 3728 Ἀγάθωνα,
1163 3652 1222 3715 ἔτι
1248 3656 1378 3733 μειρά-

229 3785 316 3829 κιον
339 3765 450 3842 ὄντα,
476 3766 520 3829 ὥ(
543 3786 625 3845 φηςι.
670 3764 780 3827 Aede
802 3763 971 3846 postremis
994 3761 1174 3845 sophistam
1196 3763 1273 3826 falli
1298 3765 1379 3827 arhi-

229 3878 311 3938 eor:
346 3877 435 3941 veo(
459 3875 546 3937 enim
560 3851 699 3958 'Agatho
723 3897 742 3936 1
764 3873 899 3937 Platone
923 3873 1039 3936 dieitur
1061 3894 1092 3953 p.
1120 3872 1182 3935 113
1206 3879 1253 3956 r,
1286 3880 1381 3958 atque

230 4007 260 4067 p.
280 3985 340 4049 193
356 3991 383 4047 A
405 3986 619 4051 veuvicroc.
650 3983 737 4057 (luae
753 3983 927 4067 appellatio
951 4003 1017 4045 non
1038 3982 1144 4044 minus
1169 4005 1272 4065 (pram
1297 3985 1381 4047 ndu-

231 4095 421 4158 lescentis
450 4117 567 4158 nomen
596 4095 788 4158 conveniens
816 4098 865 4156 est
893 4094 927 4156 in
955 4096 1084 4175 poetam
1113 4113 1219 4154 annos
1253 4096 1383 4158 circiter

229 4206 366 4287 triginta
382 4211 507 4270 natum:
531 4207 566 4269 in
583 4228 645 4288 qua
667 4206 794 4289 quidem
817 4208 923 4267 aetate
947 4207 1139 4270 constitutus
1165 4203 1229 4266 fuit
1247 4208 1382 4290 Agatho

229 4337 266 4378 00
288 4320 446 4399 tempore,
476 4340 538 4401 qno
566 4322 696 4401 propter
724 4318 891 4381 victoriam
919 4318 1024 4400 prima
1047 4315 1217 4402 tragoedia
1242 4319 1382 4383 relatum
