2896 4996
341 387 345 393 .
466 341 513 387 ou
537 340 606 387 οιιο
629 340 674 386 ar
697 336 838 385 omouu.
1160 317 1223 381 643

82 493 165 576 ὅπερ
196 495 271 561 εἴτιε
299 496 469 574 Ἑλληνιετὶ
497 495 648 574 βούλοιτο
677 493 828 574 φράζειν,
860 490 918 556 ούκ
945 491 991 555 ἂν
1019 489 1127 554 ἄλλωε
1155 490 1224 568 ἔχοι

80 610 168 673 λέξαι
190 609 276 686 πλὴν
299 605 439 685 καρδίαν.
475 604 603 669 Ἀπίων.
629 604 733 668 οὕτω(
761 602 883 684 Ὦροε.
928 599 1069 676 Quorum
1091 601 1224 684 longum

80 722 130 781 est
158 736 316 800 exponere
344 715 500 779 rationes:
537 736 616 799 quas
651 735 668 777 e
696 713 871 778 Ptolemaei
905 710 1083 798 geographi
1112 709 1175 792 IV,
1204 711 1225 773 5

80 831 285 911 assequetur,
314 826 368 909 qui
390 826 504 889 horum
526 847 607 909 quae
629 825 726 909 vulgo
748 824 896 887 feruntur
918 823 996 887 satis
1019 820 1225 906 perpenderit

45 970 52 983 ·
80 938 339 1022 perversitatem:
376 938 415 1000 τὸ
444 938 554 1000 Δέλτα
580 940 636 1014 τῆ(
666 937 880 1015 νηεευομένηε
901 933 1061 1011 Αἰγύπτου
1091 933 1154 996 ἐετὶ
1176 952 1224 996 κε·
1242 948 1275 995 55

81 1050 186 1130 φαλή,
209 1049 288 1112 κατὰ
309 1048 438 1126 καρδίαι
462 1051 562 1126 εχῆμα
590 1051 658 1111 τών
687 1047 926 1126 περιεχομένων
951 1045 1055 1126 Νείλῳ
1078 1042 1223 1122 μεθυεκό-

81 1180 189 1238 μενον.
238 1156 437 1241 Quamquam
470 1178 592 1241 negare
619 1179 685 1221 non
719 1157 822 1220 ausim
854 1155 983 1219 defendi
1015 1154 1113 1218 etiam
1145 1155 1225 1216 haec

81 1290 191 1352 posse:
228 1270 307 1333 κατὰ
328 1268 458 1347 καρδία(
481 1272 582 1347 εχῆμα
610 1269 913 1347 περιεχομένων
942 1270 1022 1332 τών
1047 1266 1150 1348 Νείλῳ
1172 1284 1225 1344 με-

81 1379 307 1457 θυεκομένων.
345 1376 406 1441 Sed
429 1377 551 1460 reliqua
574 1381 679 1462 teneo,
703 1377 767 1440 nisi
790 1377 872 1461 quod
895 1378 968 1459 post
989 1375 1149 1454 Αἰγύπτου
1173 1396 1226 1438 ex-

82 1487 188 1551 cidere
215 1488 280 1551 tale
307 1487 459 1570 quiddam
486 1487 626 1570 potuerit
655 1488 748 1571 quale
776 1489 838 1551 hoo
865 1490 928 1550 est:
965 1491 1021 1566 τῆε
1050 1489 1100 1551 καὶ
1128 1486 1247 1563 αύτῆε

83 1600 193 1663 Δέλτα
215 1599 420 1677 καλουμένηε.
464 1596 550 1660 Nam
572 1600 783 1678 νηεουμένηε,
817 1598 990 1661 formatum
1018 1601 1056 1661 ut
1077 1599 1226 1676 ἠπειρου-

82 1711 198 1791 μένηε,
227 1709 501 1789 θαλαττουμένηε,
530 1708 661 1791 propius
684 1712 770 1772 certe
792 1708 833 1771 ad
855 1709 1035 1772 litterarum
1057 1708 1152 1771 fidem
1176 1728 1226 1770 ao·

84 1818 171 1883 cedit
192 1841 287 1902 quam
315 1820 499 1899 νηειζούεηε
522 1819 572 1882 vel
594 1819 799 1898 νηειαζούεηε
827 1819 894 1901 vel,
924 1819 1006 1902 quod
1034 1841 1100 1882 non
1122 1817 1226 1901 magis

82 1928 184 1993 seiam
215 1932 418 2012 usurpatum,
452 1929 512 1992 etsi
540 1932 627 1992 reete
651 1933 746 2012 atque
769 1928 879 1992 ordino
906 1929 1028 1993 factum
1055 1929 1097 1991 ab
1118 1933 1226 2007 νῆεοε,

82 2039 284 2118 νηεευούεηε.
316 2078 359 2087 -
391 2039 524 2103 Praeter
552 2061 605 2122 ea,
639 2060 720 2123 quae
754 2039 914 2103 ducuntur
941 2040 982 2102 ab
1011 2038 1224 2122 appellativiS,

83 2171 156 2213 oum
185 2149 303 2213 eisdem
331 2149 394 2213 alia
422 2149 578 2233 quaedam
606 2153 849 2232 componuntur.
897 2151 1055 2229 Κρότων
1076 2188 1125 2213 -.
1150 2150 1168 2213 ὁ
1191 2151 1227 2212 δὲ

77 2260 181 2339 Ὠροε
204 2260 339 2340 βοτάνη(
362 2260 466 2338 ὄνομα
489 2262 589 2344 λέγει,
612 2262 717 2326 διὰτὸ
732 2261 817 2327 ὄζειν
842 2261 939 2340 αὐτῆε
960 2263 998 2325 τὸ
1021 2261 1142 2340 επέρμα
1163 2266 1227 2324 δια-

83 2370 274 2450 τριβόμενον
295 2370 333 2458 έν
355 2373 422 2434 τοῑε
445 2371 612 2436 δακτύλοιε
634 2371 755 2449 ὁμοίωε
777 2377 823 2455 τῷ
849 2373 940 2456 Ζώιμ·
962 2372 1014 2436 διὰ
1035 2376 1134 2436 τούτο
1157 2370 1228 2449 κρύ-

83 2502 151 2545 των
181 2481 309 2560 ἐκλήθη.
347 2481 410 2545 έετι
440 2483 476 2546 δέ
504 2483 554 2545 καὶ
587 2481 692 2560 ὄνομα
722 2482 851 2547 πόλεωε
883 2484 976 2563 παρ’
1004 2483 1127 2567 αύτῷ,
1161 2480 1226 2545 ἀπὸ

86 2590 256 2668 Κρότωνύε
288 2612 391 2668 τινοε,
425 2591 508 2655 douc
536 2590 601 2655 ὑπὸ
631 2593 824 2671 Ἡρακλέουε
852 2592 1004 2677 ἀνηρέθη;
1042 2591 1150 2676 Etym.
1181 2590 1225 2654 M.

85 2723 117 2783 p.
142 2701 220 2782 541,
244 2700 265 2763 9
293 2713 364 2764 oum
392 2704 541 2784 eorrupto
569 2701 651 2765 Gud.
680 2726 712 2786 p.
737 2703 817 2780 349,
848 2704 896 2766 19.
930 2742 972 2751 —
1005 2704 1141 2784 Ῥώμη,
1177 2702 1228 2765 ἐπὶ

85 2813 143 2890 μέν
171 2814 227 2888 τῆε
254 2810 360 2887 ὑγείαε
387 2813 475 2891 παρὰ
503 2813 541 2877 τὸ
564 2812 629 2895 ῥῶ,
660 2812 700 2877 ού
722 2814 741 2877 ὁ
764 2814 994 2893 παρακείμενοι
1023 2814 1179 2893 ἔρρωμαι,
1208 2812 1227 2875 ὁ

84 2922 214 2999 μέλλων
237 2920 343 2999 ῥώεω,
366 2922 536 3000 ῥηματικὸν
560 2921 664 3002 ὄνομα
694 2924 783 3005 ῥώμη
806 2925 851 2989 ώε
873 2926 989 3001 γνώεω
1018 2924 1143 3001 γνώμη·
1177 2922 1238 2985 ἐπὶ·

85 3032 123 3095 δὲ
144 3036 200 3108 τῆ(
222 3031 350 3095 πόλεωε
372 3032 438 3098 ἀπὸ
458 3034 584 3112 Ῥώμου
607 3036 657 3104 καὶ
672 3035 838 3114 Ῥωμύλου
860 3039 927 3100 τῶν
945 3033 1071 3099 Αἰνείου
1093 3033 1228 3097 παίδων.

86 3140 202 3220 Ὠροεε
227 3140 335 3224 Etym.
360 3142 403 3205 M.
428 3165 459 3225 p.
485 3144 557 3225 705,
573 3144 625 3207 49.
647 3183 690 3193 -
714 3145 965 3227 Κομμαγήνη,
982 3145 1082 3209 πόλιε.
1105 3144 1229 3222 κόμανα

88 3252 231 3315 Δίυλλοε
261 3251 321 3347 (sio
344 3250 551 3336 Sylburgius‚
575 3255 684 3319 θυῑλόε
708 3253 808 3337 Gud.‚
838 3256 966 3320 θύῑλλοε
989 3254 1049 3340 Μ.)
1078 3260 1229 3333 μεθερμη-

87 3363 214 3426 νεύεται
237 3361 342 3426 εύεκια
364 3364 443 3427 κατὰ
464 3366 522 3443 τὴν
540 3365 715 3429 Καταόνων
737 3367 864 3445 φωνήν.
887 3366 980 3430 ἔνθεν
1003 3366 1022 3443 ἡ
1045 3366 1229 3444 κομμαγήνη

87 3473 138 3536 καὶ
164 3472 184 3550 ὴ
213 3471 307 3552 κόμη,
336 3473 384 3537 ὅτι
413 3474 566 3539 ευεκιάΖει
592 3477 651 3553 τὴν
679 3477 831 3555 κεφαλήν.
868 3473 981 3554 Ὦροεῑ
1012 3473 1119 3558 Etym.
1145 3473 1227 3538 Gud.

87 3604 120 3664 p;
136 3583 210 3664 336,
226 3582 268 3646 26
291 3585 323 3645 et
337 3582 381 3646 M.
406 3605 437 3666 p.
454 3583 528 3665 526,
544 3583 585 3648 33
608 3583 746 3648 invicem
768 3585 829 3648 sibi
851 3585 1015 3648 salutaria.
1049 3585 1230 3650 Καταόνων

88 3691 184 3773 Gud.‚
214 3697 280 3758 τών
302 3694 425 3758 Ἰώνων
448 3693 510 3757 M.:
543 3694 627 3757 unde
649 3695 769 3758 maiore
795 3695 864 3759 iure
887 3695 1012 3759 ridetur
1034 3695 1115 3778 quod
1139 3691 1231 3778 po'sui

87 3824 184 3885 quam
208 3803 432 3871 Καππαδόκων
455 3804 537 3886 erui,
570 3805 606 3867 in
633 3805 699 3867 ista
723 3805 912 3888 praesertim
939 3809 1097 3869 terrarum
1119 3805 1230 3869 vieini-

85 3916 166 3976 tate.
190 3951 234 3961 -·
254 3913 323 3977 Illis
346 3917 453 3977 autem
476 3914 645 3997 exemptio,
674 3915 787 3998 quibus
816 3917 857 3979 of.
882 3917 1008 3998 Φάροε,
1032 3937 1098 3979 non
1120 3917 1230 3999 inepte

86 4025 191 4107 utare,
214 4027 251 4086 ut
266 4024 389 4107 aliquas
410 4046 503 4089 voces
526 4024 748 4107 appellativae,
773 4026 811 4089 de
827 4026 1049 4110 quarumsede
1072 4026 1228 4110 ambigas,

84 4134 124 4197 in
146 4132 296 4197 Ethnicis
318 4138 474 4198 tractatas
497 4134 661 4199 arbitrere.
694 4134 747 4200 sic
768 4138 969 4221 κέρκωπεε
991 4136 1097 4219 inquit
1118 4138 1230 4214 λέγον-

84 4264 138 4309 ται
170 4243 201 4307 οἱ
231 4245 417 4310 ἀπατεώνεε
449 4246 514 4309 ἀπὸ
546 4249 601 4324 τῆε
632 4250 697 4311 τών
729 4251 837 4312 κυνῶν
871 4252 1072 4330 μεταφορᾱε,
1105 4249 1137 4312 οἳ
1163 4252 1231 4313 ταῑε

82 4354 184 4436 ὄψεει
216 4354 267 4418 καὶ
295 4359 363 4420 ταῑε
392 4357 515 4435 κέρκοιε
543 4356 707 4422 εαίνοντεε
735 4357 915 4424 δάκνουειν.
949 4359 1054 4423 οὕτω(
1083 4357 1183 4439 Ὢροε
1211 4360 1230 4427 ὁ

962 4458 1028 4524 41*
