<?xml version="1.0" encoding="UTF-8"?>
<!DOCTYPE html PUBLIC "-//W3C//DTD XHTML 1.0 Transitional//EN"
    "http://www.w3.org/TR/xhtml1/DTD/xhtml1-transitional.dtd">
<html xmlns="http://www.w3.org/1999/xhtml" xml:lang="en" lang="en">
 <head>
  <title>
</title>
<meta http-equiv="Content-Type" content="text/html;charset=utf-8" />
  <meta name='ocr-system' content='tesseract 3.04.00' />
  <meta name='ocr-capabilities' content='ocr_page ocr_carea ocr_par ocr_line ocrx_word'/>
</head>
<body>
  <div class='ocr_page' id='page_1' title='image "./fridericiritsch04wachgoog_0162.png"; bbox 0 0 3014 5010; ppageno 0'>
   <div class='ocr_carea' id='block_1_1' title="bbox 427 326 1293 393">
    <p class='ocr_par' dir='ltr' id='par_1_1' title="bbox 427 326 1293 393">
     <span class='ocr_line' id='line_1_1' title="bbox 427 326 1293 393; baseline -0.003 -1"><span class='ocrx_word' id='word_1_1' title='bbox 427 348 474 392; x_wconf 85' lang='lat' dir='ltr'>na</span> <span class='ocrx_word' id='word_1_2' title='bbox 496 347 588 393; x_wconf 79' lang='lat' dir='ltr'>aisn.</span> <span class='ocrx_word' id='word_1_3' title='bbox 612 346 717 392; x_wconf 74' lang='lat' dir='ltr'>anax.</span> <span class='ocrx_word' id='word_1_4' title='bbox 740 346 784 391; x_wconf 85' lang='lat' dir='ltr'>ar</span> <span class='ocrx_word' id='word_1_5' title='bbox 806 344 1020 392; x_wconf 77' lang='lat' dir='ltr'>ersrsraaro.</span> <span class='ocrx_word' id='word_1_6' title='bbox 1233 326 1293 389; x_wconf 82' lang='grc'>143</span> 
     </span>
    </p>
   </div>
   <div class='ocr_carea' id='block_1_2' title="bbox 149 494 1329 4437">
    <p class='ocr_par' dir='ltr' id='par_1_2' title="bbox 149 494 1329 3661">
     <span class='ocr_line' id='line_1_2' title="bbox 152 494 1293 581; baseline -0.006 -18"><span class='ocrx_word' id='word_1_7' title='bbox 152 500 280 563; x_wconf 89' lang='lat' dir='ltr'>studiis:</span> <span class='ocrx_word' id='word_1_8' title='bbox 309 520 386 562; x_wconf 86' lang='lat' dir='ltr'>nam</span> <span class='ocrx_word' id='word_1_9' title='bbox 413 500 452 562; x_wconf 86' lang='lat' dir='ltr'>de</span> <span class='ocrx_word' id='word_1_10' title='bbox 480 498 690 581; x_wconf 81' lang='lat' dir='ltr'>Pergamenis</span> <span class='ocrx_word' id='word_1_11' title='bbox 718 496 824 560; x_wconf 83' lang='lat' dir='ltr'>dicere</span> <span class='ocrx_word' id='word_1_12' title='bbox 853 518 939 559; x_wconf 89' lang='lat' dir='ltr'>nunc</span> <span class='ocrx_word' id='word_1_13' title='bbox 966 495 1047 558; x_wconf 85' lang='lat' dir='ltr'>nihil</span> <span class='ocrx_word' id='word_1_14' title='bbox 1075 494 1203 559; x_wconf 87' lang='lat' dir='ltr'>attinet.</span> <span class='ocrx_word' id='word_1_15' title='bbox 1255 494 1293 557; x_wconf 90' lang='lat' dir='ltr'>In</span> 
     </span>
     <span class='ocr_line' id='line_1_3' title="bbox 151 592 1294 695; baseline -0.005 -22"><span class='ocrx_word' id='word_1_16' title='bbox 151 633 212 695; x_wconf 90' lang='lat' dir='ltr'>quo</span> <span class='ocrx_word' id='word_1_17' title='bbox 225 610 305 673; x_wconf 91' lang='lat' dir='ltr'>illud</span> <span class='ocrx_word' id='word_1_18' title='bbox 320 630 418 673; x_wconf 90' lang='lat' dir='ltr'>unum</span> <span class='ocrx_word' id='word_1_19' title='bbox 432 608 596 690; x_wconf 88' lang='lat' dir='ltr'>miramur,</span> <span class='ocrx_word' id='word_1_20' title='bbox 612 610 706 691; x_wconf 92' lang='lat' dir='ltr'>quod,</span> <span class='ocrx_word' id='word_1_21' title='bbox 724 628 874 677; x_wconf 87' lang='lat' dir='ltr'>eumuna</span> <span class='ocrx_word' id='word_1_22' title='bbox 887 592 1028 693; x_wconf 86' lang='lat' dir='ltr'>quaeque</span> <span class='ocrx_word' id='word_1_23' title='bbox 1044 627 1095 668; x_wconf 91' lang='lat' dir='ltr'>ars</span> <span class='ocrx_word' id='word_1_24' title='bbox 1111 627 1130 668; x_wconf 92' lang='lat' dir='ltr'>a</span> <span class='ocrx_word' id='word_1_25' title='bbox 1144 605 1294 669; x_wconf 72' lang='lat' dir='ltr'>tenuibus</span> 
     </span>
     <span class='ocr_line' id='line_1_4' title="bbox 151 712 1293 801; baseline -0.005 -17"><span class='ocrx_word' id='word_1_26' title='bbox 151 742 262 784; x_wconf 77' lang='lat' dir='ltr'>exorsa</span> <span class='ocrx_word' id='word_1_27' title='bbox 291 718 393 782; x_wconf 88' lang='lat' dir='ltr'>initiis</span> <span class='ocrx_word' id='word_1_28' title='bbox 422 712 594 801; x_wconf 82' lang='lat' dir='ltr'>&#39;paullatim</span> <span class='ocrx_word' id='word_1_29' title='bbox 617 719 815 782; x_wconf 89' lang='lat' dir='ltr'>incrementa</span> <span class='ocrx_word' id='word_1_30' title='bbox 844 716 980 799; x_wconf 75' lang='lat' dir='ltr'>ceperit,</span> <span class='ocrx_word' id='word_1_31' title='bbox 1009 715 1072 778; x_wconf 91' lang='lat' dir='ltr'>ista</span> <span class='ocrx_word' id='word_1_32' title='bbox 1095 715 1221 798; x_wconf 89' lang='lat' dir='ltr'>quidem</span> <span class='ocrx_word' id='word_1_33' title='bbox 1243 717 1293 779; x_wconf 89' lang='lat' dir='ltr'>lit-</span> 
     </span>
     <span class='ocr_line' id='line_1_5' title="bbox 150 825 1294 912; baseline -0.004 -18"><span class='ocrx_word' id='word_1_34' title='bbox 150 834 292 894; x_wconf 86' lang='lat' dir='ltr'>terarum</span> <span class='ocrx_word' id='word_1_35' title='bbox 334 828 469 893; x_wconf 86' lang='lat' dir='ltr'>historia</span> <span class='ocrx_word' id='word_1_36' title='bbox 512 828 739 912; x_wconf 90' lang='lat' dir='ltr'>propemodum</span> <span class='ocrx_word' id='word_1_37' title='bbox 776 825 885 890; x_wconf 90' lang='lat' dir='ltr'>adulta</span> <span class='ocrx_word' id='word_1_38' title='bbox 921 827 956 889; x_wconf 91' lang='lat' dir='ltr'>in</span> <span class='ocrx_word' id='word_1_39' title='bbox 992 827 1062 908; x_wconf 91' lang='lat' dir='ltr'>ipso</span> <span class='ocrx_word' id='word_1_40' title='bbox 1099 825 1294 889; x_wconf 75' lang='lat' dir='ltr'>Callimacho</span> 
     </span>
     <span class='ocr_line' id='line_1_6' title="bbox 150 935 1295 1024; baseline -0.002 -21"><span class='ocrx_word' id='word_1_41' title='bbox 150 944 296 1024; x_wconf 84' lang='lat' dir='ltr'>apparet.</span> <span class='ocrx_word' id='word_1_42' title='bbox 328 939 409 1002; x_wconf 83' lang='lat' dir='ltr'>Tam</span> <span class='ocrx_word' id='word_1_43' title='bbox 431 939 518 1002; x_wconf 84' lang='lat' dir='ltr'>eninr</span> <span class='ocrx_word' id='word_1_44' title='bbox 539 938 727 1023; x_wconf 84' lang='lat' dir='ltr'>magnifice,</span> <span class='ocrx_word' id='word_1_45' title='bbox 751 936 999 1017; x_wconf 89' lang='lat' dir='ltr'>necimmerito,</span> <span class='ocrx_word' id='word_1_46' title='bbox 1024 935 1063 999; x_wconf 89' lang='lat' dir='ltr'>de</span> <span class='ocrx_word' id='word_1_47' title='bbox 1079 936 1295 1001; x_wconf 79' lang='lat' dir='ltr'>Callimachea</span> 
     </span>
     <span class='ocr_line' id='line_1_7' title="bbox 149 1046 1295 1134; baseline -0.007 -19"><span class='ocrx_word' id='word_1_48' title='bbox 149 1072 248 1134; x_wconf 87' lang='lat' dir='ltr'>opera</span> <span class='ocrx_word' id='word_1_49' title='bbox 262 1051 298 1113; x_wconf 90' lang='lat' dir='ltr'>in</span> <span class='ocrx_word' id='word_1_50' title='bbox 321 1048 546 1132; x_wconf 89' lang='lat' dir='ltr'>permetiendis</span> <span class='ocrx_word' id='word_1_51' title='bbox 568 1068 755 1132; x_wconf 87' lang='lat' dir='ltr'>graecarum</span> <span class='ocrx_word' id='word_1_52' title='bbox 770 1046 950 1111; x_wconf 88' lang='lat' dir='ltr'>litterarum</span> <span class='ocrx_word' id='word_1_53' title='bbox 972 1046 1085 1129; x_wconf 85' lang='lat' dir='ltr'>spatiis</span> <span class='ocrx_word' id='word_1_54' title='bbox 1108 1047 1212 1128; x_wconf 88' lang='lat' dir='ltr'>posita</span> <span class='ocrx_word' id='word_1_55' title='bbox 1227 1048 1295 1130; x_wconf 84' lang='lat' dir='ltr'>ipse</span> 
     </span>
     <span class='ocr_line' id='line_1_8' title="bbox 150 1156 1296 1243; baseline -0.003 -20"><span class='ocrx_word' id='word_1_56' title='bbox 150 1159 378 1243; x_wconf 85' lang='lat' dir='ltr'>Bernhardyus</span> <span class='ocrx_word' id='word_1_57' title='bbox 411 1158 564 1222; x_wconf 86' lang='lat' dir='ltr'>iudicavit</span> <span class='ocrx_word' id='word_1_58' title='bbox 590 1157 676 1221; x_wconf 87' lang='lat' dir='ltr'>Hist.</span> <span class='ocrx_word' id='word_1_59' title='bbox 706 1157 768 1220; x_wconf 89' lang='lat' dir='ltr'>litt.</span> <span class='ocrx_word' id='word_1_60' title='bbox 797 1178 846 1240; x_wconf 90' lang='lat' dir='ltr'>gr.</span> <span class='ocrx_word' id='word_1_61' title='bbox 875 1156 890 1219; x_wconf 95' lang='grc' dir='ltr'>Ι</span> <span class='ocrx_word' id='word_1_62' title='bbox 919 1179 949 1238; x_wconf 89' lang='lat' dir='ltr'>p.</span> <span class='ocrx_word' id='word_1_63' title='bbox 983 1157 1053 1219; x_wconf 81' lang='lat'>134.</span> <span class='ocrx_word' id='word_1_64' title='bbox 1103 1156 1222 1231; x_wconf 74' lang='lat' dir='ltr'>Quodsi</span> <span class='ocrx_word' id='word_1_65' title='bbox 1255 1158 1296 1220; x_wconf 90' lang='lat' dir='ltr'>ab</span> 
     </span>
     <span class='ocr_line' id='line_1_9' title="bbox 150 1266 1295 1352; baseline -0.002 -20"><span class='ocrx_word' id='word_1_66' title='bbox 150 1272 214 1333; x_wconf 86' lang='lat' dir='ltr'>ista</span> <span class='ocrx_word' id='word_1_67' title='bbox 236 1269 406 1332; x_wconf 75' lang='lat' dir='ltr'>miratione</span> <span class='ocrx_word' id='word_1_68' title='bbox 429 1268 564 1352; x_wconf 85' lang='lat' dir='ltr'>profecti</span> <span class='ocrx_word' id='word_1_69' title='bbox 586 1267 723 1352; x_wconf 88' lang='lat' dir='ltr'>vestigia</span> <span class='ocrx_word' id='word_1_70' title='bbox 747 1266 1016 1349; x_wconf 85' lang='lat' dir='ltr'>circumspicimus</span> <span class='ocrx_word' id='word_1_71' title='bbox 1029 1266 1177 1330; x_wconf 90' lang='lat' dir='ltr'>&#39;eiusdem</span> <span class='ocrx_word' id='word_1_72' title='bbox 1199 1268 1295 1330; x_wconf 91' lang='lat' dir='ltr'>studii</span> 
     </span>
     <span class='ocr_line' id='line_1_10' title="bbox 151 1376 1294 1463; baseline -0.002 -20"><span class='ocrx_word' id='word_1_73' title='bbox 151 1380 241 1463; x_wconf 86' lang='lat' dir='ltr'>prius</span> <span class='ocrx_word' id='word_1_74' title='bbox 262 1380 327 1442; x_wconf 88' lang='lat' dir='ltr'>iarn</span> <span class='ocrx_word' id='word_1_75' title='bbox 348 1379 434 1442; x_wconf 87' lang='lat' dir='ltr'>inter</span> <span class='ocrx_word' id='word_1_76' title='bbox 450 1378 687 1442; x_wconf 85' lang='lat' dir='ltr'>Alexandrinos</span> <span class='ocrx_word' id='word_1_77' title='bbox 710 1377 949 1458; x_wconf 88' lang='lat' dir='ltr'>subnascentis,</span> <span class='ocrx_word' id='word_1_78' title='bbox 974 1376 1146 1440; x_wconf 87' lang='lat' dir='ltr'>deferimur</span> <span class='ocrx_word' id='word_1_79' title='bbox 1165 1399 1238 1441; x_wconf 89' lang='lat' dir='ltr'>ecee</span> <span class='ocrx_word' id='word_1_80' title='bbox 1262 1379 1294 1441; x_wconf 94' lang='lat' dir='ltr'>in</span> 
     </span>
     <span class='ocr_line' id='line_1_11' title="bbox 152 1487 1296 1573; baseline -0.001 -21"><span class='ocrx_word' id='word_1_81' title='bbox 152 1491 394 1573; x_wconf 81' lang='lat' dir='ltr'>Lycophronem</span> <span class='ocrx_word' id='word_1_82' title='bbox 409 1489 652 1552; x_wconf 84' lang='lat' dir='ltr'>Chalcidensem</span> <span class='ocrx_word' id='word_1_83' title='bbox 667 1489 738 1567; x_wconf 86' lang='grc' dir='ltr'>περὶ</span> <span class='ocrx_word' id='word_1_84' title='bbox 753 1488 920 1571; x_wconf 81' lang='grc' dir='ltr'>κωμῳδία(</span> <span class='ocrx_word' id='word_1_85' title='bbox 935 1487 1138 1570; x_wconf 87' lang='lat' dir='ltr'>scriptorem,</span> <span class='ocrx_word' id='word_1_86' title='bbox 1163 1510 1296 1572; x_wconf 89' lang='lat' dir='ltr'>eumque</span> 
     </span>
     <span class='ocr_line' id='line_1_12' title="bbox 150 1597 1294 1682; baseline 0 -20"><span class='ocrx_word' id='word_1_87' title='bbox 150 1600 214 1682; x_wconf 88' lang='lat' dir='ltr'>ipsi</span> <span class='ocrx_word' id='word_1_88' title='bbox 237 1598 445 1662; x_wconf 67' lang='lat' dir='ltr'>Eratostheni</span> <span class='ocrx_word' id='word_1_89' title='bbox 470 1599 634 1682; x_wconf 87' lang='lat' dir='ltr'>cognitum</span> <span class='ocrx_word' id='word_1_90' title='bbox 657 1602 689 1661; x_wconf 91' lang='lat' dir='ltr'>et</span> <span class='ocrx_word' id='word_1_91' title='bbox 711 1598 753 1660; x_wconf 85' lang='lat' dir='ltr'>ab</span> <span class='ocrx_word' id='word_1_92' title='bbox 775 1597 851 1679; x_wconf 91' lang='lat' dir='ltr'>hoc,</span> <span class='ocrx_word' id='word_1_93' title='bbox 876 1601 911 1660; x_wconf 88' lang='lat' dir='ltr'>ut</span> <span class='ocrx_word' id='word_1_94' title='bbox 933 1598 1086 1681; x_wconf 87' lang='lat' dir='ltr'>exemplis</span> <span class='ocrx_word' id='word_1_95' title='bbox 1109 1603 1182 1681; x_wconf 88' lang='lat' dir='ltr'>post</span> <span class='ocrx_word' id='word_1_96' title='bbox 1199 1599 1294 1663; x_wconf 87' lang='lat' dir='ltr'>Hem-</span> 
     </span>
     <span class='ocr_line' id='line_1_13' title="bbox 151 1705 1297 1793; baseline 0 -20"><span class='ocrx_word' id='word_1_97' title='bbox 151 1709 347 1773; x_wconf 86' lang='lat' dir='ltr'>sterhusium</span> <span class='ocrx_word' id='word_1_98' title='bbox 362 1709 395 1771; x_wconf 92' lang='lat' dir='ltr'>in</span> <span class='ocrx_word' id='word_1_99' title='bbox 412 1707 495 1771; x_wconf 88' lang='lat' dir='ltr'>Plut.</span> <span class='ocrx_word' id='word_1_100' title='bbox 513 1731 545 1791; x_wconf 92' lang='lat' dir='ltr'>p.</span> <span class='ocrx_word' id='word_1_101' title='bbox 561 1708 625 1772; x_wconf 79' lang='lat'>470</span> <span class='ocrx_word' id='word_1_102' title='bbox 640 1705 768 1772; x_wconf 70' lang='lat' dir='ltr'>Schaef,</span> <span class='ocrx_word' id='word_1_103' title='bbox 785 1729 804 1770; x_wconf 89' lang='lat' dir='ltr'>a</span> <span class='ocrx_word' id='word_1_104' title='bbox 820 1707 981 1771; x_wconf 87' lang='lat' dir='ltr'>Meinekio</span> <span class='ocrx_word' id='word_1_105' title='bbox 1002 1707 1089 1772; x_wconf 88' lang='lat' dir='ltr'>Hist.</span> <span class='ocrx_word' id='word_1_106' title='bbox 1112 1710 1182 1772; x_wconf 90' lang='lat' dir='ltr'>orit.</span> <span class='ocrx_word' id='word_1_107' title='bbox 1206 1733 1238 1793; x_wconf 93' lang='lat' dir='ltr'>p.</span> <span class='ocrx_word' id='word_1_108' title='bbox 1258 1712 1297 1773; x_wconf 86' lang='lat'>10</span> 
     </span>
     <span class='ocr_line' id='line_1_14' title="bbox 151 1797 1293 1902; baseline 0.002 -20"><span class='ocrx_word' id='word_1_109' title='bbox 151 1819 337 1902; x_wconf 83' lang='lat' dir='ltr'>compositis</span> <span class='ocrx_word' id='word_1_110' title='bbox 364 1797 579 1902; x_wconf 80' lang='lat' dir='ltr'>intellegitur,</span> <span class='ocrx_word' id='word_1_111' title='bbox 614 1839 679 1881; x_wconf 92' lang='lat' dir='ltr'>non</span> <span class='ocrx_word' id='word_1_112' title='bbox 713 1839 785 1880; x_wconf 91' lang='lat' dir='ltr'>raro</span> <span class='ocrx_word' id='word_1_113' title='bbox 814 1821 990 1881; x_wconf 88' lang='lat' dir='ltr'>correctum</span> <span class='ocrx_word' id='word_1_114' title='bbox 1020 1819 1069 1881; x_wconf 89' lang='lat' dir='ltr'>vel</span> <span class='ocrx_word' id='word_1_115' title='bbox 1103 1820 1293 1902; x_wconf 85' lang='lat' dir='ltr'>suppletum.</span> 
     </span>
     <span class='ocr_line' id='line_1_15' title="bbox 150 1927 1329 2013; baseline 0.001 -22"><span class='ocrx_word' id='word_1_116' title='bbox 150 1929 271 2003; x_wconf 85' lang='lat' dir='ltr'>Quodsi</span> <span class='ocrx_word' id='word_1_117' title='bbox 295 1929 429 1991; x_wconf 85' lang='lat' dir='ltr'>eundem</span> <span class='ocrx_word' id='word_1_118' title='bbox 451 1928 692 2011; x_wconf 85' lang='lat' dir='ltr'>Lycophronem</span> <span class='ocrx_word' id='word_1_119' title='bbox 720 1929 784 1990; x_wconf 88' lang='lat' dir='ltr'>iam</span> <span class='ocrx_word' id='word_1_120' title='bbox 807 1927 980 2009; x_wconf 87' lang='lat' dir='ltr'>accipimus</span> <span class='ocrx_word' id='word_1_121' title='bbox 1008 1929 1128 2012; x_wconf 89' lang='lat' dir='ltr'>scripta</span> <span class='ocrx_word' id='word_1_122' title='bbox 1151 1930 1295 2013; x_wconf 83' lang='lat' dir='ltr'>exempla</span> <span class='ocrx_word' id='word_1_123' title='bbox 1314 1947 1329 1992; x_wconf 67' lang='grc' dir='ltr'>ι)</span> 
     </span>
     <span class='ocr_line' id='line_1_16' title="bbox 152 2037 1296 2121; baseline 0.001 -19"><span class='ocrx_word' id='word_1_124' title='bbox 152 2039 294 2102; x_wconf 88' lang='lat' dir='ltr'>comicae</span> <span class='ocrx_word' id='word_1_125' title='bbox 316 2039 435 2121; x_wconf 89' lang='lat' dir='ltr'>poesis,</span> <span class='ocrx_word' id='word_1_126' title='bbox 466 2059 522 2121; x_wconf 90' lang='lat' dir='ltr'>per</span> <span class='ocrx_word' id='word_1_127' title='bbox 548 2037 760 2101; x_wconf 80' lang='lat' dir='ltr'>bibliothecae</span> <span class='ocrx_word' id='word_1_128' title='bbox 789 2037 1029 2100; x_wconf 85' lang='lat' dir='ltr'>Alexandrinae</span> <span class='ocrx_word' id='word_1_129' title='bbox 1057 2038 1170 2102; x_wconf 91' lang='lat' dir='ltr'>horrea</span> <span class='ocrx_word' id='word_1_130' title='bbox 1200 2041 1296 2103; x_wconf 88' lang='lat' dir='ltr'>etiarn</span> 
     </span>
     <span class='ocr_line' id='line_1_17' title="bbox 151 2147 1295 2233; baseline 0.002 -21"><span class='ocrx_word' id='word_1_131' title='bbox 151 2153 221 2212; x_wconf 86' lang='lat' dir='ltr'>tum</span> <span class='ocrx_word' id='word_1_132' title='bbox 249 2149 399 2227; x_wconf 87' lang='lat' dir='ltr'>disiecta,</span> <span class='ocrx_word' id='word_1_133' title='bbox 428 2149 462 2210; x_wconf 90' lang='lat' dir='ltr'>in</span> <span class='ocrx_word' id='word_1_134' title='bbox 490 2169 588 2210; x_wconf 91' lang='lat' dir='ltr'>unum</span> <span class='ocrx_word' id='word_1_135' title='bbox 617 2148 783 2231; x_wconf 80' lang='lat' dir='ltr'>collegisse</span> <span class='ocrx_word' id='word_1_136' title='bbox 816 2152 848 2209; x_wconf 91' lang='lat' dir='ltr'>et</span> <span class='ocrx_word' id='word_1_137' title='bbox 876 2148 910 2210; x_wconf 93' lang='lat' dir='ltr'>in</span> <span class='ocrx_word' id='word_1_138' title='bbox 943 2147 1087 2211; x_wconf 86' lang='lat' dir='ltr'>ordinem</span> <span class='ocrx_word' id='word_1_139' title='bbox 1120 2150 1295 2233; x_wconf 79' lang='lat' dir='ltr'>redegisse:</span> 
     </span>
     <span class='ocr_line' id='line_1_18' title="bbox 152 2257 1296 2343; baseline 0.002 -21"><span class='ocrx_word' id='word_1_140' title='bbox 152 2258 229 2343; x_wconf 90' lang='lat' dir='ltr'>quid</span> <span class='ocrx_word' id='word_1_141' title='bbox 256 2279 373 2342; x_wconf 89' lang='lat' dir='ltr'>quaeso</span> <span class='ocrx_word' id='word_1_142' title='bbox 400 2257 505 2341; x_wconf 79' lang='lat' dir='ltr'>inagis</span> <span class='ocrx_word' id='word_1_143' title='bbox 532 2261 638 2339; x_wconf 86' lang='lat' dir='ltr'>potest</span> <span class='ocrx_word' id='word_1_144' title='bbox 660 2258 709 2319; x_wconf 87' lang='lat' dir='ltr'>vel</span> <span class='ocrx_word' id='word_1_145' title='bbox 738 2258 856 2320; x_wconf 90' lang='lat' dir='ltr'>rationi</span> <span class='ocrx_word' id='word_1_146' title='bbox 878 2279 947 2319; x_wconf 85' lang='lat' dir='ltr'>esse</span> <span class='ocrx_word' id='word_1_147' title='bbox 974 2263 1224 2323; x_wconf 87' lang='lat' dir='ltr'>consentaneum</span> <span class='ocrx_word' id='word_1_148' title='bbox 1247 2266 1296 2324; x_wconf 90' lang='lat' dir='ltr'>vel</span> 
     </span>
     <span class='ocr_line' id='line_1_19' title="bbox 152 2367 1297 2455; baseline 0.002 -23"><span class='ocrx_word' id='word_1_149' title='bbox 152 2370 336 2453; x_wconf 83' lang='lat' dir='ltr'>appositum</span> <span class='ocrx_word' id='word_1_150' title='bbox 364 2371 403 2431; x_wconf 89' lang='lat' dir='ltr'>ad</span> <span class='ocrx_word' id='word_1_151' title='bbox 432 2367 685 2450; x_wconf 86' lang='lat' dir='ltr'>persuasionem,</span> <span class='ocrx_word' id='word_1_152' title='bbox 720 2389 815 2451; x_wconf 90' lang='lat' dir='ltr'>quam</span> <span class='ocrx_word' id='word_1_153' title='bbox 849 2371 884 2430; x_wconf 90' lang='lat' dir='ltr'>ut</span> <span class='ocrx_word' id='word_1_154' title='bbox 917 2367 1009 2430; x_wconf 89' lang='lat' dir='ltr'>huius</span> <span class='ocrx_word' id='word_1_155' title='bbox 1042 2369 1141 2452; x_wconf 87' lang='lat' dir='ltr'>ipsius</span> <span class='ocrx_word' id='word_1_156' title='bbox 1175 2373 1297 2455; x_wconf 90' lang='lat' dir='ltr'>negotii</span> 
     </span>
     <span class='ocr_line' id='line_1_20' title="bbox 153 2476 1297 2565; baseline 0.003 -23"><span class='ocrx_word' id='word_1_157' title='bbox 153 2479 297 2542; x_wconf 88' lang='lat' dir='ltr'>rationes</span> <span class='ocrx_word' id='word_1_158' title='bbox 319 2478 491 2541; x_wconf 77' lang='lat' dir='ltr'>reddiderit</span> <span class='ocrx_word' id='word_1_159' title='bbox 520 2481 552 2540; x_wconf 88' lang='lat' dir='ltr'>et</span> <span class='ocrx_word' id='word_1_160' title='bbox 574 2476 747 2540; x_wconf 89' lang='lat' dir='ltr'>studiorum</span> <span class='ocrx_word' id='word_1_161' title='bbox 771 2498 898 2540; x_wconf 86' lang='lat' dir='ltr'>suormn</span> <span class='ocrx_word' id='word_1_162' title='bbox 922 2478 1112 2542; x_wconf 86' lang='lat' dir='ltr'>comicorum</span> <span class='ocrx_word' id='word_1_163' title='bbox 1135 2484 1297 2565; x_wconf 87' lang='lat' dir='ltr'>tamquam</span> 
     </span>
     <span class='ocr_line' id='line_1_21' title="bbox 152 2586 1297 2670; baseline 0.003 -18"><span class='ocrx_word' id='word_1_164' title='bbox 152 2610 311 2667; x_wconf 75' lang='lat' dir='ltr'>summam</span> <span class='ocrx_word' id='word_1_165' title='bbox 339 2587 616 2670; x_wconf 89' lang='lat' dir='ltr'>comprehenderit</span> <span class='ocrx_word' id='word_1_166' title='bbox 644 2586 707 2650; x_wconf 92' lang='lat' dir='ltr'>illis</span> <span class='ocrx_word' id='word_1_167' title='bbox 734 2588 778 2650; x_wconf 87' lang='lat' dir='ltr'>de</span> <span class='ocrx_word' id='word_1_168' title='bbox 808 2588 1007 2651; x_wconf 88' lang='lat' dir='ltr'>comoedia</span> <span class='ocrx_word' id='word_1_169' title='bbox 1035 2593 1297 2655; x_wconf 75' lang='lat' dir='ltr'>commentariis?</span> 
     </span>
     <span class='ocr_line' id='line_1_22' title="bbox 154 2696 1298 2782; baseline 0.003 -20"><span class='ocrx_word' id='word_1_170' title='bbox 154 2699 195 2762; x_wconf 90' lang='lat' dir='ltr'>de</span> <span class='ocrx_word' id='word_1_171' title='bbox 227 2720 290 2782; x_wconf 92' lang='lat' dir='ltr'>quo</span> <span class='ocrx_word' id='word_1_172' title='bbox 323 2720 451 2782; x_wconf 87' lang='lat' dir='ltr'>prorsus</span> <span class='ocrx_word' id='word_1_173' title='bbox 479 2697 556 2760; x_wconf 88' lang='lat' dir='ltr'>mihi</span> <span class='ocrx_word' id='word_1_174' title='bbox 589 2719 659 2760; x_wconf 90' lang='lat' dir='ltr'>eum</span> <span class='ocrx_word' id='word_1_175' title='bbox 692 2696 853 2760; x_wconf 87' lang='lat' dir='ltr'>Meinekio</span> <span class='ocrx_word' id='word_1_176' title='bbox 887 2700 1046 2763; x_wconf 88' lang='lat' dir='ltr'>convenit.</span> <span class='ocrx_word' id='word_1_177' title='bbox 1097 2700 1158 2763; x_wconf 90' lang='lat' dir='ltr'>His</span> <span class='ocrx_word' id='word_1_178' title='bbox 1192 2706 1298 2765; x_wconf 91' lang='lat' dir='ltr'>autem</span> 
     </span>
     <span class='ocr_line' id='line_1_23' title="bbox 155 2805 1301 2895; baseline 0.002 -23"><span class='ocrx_word' id='word_1_179' title='bbox 155 2809 394 2872; x_wconf 87' lang='lat' dir='ltr'>commentariis</span> <span class='ocrx_word' id='word_1_180' title='bbox 426 2807 508 2870; x_wconf 90' lang='lat' dir='ltr'>nihil</span> <span class='ocrx_word' id='word_1_181' title='bbox 540 2805 675 2890; x_wconf 88' lang='lat' dir='ltr'>impedit</span> <span class='ocrx_word' id='word_1_182' title='bbox 706 2808 874 2890; x_wconf 89' lang='lat' dir='ltr'>quominus</span> <span class='ocrx_word' id='word_1_183' title='bbox 907 2808 971 2870; x_wconf 89' lang='lat' dir='ltr'>alia</span> <span class='ocrx_word' id='word_1_184' title='bbox 1003 2810 1120 2891; x_wconf 86' lang='lat' dir='ltr'>multa,</span> <span class='ocrx_word' id='word_1_185' title='bbox 1155 2811 1195 2873; x_wconf 88' lang='lat' dir='ltr'>ad</span> <span class='ocrx_word' id='word_1_186' title='bbox 1227 2813 1301 2895; x_wconf 67' lang='lat' dir='ltr'>ipsa,</span> 
     </span>
     <span class='ocr_line' id='line_1_24' title="bbox 155 2915 1298 3002; baseline 0.001 -20"><span class='ocrx_word' id='word_1_187' title='bbox 155 2919 254 2982; x_wconf 82' lang='lat' dir='ltr'>verba</span> <span class='ocrx_word' id='word_1_188' title='bbox 281 2923 314 2981; x_wconf 91' lang='lat' dir='ltr'>et</span> <span class='ocrx_word' id='word_1_189' title='bbox 341 2917 518 2982; x_wconf 83' lang='lat' dir='ltr'>sententias</span> <span class='ocrx_word' id='word_1_190' title='bbox 546 2915 742 3000; x_wconf 87' lang='lat' dir='ltr'>quorundam</span> <span class='ocrx_word' id='word_1_191' title='bbox 770 2920 936 3000; x_wconf 90' lang='lat' dir='ltr'>poetarum</span> <span class='ocrx_word' id='word_1_192' title='bbox 962 2918 1183 2983; x_wconf 86' lang='lat' dir='ltr'>fabularumve</span> <span class='ocrx_word' id='word_1_193' title='bbox 1210 2943 1298 3002; x_wconf 87' lang='lat' dir='ltr'>spec-</span> 
     </span>
     <span class='ocr_line' id='line_1_25' title="bbox 154 3025 1296 3114; baseline 0.002 -22"><span class='ocrx_word' id='word_1_194' title='bbox 154 3028 262 3092; x_wconf 87' lang='lat' dir='ltr'>tantia</span> <span class='ocrx_word' id='word_1_195' title='bbox 289 3028 342 3110; x_wconf 92' lang='lat' dir='ltr'>(de</span> <span class='ocrx_word' id='word_1_196' title='bbox 370 3027 518 3109; x_wconf 83' lang='lat' dir='ltr'>Cratino,</span> <span class='ocrx_word' id='word_1_197' title='bbox 548 3025 756 3107; x_wconf 87' lang='lat' dir='ltr'>Pherecrate,</span> <span class='ocrx_word' id='word_1_198' title='bbox 785 3027 1012 3109; x_wconf 82' lang='lat' dir='ltr'>Aristophanis</span> <span class='ocrx_word' id='word_1_199' title='bbox 1040 3028 1173 3112; x_wconf 88' lang='lat' dir='ltr'>Vespis,</span> <span class='ocrx_word' id='word_1_200' title='bbox 1202 3030 1296 3114; x_wconf 87' lang='lat' dir='ltr'>Pace,</span> 
     </span>
     <span class='ocr_line' id='line_1_26' title="bbox 155 3136 1298 3221; baseline 0.002 -20"><span class='ocrx_word' id='word_1_201' title='bbox 155 3139 268 3219; x_wconf 89' lang='lat' dir='ltr'>Pluto,</span> <span class='ocrx_word' id='word_1_202' title='bbox 296 3136 632 3221; x_wconf 83' lang='lat' dir='ltr'>Thesmophoriazusis</span> <span class='ocrx_word' id='word_1_203' title='bbox 659 3140 812 3199; x_wconf 80' lang='lat' dir='ltr'>testatum</span> <span class='ocrx_word' id='word_1_204' title='bbox 841 3136 1009 3221; x_wconf 87' lang='lat' dir='ltr'>habemus)</span> <span class='ocrx_word' id='word_1_205' title='bbox 1042 3139 1135 3201; x_wconf 87' lang='lat' dir='ltr'>docte</span> <span class='ocrx_word' id='word_1_206' title='bbox 1163 3144 1195 3202; x_wconf 91' lang='lat' dir='ltr'>et</span> <span class='ocrx_word' id='word_1_207' title='bbox 1227 3143 1298 3204; x_wconf 85' lang='lat' dir='ltr'>sub-</span> 
     </span>
     <span class='ocr_line' id='line_1_27' title="bbox 155 3247 1298 3330; baseline 0.002 -19"><span class='ocrx_word' id='word_1_208' title='bbox 155 3249 259 3311; x_wconf 81' lang='lat' dir='ltr'>tiliter</span> <span class='ocrx_word' id='word_1_209' title='bbox 279 3248 444 3312; x_wconf 86' lang='lat' dir='ltr'>miscuisse</span> <span class='ocrx_word' id='word_1_210' title='bbox 467 3247 630 3311; x_wconf 90' lang='lat' dir='ltr'>credatur:</span> <span class='ocrx_word' id='word_1_211' title='bbox 659 3247 834 3330; x_wconf 89' lang='lat' dir='ltr'>taliumque</span> <span class='ocrx_word' id='word_1_212' title='bbox 856 3248 1108 3311; x_wconf 87' lang='lat' dir='ltr'>recordationem</span> <span class='ocrx_word' id='word_1_213' title='bbox 1130 3250 1164 3311; x_wconf 93' lang='lat' dir='ltr'>in</span> <span class='ocrx_word' id='word_1_214' title='bbox 1187 3272 1298 3313; x_wconf 86' lang='lat' dir='ltr'>caussa</span> 
     </span>
     <span class='ocr_line' id='line_1_28' title="bbox 155 3357 1299 3442; baseline 0.003 -21"><span class='ocrx_word' id='word_1_215' title='bbox 155 3359 256 3421; x_wconf 86' lang='lat' dir='ltr'>fuisse</span> <span class='ocrx_word' id='word_1_216' title='bbox 283 3358 379 3421; x_wconf 88' lang='lat' dir='ltr'>facile</span> <span class='ocrx_word' id='word_1_217' title='bbox 406 3357 583 3440; x_wconf 88' lang='lat' dir='ltr'>suspicere,</span> <span class='ocrx_word' id='word_1_218' title='bbox 614 3378 669 3419; x_wconf 91' lang='lat' dir='ltr'>cur</span> <span class='ocrx_word' id='word_1_219' title='bbox 696 3378 736 3419; x_wconf 93' lang='lat' dir='ltr'>ne</span> <span class='ocrx_word' id='word_1_220' title='bbox 765 3358 965 3437; x_wconf 78' lang='grc' dir='ltr'>διορθώεεω(</span> <span class='ocrx_word' id='word_1_221' title='bbox 993 3357 1119 3442; x_wconf 90' lang='lat' dir='ltr'>quidem</span> <span class='ocrx_word' id='word_1_222' title='bbox 1142 3360 1230 3422; x_wconf 90' lang='lat' dir='ltr'>notio</span> <span class='ocrx_word' id='word_1_223' title='bbox 1258 3362 1299 3424; x_wconf 89' lang='lat' dir='ltr'>ab</span> 
     </span>
     <span class='ocr_line' id='line_1_29' title="bbox 156 3466 1298 3550; baseline 0.003 -20"><span class='ocrx_word' id='word_1_224' title='bbox 156 3468 245 3530; x_wconf 90' lang='lat' dir='ltr'>illius</span> <span class='ocrx_word' id='word_1_225' title='bbox 272 3489 407 3550; x_wconf 87' lang='lat' dir='ltr'>persona</span> <span class='ocrx_word' id='word_1_226' title='bbox 430 3470 606 3547; x_wconf 87' lang='lat' dir='ltr'>arceretur,</span> <span class='ocrx_word' id='word_1_227' title='bbox 635 3471 668 3530; x_wconf 91' lang='lat' dir='ltr'>et</span> <span class='ocrx_word' id='word_1_228' title='bbox 695 3488 770 3529; x_wconf 83' lang='lat' dir='ltr'>vero</span> <span class='ocrx_word' id='word_1_229' title='bbox 798 3466 934 3548; x_wconf 89' lang='lat' dir='ltr'>quodam</span> <span class='ocrx_word' id='word_1_230' title='bbox 955 3468 1047 3531; x_wconf 90' lang='lat' dir='ltr'>rnodo</span> <span class='ocrx_word' id='word_1_231' title='bbox 1069 3470 1103 3531; x_wconf 91' lang='lat' dir='ltr'>in</span> <span class='ocrx_word' id='word_1_232' title='bbox 1126 3491 1196 3531; x_wconf 91' lang='lat' dir='ltr'>eum</span> <span class='ocrx_word' id='word_1_233' title='bbox 1226 3493 1298 3533; x_wconf 88' lang='lat' dir='ltr'>con·</span> 
     </span>
     <span class='ocr_line' id='line_1_30' title="bbox 156 3575 1124 3661; baseline 0.002 -21"><span class='ocrx_word' id='word_1_234' title='bbox 156 3577 292 3640; x_wconf 87' lang='lat' dir='ltr'>veniret.</span> <span class='ocrx_word' id='word_1_235' title='bbox 337 3577 430 3641; x_wconf 81' lang='lat' dir='ltr'>Cous.</span> <span class='ocrx_word' id='word_1_236' title='bbox 454 3576 664 3639; x_wconf 81' lang='lat' dir='ltr'>Fritzschium</span> <span class='ocrx_word' id='word_1_237' title='bbox 687 3576 721 3639; x_wconf 92' lang='lat' dir='ltr'>in</span> <span class='ocrx_word' id='word_1_238' title='bbox 743 3575 972 3659; x_wconf 70' lang='lat' dir='ltr'>Thesmophor,</span> <span class='ocrx_word' id='word_1_239' title='bbox 997 3601 1028 3661; x_wconf 89' lang='lat' dir='ltr'>p.</span> <span class='ocrx_word' id='word_1_240' title='bbox 1051 3579 1124 3643; x_wconf 76' lang='lat'><strong>208.</strong></span> 
     </span>
    </p>

    <p class='ocr_par' dir='ltr' id='par_1_3' title="bbox 154 3685 1302 4437">
     <span class='ocr_line' id='line_1_31' title="bbox 245 3685 1300 3771; baseline 0.006 -22"><span class='ocrx_word' id='word_1_241' title='bbox 245 3686 349 3750; x_wconf 82' lang='lat' dir='ltr'>Tanta</span> <span class='ocrx_word' id='word_1_242' title='bbox 384 3685 594 3771; x_wconf 79' lang='lat' dir='ltr'>congruentia</span> <span class='ocrx_word' id='word_1_243' title='bbox 624 3686 820 3750; x_wconf 88' lang='lat' dir='ltr'>diversorum</span> <span class='ocrx_word' id='word_1_244' title='bbox 853 3685 891 3749; x_wconf 89' lang='lat' dir='ltr'>de</span> <span class='ocrx_word' id='word_1_245' title='bbox 920 3687 1128 3770; x_wconf 85' lang='lat' dir='ltr'>Lycophrone</span> <span class='ocrx_word' id='word_1_246' title='bbox 1159 3692 1300 3754; x_wconf 87' lang='lat' dir='ltr'>testimo·</span> 
     </span>
     <span class='ocr_line' id='line_1_32' title="bbox 157 3795 1300 3877; baseline 0.004 -17"><span class='ocrx_word' id='word_1_247' title='bbox 157 3796 284 3860; x_wconf 84' lang='lat' dir='ltr'>nicrum</span> <span class='ocrx_word' id='word_1_248' title='bbox 311 3818 419 3860; x_wconf 90' lang='lat' dir='ltr'>nonne</span> <span class='ocrx_word' id='word_1_249' title='bbox 447 3796 541 3860; x_wconf 89' lang='lat' dir='ltr'>fidem</span> <span class='ocrx_word' id='word_1_250' title='bbox 568 3795 664 3877; x_wconf 88' lang='lat' dir='ltr'>facit,</span> <span class='ocrx_word' id='word_1_251' title='bbox 695 3796 823 3860; x_wconf 82' lang='lat' dir='ltr'>veritati</span> <span class='ocrx_word' id='word_1_252' title='bbox 852 3818 917 3860; x_wconf 94' lang='lat' dir='ltr'>non</span> <span class='ocrx_word' id='word_1_253' title='bbox 951 3799 1055 3861; x_wconf 84' lang='lat' dir='ltr'>minus</span> <span class='ocrx_word' id='word_1_254' title='bbox 1084 3806 1300 3865; x_wconf 85' lang='lat' dir='ltr'>consentanea</span> 
     </span>
     <span class='ocr_line' id='line_1_33' title="bbox 157 3905 1300 3995; baseline 0.005 -26"><span class='ocrx_word' id='word_1_255' title='bbox 157 3929 198 3970; x_wconf 87' lang='lat' dir='ltr'>ea</span> <span class='ocrx_word' id='word_1_256' title='bbox 213 3928 298 3989; x_wconf 87' lang='lat' dir='ltr'>esse,</span> <span class='ocrx_word' id='word_1_257' title='bbox 319 3929 400 3990; x_wconf 89' lang='lat' dir='ltr'>quae</span> <span class='ocrx_word' id='word_1_258' title='bbox 417 3906 566 3970; x_wconf 86' lang='lat' dir='ltr'>cumillis</span> <span class='ocrx_word' id='word_1_259' title='bbox 583 3905 843 3970; x_wconf 89' lang='lat' dir='ltr'>coniunctissima</span> <span class='ocrx_word' id='word_1_260' title='bbox 858 3908 943 3970; x_wconf 91' lang='lat' dir='ltr'>idem</span> <span class='ocrx_word' id='word_1_261' title='bbox 957 3907 1125 3972; x_wconf 83' lang='lat' dir='ltr'>Plautinus</span> <span class='ocrx_word' id='word_1_262' title='bbox 1143 3912 1300 3995; x_wconf 87' lang='lat' dir='ltr'>interpres</span> 
     </span>
     <span class='ocr_line' id='line_1_34' title="bbox 155 4015 1302 4102; baseline 0.003 -21"><span class='ocrx_word' id='word_1_263' title='bbox 155 4015 315 4081; x_wconf 81' lang='lat' dir='ltr'>tradidit?</span> <span class='ocrx_word' id='word_1_264' title='bbox 358 4018 426 4079; x_wconf 86' lang='lat' dir='ltr'>Aut</span> <span class='ocrx_word' id='word_1_265' title='bbox 451 4016 538 4079; x_wconf 91' lang='lat' dir='ltr'>enim</span> <span class='ocrx_word' id='word_1_266' title='bbox 565 4015 617 4077; x_wconf 91' lang='lat' dir='ltr'>hic</span> <span class='ocrx_word' id='word_1_267' title='bbox 640 4037 717 4079; x_wconf 87' lang='lat' dir='ltr'>casu</span> <span class='ocrx_word' id='word_1_268' title='bbox 743 4020 870 4080; x_wconf 89' lang='lat' dir='ltr'>tantum</span> <span class='ocrx_word' id='word_1_269' title='bbox 897 4017 936 4079; x_wconf 89' lang='lat' dir='ltr'>de</span> <span class='ocrx_word' id='word_1_270' title='bbox 958 4018 1166 4102; x_wconf 88' lang='lat' dir='ltr'>Lycophrone</span> <span class='ocrx_word' id='word_1_271' title='bbox 1195 4021 1225 4083; x_wconf 91' lang='lat' dir='ltr'>id</span> <span class='ocrx_word' id='word_1_272' title='bbox 1253 4026 1302 4085; x_wconf 88' lang='lat' dir='ltr'>est</span> 
     </span>
     <span class='ocr_line' id='line_1_35' title="bbox 155 4125 1300 4212; baseline 0.003 -21"><span class='ocrx_word' id='word_1_273' title='bbox 155 4126 380 4209; x_wconf 87' lang='lat' dir='ltr'>halucinatus,</span> <span class='ocrx_word' id='word_1_274' title='bbox 415 4125 498 4208; x_wconf 89' lang='lat' dir='ltr'>quod</span> <span class='ocrx_word' id='word_1_275' title='bbox 526 4146 653 4208; x_wconf 85' lang='lat' dir='ltr'>prorsus</span> <span class='ocrx_word' id='word_1_276' title='bbox 683 4125 811 4189; x_wconf 86' lang='lat' dir='ltr'>aliunde</span> <span class='ocrx_word' id='word_1_277' title='bbox 838 4128 948 4209; x_wconf 88' lang='lat' dir='ltr'>petitis</span> <span class='ocrx_word' id='word_1_278' title='bbox 973 4131 1170 4212; x_wconf 83' lang='lat' dir='ltr'>argumentis</span> <span class='ocrx_word' id='word_1_279' title='bbox 1192 4153 1300 4194; x_wconf 88' lang='lat' dir='ltr'>verum</span> 
     </span>
     <span class='ocr_line' id='line_1_36' title="bbox 155 4235 1301 4322; baseline 0.005 -22"><span class='ocrx_word' id='word_1_280' title='bbox 155 4237 383 4320; x_wconf 85' lang='lat' dir='ltr'>cognovimus:</span> <span class='ocrx_word' id='word_1_281' title='bbox 416 4235 499 4318; x_wconf 93' lang='lat' dir='ltr'>quod</span> <span class='ocrx_word' id='word_1_282' title='bbox 527 4257 620 4298; x_wconf 91' lang='lat' dir='ltr'>nemo</span> <span class='ocrx_word' id='word_1_283' title='bbox 648 4257 713 4298; x_wconf 91' lang='lat' dir='ltr'>non</span> <span class='ocrx_word' id='word_1_284' title='bbox 741 4235 828 4300; x_wconf 89' lang='lat' dir='ltr'>videt</span> <span class='ocrx_word' id='word_1_285' title='bbox 860 4260 955 4322; x_wconf 90' lang='lat' dir='ltr'>quam</span> <span class='ocrx_word' id='word_1_286' title='bbox 982 4240 1024 4302; x_wconf 90' lang='lat' dir='ltr'>sit</span> <span class='ocrx_word' id='word_1_287' title='bbox 1050 4241 1165 4304; x_wconf 89' lang='lat' dir='ltr'>mirum</span> <span class='ocrx_word' id='word_1_288' title='bbox 1193 4246 1226 4305; x_wconf 90' lang='lat' dir='ltr'>et</span> <span class='ocrx_word' id='word_1_289' title='bbox 1253 4243 1301 4306; x_wconf 91' lang='lat' dir='ltr'>in-</span> 
     </span>
     <span class='ocr_line' id='line_1_37' title="bbox 154 4345 1301 4437; baseline 0.005 -26"><span class='ocrx_word' id='word_1_290' title='bbox 154 4345 325 4411; x_wconf 88' lang='lat' dir='ltr'>credibile:</span> <span class='ocrx_word' id='word_1_291' title='bbox 350 4347 407 4408; x_wconf 89' lang='lat' dir='ltr'>aut</span> <span class='ocrx_word' id='word_1_292' title='bbox 428 4345 525 4408; x_wconf 88' lang='lat' dir='ltr'>etiam</span> <span class='ocrx_word' id='word_1_293' title='bbox 539 4345 661 4428; x_wconf 89' lang='lat' dir='ltr'>reliqua</span> <span class='ocrx_word' id='word_1_294' title='bbox 676 4345 737 4409; x_wconf 90' lang='lat' dir='ltr'>sibi</span> <span class='ocrx_word' id='word_1_295' title='bbox 760 4346 845 4410; x_wconf 89' lang='lat' dir='ltr'>credi</span> <span class='ocrx_word' id='word_1_296' title='bbox 860 4349 982 4412; x_wconf 86' lang='lat' dir='ltr'>tamdiu</span> <span class='ocrx_word' id='word_1_297' title='bbox 996 4351 1134 4433; x_wconf 90' lang='lat' dir='ltr'>iubebit,</span> <span class='ocrx_word' id='word_1_298' title='bbox 1151 4354 1301 4437; x_wconf 86' lang='lat' dir='ltr'>quamdiu</span> 
     </span>
    </p>
   </div>
   <div class='ocr_carea' id='block_1_3' title="bbox 0 0 1519 5010">
    <p class='ocr_par' dir='ltr' id='par_1_4' title="bbox 0 0 1519 5010">
     <span class='ocr_line' id='line_1_38' title="bbox 0 0 1519 5010; baseline 0 0"><span class='ocrx_word' id='word_1_299' title='bbox 0 0 1519 5010; x_wconf 95' lang='lat' dir='ltr'> </span> 
     </span>
    </p>
   </div>
  </div>
 </body>
</html>
