2896 4996
246 347 308 412 588
627 364 673 408 nn
697 362 766 409 ouo
790 363 834 409 ur
858 362 999 409 carons.

213 527 349 600 tuoque
372 517 530 581 indicibus
553 517 588 580 in
610 515 868 600 Etymologicum
896 517 940 578 M.
970 519 1003 578 et
1025 515 1195 579 Zonaranr.
1239 515 1282 579 Vt
1299 515 1359 578 haec

246 626 395 711 prodeat,
431 626 585 711 siquidem
614 647 742 710 prorsus
772 647 858 689 nunc
888 626 1055 689 recedatur
1085 648 1104 688 a
1134 625 1249 691 Suidae
1275 647 1360 690 narra-

246 737 349 819 tione,
382 737 580 821 singulomm
603 739 635 800 et
657 737 883 821 magistrorum
905 739 938 799 et
960 737 1260 800 commentariorum
1280 736 1361 819 dispo

246 847 339 929 sitio,
369 848 469 910 nimia
492 847 548 910 illa
572 846 759 911 credulitate
788 851 935 930 suscepta
958 847 992 909 iu
1016 846 1157 910 Fabricii
1189 845 1272 910 Bibl.
1293 844 1362 931 gul

246 981 278 1041 p.
304 957 364 1022 105
386 980 431 1040 sq.
456 961 488 1021 et
510 957 556 1021 Vl
578 981 609 1041 p.
627 957 686 1021 621
704 980 767 1040 sq.:
792 960 863 1021 Orio
889 961 1049 1021 Thebanus
1071 960 1104 1020 et
1128 960 1206 1021 Orus
1231 961 1364 1021 Thebanus

246 1069 318 1146 περὶ
346 1069 570 1149 ἐτυμολογίας,
608 1072 679 1133 Orio
709 1073 844 1132 Milesius
871 1071 903 1131 et
927 1071 1005 1132 Orus
1031 1070 1103 1147 περὶ
1130 1068 1279 1145 ἐθνικῶν,
1306 1071 1364 1130 Orus

249 1184 384 1242 Milesius
405 1180 477 1258 περὶ
499 1179 727 1261 ὀρθογραφῐαε,
759 1178 827 1242 Nec
842 1178 1029 1241 minuuntur
1043 1178 1125 1241 istae
1147 1179 1260 1242 turbae
1281 1177 1365 1241 indice

248 1288 302 1351 illo
331 1287 527 1352 Coisliniano
556 1296 594 1353 de
620 1297 731 1353 ortium
759 1301 788 1353 et
811 1295 1043 1369 discplinorum
1071 1294 1275 1353 inventoribus
1300 1286 1367 1371 apud

247 1398 533 1462 Montefalconium
556 1423 587 1483 p.
604 1400 678 1483 597,
702 1400 756 1462 ubi
772 1399 983 1483 inscriptione
1005 1399 1182 1483 praemissa
1199 1399 1267 1464 ὅεοι
1288 1419 1368 1477 γραμ-

247 1510 368 1588 ματικοί
395 1510 480 1572 solus
508 1510 693 1573 nominatur
721 1511 803 1573 Orus
811 1561 819 1593 ,
849 1511 884 1573 iu
907 1510 1114 1594 scriptoribus
1137 1512 1211 1589 περὶ
1233 1511 1370 1590 ὀρθογμα·

247 1619 323 1700 φίας
345 1641 470 1683 rursum
493 1621 666 1684 collocatur
689 1621 790 1699 Orus,
813 1621 926 1684 deinde
946 1622 1017 1700 περὶ
1040 1622 1201 1700 διχρόνων
1225 1619 1371 1704 magistris

248 1729 329 1794 Orus
353 1734 540 1794 accensetur
562 1734 594 1794 et
615 1732 731 1794 iterum
747 1731 839 1814 Orus,
864 1731 976 1794 ultimo
999 1734 1106 1793 autem
1128 1731 1199 1794 loco
1215 1730 1291 1795 Orio
1305 1729 1372 1792 Tho

248 1841 350 1904 banus
372 1842 502 1924 ponitur
518 1841 800 1927 ethnicographus.
832 1841 978 1925 Denique
993 1841 1227 1904 incredibiliter
1248 1841 1373 1904 omniun

247 1974 353 2014 rerum
376 1952 519 2015 confusio
543 1951 730 2038 adaugetur,
754 1952 870 2016 ubido
894 1951 1105 2035 congruentia
1128 1956 1184 2014 aut
1207 1951 1375 2034 discrepan-

247 2062 293 2125 tia
315 2062 409 2125 lexici
433 2061 563 2125 Orionoi
585 2064 687 2126 nostri
710 2056 872 2146 quaeritur
895 2065 927 2126 et
950 2084 1073 2145 eorum,
1098 2084 1179 2146 quae
1204 2063 1254 2125 vel
1277 2060 1374 2125 Orioni

248 2172 296 2234 vel
321 2172 385 2236 Oro
413 2172 597 2235 tribuuntur
624 2174 658 2236 in
681 2172 927 2257 Etymologiois:
965 2172 1047 2256 quod
1076 2172 1204 2257 quidem
1232 2172 1292 2236 hoc
1317 2173 1376 2234 loco

248 2283 431 2367 significare
453 2286 581 2346 tantum
602 2284 738 2348 necdum
759 2284 835 2347 lieet
856 2284 1013 2368 persequi.
1045 2282 1106 2347 Sed
1129 2304 1167 2346 ex
1183 2286 1277 2346 tanta
1299 2281 1377 2345 dissi-

248 2393 391 2457 dentium
414 2395 670 2457 testimoniorum
699 2394 792 2458 turba
816 2399 848 2457 et
870 2395 960 2478 quasi
990 2394 1123 2457 colluvie
1146 2393 1285 2478 quadam
1306 2393 1377 2456 scire

247 2503 337 2566 lubet
363 2527 424 2587 qua
451 2506 583 2568 tandem
615 2506 667 2569 via
696 2527 764 2568 sese
798 2504 945 2589 expedire
976 2504 1131 2588 philologi
1171 2505 1280 2568 conati
1311 2504 1376 2567 sint.

248 2613 379 2677 Scilicet
411 2618 592 2697 permutata
620 2615 724 2680 dicere
758 2615 875 2678 similia
911 2616 1107 2678 diversorum
1140 2616 1273 2678 nomina
1310 2613 1378 2677 satis

248 2724 360 2786 habuit
382 2724 569 2810 Sylburgius
589 2726 699 2791 Indice
720 2727 755 2789 iu
778 2726 831 2789 Et.
855 2726 898 2789 M.
922 2748 953 2809 p.
978 2725 1091 2789 lotio
1112 2725 1160 2788 ed.
1185 2725 1285 2809 Lips,
1310 2724 1378 2787 satis

248 2835 345 2899 ctiam
374 2835 531 2919 Sturnius3
559 2860 658 2900 unum
685 2842 812 2900 tantum
839 2836 1043 2900 multitudine
1072 2836 1240 2899 nominum
1267 2834 1378 2920 signifi·

248 2947 313 3009 cari
329 2948 575 3031 grammaticum
590 2947 754 3010 Fabricius
770 2948 831 3011 sibi
854 2947 1012 3030 persuasit
1027 2946 1111 3009 Bibl.
1129 2968 1178 3030 gr.
1196 2942 1244 3010 Vl
1267 2970 1299 3030 p.
1314 2945 1378 3022 324,

248 3057 405 3141 persuasit
428 3058 525 3120 ctiam
547 3056 713 3122 Harlesio:
759 3058 799 3121 cf.
830 3057 861 3141 p
885 3058 957 3121 603.
982 3057 1054 3121 621.
1101 3055 1229 3137 Secuti,
1261 3060 1297 3119 ut
1321 3055 1379 3118 lere

246 3168 298 3250 fit,
328 3168 520 3232 recentiores
549 3190 618 3231 cum
647 3169 702 3231 alii
731 3172 799 3232 tum
826 3169 880 3252 qui
908 3167 946 3231 de.
974 3166 1152 3249 Hermippo
1180 3188 1286 3250 nuper
1308 3187 1378 3230 com·

247 3281 408 3342 mentatus
432 3282 480 3342 est
502 3279 697 3363 Lozynslrius
720 3302 752 3363 p.
776 3278 827 3343 25.

780 3473 853 3554 §b

332 3609 398 3673 Nos
422 3615 528 3673 autem
550 3615 586 3673 ut
608 3611 739 3692 acriore,
764 3610 790 3673 si
805 3610 874 3673 fieri
890 3611 1000 3693 possit,
1026 3608 1130 3670 Marte
1146 3608 1374 3683 contendamus,

247 3743 266 3782 a
288 3720 408 3783 duobus
439 3721 517 3784 locis
545 3721 797 3804 proficiscemur,
829 3741 907 3803 quos
941 3720 1024 3782 solos
1057 3718 1201 3780 illibatos
1231 3718 1374 3782 ceruimus

246 3830 373 3893 illorum
395 3830 547 3894 fluctuum
570 3831 772 3915 contagione.
804 3830 923 3893 Eorum
944 3830 1026 3892 alter
1047 3827 1099 3891 hie
1123 3830 1183 3909 est,
1208 3829 1291 3912 quod
1312 3824 1374 3890 leri·

132 4028 133 4031 Ἴ
248 3962 319 4002 cum
334 3940 411 4003 illud
429 3942 750 4025 etymologicum,
776 3941 839 4003 alio
856 3940 932 4002 alibi
948 3939 1077 4002 nominc
1094 3942 1372 4013 commemoratum,

120 4029 131 4039 s
247 4073 284 4112 ex
309 4051 430 4131 liegiac
455 4052 666 4115 bibliothecae
689 4050 819 4114 latebris
835 4049 987 4113 Larcheri
1008 4048 1168 4111 industria
1192 4052 1373 4131 protractum

246 4161 364 4223 nostris
386 4161 448 4242 ipsi
471 4161 619 4223 manibus
642 4165 797 4242 tenemus,
822 4164 855 4223 et
877 4159 1078 4243 apertissimo
1095 4158 1224 4241 quidem
1246 4157 1373 4220 testimo·

247 4269 301 4331 nio
324 4270 519 4354 adscriptum
549 4271 688 4334 Orioni
712 4271 899 4334 Thebano
927 4268 1139 4353 grammatico
1168 4263 1372 4333 Caesareeusi.

248 4378 382 4444 Adiecta
409 4380 494 4443 enim
521 4386 736 4460 γραμματικοῦ
766 4381 948 4459 Καιεαρείαι
976 4358 1088 4462 verba,
1123 4379 1241 4443 iterata
1268 4373 1372 4439 illain
