2896 4996
474 307 521 354 nn
545 307 614 355 ouo
638 307 682 354 nr
706 308 847 356 onroua.
1168 291 1232 356 615

90 484 170 546 esse,
195 461 322 525 aliunde
345 464 504 544 sumptam
525 460 658 523 alteram
680 460 773 524 docet
794 459 847 523 Et.
872 462 915 523 M.
940 484 971 543 p.
996 462 1067 544 783,
1094 463 1142 525 17.
1188 461 1231 524 Et

90 574 143 638 hic
165 593 288 656 quoque
311 571 410 651 Ὠρο(
432 571 451 635 ὁ
474 571 625 648 Μιλήαοε
649 575 697 633 est
720 571 803 655 apud
825 570 983 635 Zonaram
1004 594 1036 654 p.
1064 572 1154 635 1806.
1236 573 1238 578 ’

177 682 324 747 Ceterum
347 684 596 745 consentaneum
619 684 677 764 est,
702 681 785 764 quod
800 681 839 744 de
860 681 973 744 alienis
996 682 1230 745 accessionibus

89 796 125 858 in
141 793 282 857 Orionea
304 792 345 856 ab
360 791 575 875 Etymologici
591 792 635 854 M.
653 795 781 854 auctore
798 790 919 854 adsutis
935 795 955 871 ξ
971 792 991 855 9
1013 791 1228 874 disseruimus,

88 902 174 967 idem
196 903 237 966 ad
260 901 317 966 Ori
339 923 462 986 quoque
489 901 673 986 fragmenta
701 902 741 965 ab
765 902 884 965 Orione
909 906 1035 965 servata
1058 903 1228 986 pertinere.

89 1014 209 1079 Confer
232 1013 360 1095 bubuco,
385 1013 483 1095 trude,
507 1013 608 1095 τηλία,
632 1013 737 1091 ὑπήνη
759 1035 852 1075 voces
875 1012 1003 1076 Orionis
1026 1034 1057 1095 p.
1082 1012 1153 1095 140,
1177 1013 1227 1076 27.

92 1125 164 1206 139,
191 1124 240 1188 19.
267 1124 337 1205 154,
362 1124 391 1186 7.
417 1123 488 1204 155,
515 1124 530 1184 1
555 1144 626 1185 cum
649 1122 757 1206 atym.
781 1122 825 1185 M.
850 1145 882 1205 p.
906 1123 979 1206 706,
1006 1123 1054 1186 13.
1080 1123 1152 1206 704,
1176 1124 1227 1188 25.

90 1235 217 1316 757,,1.
240 1234 312 1316 780,
328 1234 380 1296 29.
416 1233 447 1295 Α
462 1232 575 1315 quibus
597 1236 712 1296 tamen·
729 1233 902 1317 diligenter
924 1231 1121 1317 seiungenda
1143 1236 1228 1318 sunt,

89 1345 124 1407 in
152 1344 265 1428 quibus
293 1343 412 1407 Orione
440 1344 596 1426 copiosius
624 1343 882 1427 Etymologicum
907 1343 1098 1426 integriores
1120 1346 1230 1407 tamen

88 1458 200 1517 tenere
229 1454 285 1518 Ori
312 1454 510 1537 notationes,
545 1476 608 1516 non
643 1453 852 1536 interpolatas
884 1452 1019 1516 videtur.
1065 1452 1163 1517 Velut
1194 1455 1229 1518 in

89 1565 147 1642 etc,
170 1565 292 1646 ὅμιλος,
316 1564 446 1643 ὁμοκλή,
470 1568 622 1644 (ταμῑνεε,
646 1565 771 1644 (τατήρ,
794 1565 888 1641 (rolli
910 1563 1040 1626 vocibus
1056 1564 1110 1628 Or.
1127 1588 1158 1648 p.
1178 1567 1227 1648 73,

92 1676 120 1737 1.
147 1675 222 1756 118,
247 1674 277 1737 9.
303 1674 379 1756 123,
403 1675 455 1737 29.
482 1674 559 1757 142,
583 1674 634 1736 21.
665 1673 742 1756 148,
766 1673 817 1738 25.
849 1674 923 1755 150,
949 1675 984 1756 7,
1010 1674 1134 1737 collatis
1158 1698 1229 1738 cum

88 1783 142 1847 Et.
169 1783 212 1846 M.
237 1806 268 1867 p.
291 1783 365 1865 452,
392 1785 440 1847 16.
465 1783 538 1866 623,
561 1783 613 1847 58.
637 1783 709 1865 625,
736 1784 784 1846 14.
810 1783 882 1866 724,
905 1784 957 1848 56.
981 1783 1054 1866 725,
1081 1785 1129 1847 11.
1155 1786 1228 1868 728,
1269 1830 1273 1839 .

91 1896 146 1958 13:
170 1895 282 1978 quibus
303 1893 383 1958 adde
399 1893 558 1977 pleniores
573 1915 668 1977 quam
691 1893 775 1976 apud
791 1893 942 1956 Orionem
964 1917 995 1976 p.
1014 1895 1065 1976 75,
1081 1876 1112 1958 6.
1130 1896 1181 1978 80,
1196 1897 1226 1958 3.

88 2005 146 2086 79,
170 2006 201 2068 6.
227 2005 305 2086 146,
329 2006 349 2067 6
372 2003 515 2067 Zonaras
537 2025 630 2067 voees
653 2004 728 2083 ἰωή,
750 2005 889 2083 καρπός,
922 2005 1049 2084 crepet<
1077 2028 1108 2088 p.
1135 2007 1226 2070 1138.

90 2115 182 2178 1147.
216 2114 307 2178 1668.
351 2114 497 2198 Denique
524 2118 631 2178 autem
659 2136 725 2177 non
748 2114 863 2177 desunt
886 2115 1047 2177 contraria
1070 2117 1225 2199 exempla,

86 2225 122 2287 in
145 2224 257 2307 quibus
280 2225 320 2289 ab
343 2225 566 2308 Etymologico
593 2227 719 2287 servata
742 2225 797 2289 Ori
826 2225 932 2313 aliqua
955 2225 1079 2288 notatio
1102 2227 1227 2309 supple-

86 2338 161 2397 atur
182 2356 219 2398 ex
243 2335 361 2399 Orione
383 2338 544 2419 oporteat,
573 2357 763 2419 quamquam
786 2335 842 2399 Ori
871 2357 986 2398 nomen
1010 2339 1154 2400 tacente:
1192 2340 1227 2400 ut

85 2445 218 2508 nonsit
244 2445 362 2509 nullius
389 2468 463 2508 usus
487 2447 614 2510 Orionis
642 2446 778 2509 lexicum
804 2445 843 2509 ad
866 2445 1021 2510 eruendas
1044 2447 1226 2511 instauran-

84 2555 204 2638 dasque
232 2555 288 2618 Ori
310 2554 427 2619 Milesii
455 2556 615 2640 reliquias.
660 2555 697 2619 ld
725 2555 808 2639 quod
837 2557 882 2619 ita
913 2578 980 2619 esse
1002 2557 1171 2641 intelleges
1194 2582 1223 2622 v.

85 2667 243 2745 Ζαχρειήε,
265 2666 340 2731 dioc
364 2667 418 2729 Or.
442 2688 473 2748 p.
498 2667 597 2747 67,1.
625 2667 694 2748 118,
714 2666 841 2729 11.-111.
859 2666 902 2729 M.
919 2666 993 2749 408,
1010 2667 1062 2730 29.
1085 2669 1158 2751 626,
1183 2669 1226 2733 49

84 2775 220 2858 aliisque
242 2776 372 2839 minime
394 2776 515 2859 paucis.
560 2775 645 2850 Quas
672 2777 855 2839 notationes
884 2780 1015 2839 cunctas
1043 2799 1136 2860 quem
1159 2801 1224 2842 non

84 2885 227 2969 piguerit
249 2887 392 2949 evolvere
415 2890 447 2949 et
469 2886 607 2949 invicem
628 2886 713 2950 inter
735 2908 769 2950 se
792 2886 948 2967 conferre,
975 2887 1002 2949 is
1025 2909 1091 2950 uon
1113 2888 1224 2952 dubito

83 2995 164 3078 quin
191 2995 398 3078 praecipuum
420 2996 549 3078 Orioni,
579 3019 672 3081 quem
699 3001 899 3079 sequeretur,
933 2999 1095 3060 auctorem
1124 2998 1224 3061 Orum

82 3105 183 3168 fuisse
213 3126 418 3169 concessurus
447 3107 499 3190 sit·
517 3106 751 3170 lubentissime:
788 3129 845 3170 nos
875 3107 1043 3190 quominus
1074 3109 1223 3192 congruis

82 3215 259 3297 quibusque
280 3215 369 3278 iuxta
391 3217 504 3299 positis
518 3217 597 3281 illud
614 3217 781 3280 consilium
803 3217 1014 3299 sublevemus,
1040 3217 1223 3306 chartarum
1289 3260 1291 3263 ·

83 3323 243 3409 angustiis
265 3325 480 3408 prohibemur.

606 3610 625 3687 a
650 3608 699 3670 rs.

166 3765 263 3829 Nunc
285 3770 321 3829 ut
344 3767 453 3832 redcat
473 3767 557 3831 unde
571 3768 833 3850 proficiscebatur
847 3768 965 3831 oratio:
988 3769 1071 3852 quod
1088 3769 1220 3853 deipsis
1239 3792 1271 3839 32

78 3876 261 3960 praeceptis
284 3879 502 3960 grammaticis
524 3880 811 3963 vocabulorumque
840 3878 1059 3942 notationibus
1082 3881 1220 3944 ostendi-

76 4008 161 4069 mus,
185 3985 218 4049 id
241 3987 308 4049 noli
330 3988 475 4052 dubitare
498 3989 532 4052 in
555 3990 727 4053 coniuncta
743 3989 892 4053 cumillis
907 3990 1093 4053 testimonia
1115 3993 1220 4054 trans-

74 4097 174 4160 ferre.
221 4095 324 4170 Quam
346 4098 380 4160 in
402 4120 470 4162 rem
492 4099 620 4183 duplici⁴
635 4101 754 4163 utimur
781 4105 985 4183 argiuncnto:
1023 4101 1125 4162 altero
1153 4102 1219 4184 qui-

73 4207 150 4270 dem
174 4206 246 4288 hoc,
270 4208 369 4291 quod,
393 4231 470 4292 quos
485 4212 711 4293 grammaticos
735 4210 775 4272 ab
791 4210 909 4273 Orione
932 4214 1101 4293 usurpatos
1123 4234 1219 4295 supra

69 4300 332 4399 nominavimus,
363 4319 391 4381 ei
417 4320 457 4383 ad
480 4343 579 4384 unum
601 4341 710 4384 omnes
738 4321 873 4384 redeunt
901 4322 934 4383 in
957 4321 1062 4385 indice
1085 4323 1217 4406 scripto-
