2948 4996
495 331 614 377 annvn
637 329 899 379 scarrromavs.
1016 396 1020 400 ⁶
1202 310 1264 376 457

122 489 328 566 θρατνδαῑον
352 484 532 549 θετταλοὺε
554 483 778 562 ἀντεροῦντας.
799 481 895 546 'Num
910 481 990 546 haec
1012 502 1134 565 quoque
1156 504 1173 545 e
1196 503 1264 567 sep·

126 597 205 660 timo
233 595 315 658 libro
342 593 572 658 Macedonicon
604 592 707 675 petita
741 592 807 655 sint
839 595 1013 675 octavoque
1042 613 1083 654 an
1112 613 1196 655 nono
1225 592 1265 655 ad

127 704 305 770 Alexandri
338 725 388 768 res
421 706 529 788 gestas
562 702 699 785 scriptor
727 702 909 783 transierit,
943 702 977 763 in
1000 702 1065 783 hac¹
1088 701 1264 765 testimoni-

128 838 219 880 orum
240 814 374 899 penuria
396 813 552 878 nescitur:
586 812 730 895 tametsi,
759 833 854 896 quarn
876 810 969 875 modo
991 810 1203 894 ponebamus,
1228 832 1265 875 ea

129 925 381 990 commodissime
403 945 481 987 sane
503 923 668 1006 dispositio
690 922 725 985 in
741 943 846 986 rerum
861 921 1089 985 tradendarum
1110 922 1266 985 ambitum

129 1039 162 1100 et
182 1036 323 1099 rationes
346 1034 506 1098 convenit.

214 1145 301 1231 (IX)·
326 1144 440 1208 Restat
465 1165 532 1207 non
559 1143 724 1225 Marsyae,
752 1142 808 1205 sed
835 1142 875 1205 de
896 1141 1026 1225 Marsya
1047 1143 1267 1207 testimonium

129 1255 271 1337 Diodori,
294 1255 348 1338 qui
371 1275 525 1317 enarrans
547 1252 619 1335 XX,
636 1252 689 1334 50,
714 1273 775 1336 quo
792 1251 885 1315 modo
908 1251 948 1315 ad
970 1273 1113 1337 pugnam
1136 1252 1266 1336 Cypria-

130 1387 201 1429 cam
223 1364 354 1448 (olymp.
381 1363 457 1446 118,
480 1362 514 1446 2)
538 1362 718 1426 Demetrius
740 1362 918 1426 Poliorceta
942 1363 1042 1426 aciem
1067 1363 1264 1445 instruxerit,

128 1476 210 1539 haec
233 1475 340 1558 ponit:
362 1476 441 1539 κατὰ
456 1474 550 1552 μέεην
567 1476 603 1537 δὲ
624 1475 682 1552 τὴν
704 1473 790 1540 τάξιν
814 1474 853 1538 τὰ
876 1473 1022 1552 ἐλάχιετα
1043 1478 1108 1538 τῶν
1133 1480 1266 1555 (καφῶν

129 1588 274 1668 ἔττηεεν,
306 1585 353 1650 ὼν
375 1585 516 1663 ἡγοῦντο
540 1584 682 1663 Θεμίεων
709 1605 744 1648 τε
772 1584 927 1662 ὁίὰμιοε
955 1585 1004 1647 καὶ
1033 1585 1219 1662 Μαρτύα(
1247 1585 1265 1649 ὁ

128 1696 198 1760 τὰ(
221 1695 492 1760 Μακεδονικὰ(
518 1694 678 1773 πράξει(
700 1694 996 1772 (ννταξάμενοε.
1025 1692 1156 1756 Rectius
1172 1716 1267 1777 quam
1378 1726 1380 1730 ⁸

129 1806 170 1868 de
185 1803 384 1888 Philippensi
395 1802 539 1885 Vossius,
551 1802 786 1886 Wesselingius
808 1802 847 1866 de
863 1802 990 1866 Pellaeo
1014 1803 1170 1887 cogitavit
1196 1826 1267 1868 cum

130 1936 230 1998 coque
257 1914 425 1979 Clintonus
452 1912 540 1976 Fast.
564 1912 638 1975 hell.
663 1935 694 1995 p.
716 1912 776 1975 185
798 1912 854 1975 Kr.
900 1911 968 1976 Neo
991 1913 1077 1976 enim
1099 1912 1267 1997 quicquam

130 2045 262 2089 caussae
289 2028 353 2106 est,
383 2045 438 2088 our
465 2043 646 2106 repugnare
674 2026 852 2105 temporum
878 2022 1037 2085 rationem
1059 2021 1173 2087 Vossio
1203 2045 1267 2088 cre-

129 2135 258 2198 damus:
295 2155 391 2216 quam
412 2132 539 2217 quidem
561 2132 759 2215 exploratam
786 2132 825 2194 de
847 2130 975 2195 Pellaeo
996 2132 1165 2217 habemus,
1201 2156 1267 2197 non

130 2245 208 2308 item
231 2243 384 2307 habemus
406 2242 445 2306 de
467 2242 678 2325 Philippensi.
738 2241 855 2316 Quidni
885 2245 991 2305 autem
1018 2242 1140 2326 potuit,
1174 2266 1268 2327 quem

130 2376 196 2418 una
225 2375 295 2417 cum
328 2352 512 2417 Alexandro
545 2354 672 2435 oportet
704 2352 788 2415 circa
823 2351 951 2415 initium
983 2352 1172 2436 olympiadis
1208 2354 1267 2418 106

130 2468 244 2528 natum
267 2484 350 2546 esse,
380 2463 506 2526 circiter
533 2461 559 2524 L
581 2462 630 2524 vir
656 2481 812 2525 annorum
839 2483 967 2545 pugnae
995 2462 1173 2526 interesse?
1215 2465 1268 2528 Ab

131 2572 309 2638 Alexandri
337 2573 422 2636 enim
456 2572 577 2655 potius,
614 2571 700 2635 cuius
734 2573 916 2654 (ύντροφοτ
943 2572 1074 2655 dicitur,
1110 2595 1205 2656 quam
1227 2574 1268 2638 ab

131 2683 303 2767 Antigoni,
337 2682 390 2766 qui
423 2682 525 2745 frater
559 2681 759 2764 perhibetur,
791 2683 953 2746 natalibus
987 2683 1267 2765 proficiscendum:

130 2794 185 2878 qui
214 2813 285 2855 cum
315 2792 398 2856 circa
426 2791 615 2874 olympiadis
646 2790 707 2855 120
732 2791 861 2855 initium
890 2792 1005 2856 obierit
1039 2793 1154 2856 aetatis
1183 2815 1268 2856 anno

131 2901 267 2966 LXXXI
284 2901 399 2985 (quode
415 2901 650 2967 of.Olintonum
665 2924 696 2984 p.
707 2902 792 2985 188),
808 2923 937 2965 necesse
953 2906 1002 2964 est
1018 2902 1145 2965 circiter
1160 2900 1269 2965 XXIV

132 3013 228 3075 annis
250 3014 326 3074 ante
347 3011 509 3094 Marsyam
537 3011 671 3074 fratrem
693 3014 789 3074 natus
817 3012 869 3075 sit.
915 3010 1062 3075 Ceterum
1092 3033 1162 3074 cum
1191 3011 1302 3074 olibis

132 3121 292 3204 Antigoni
314 3124 439 3203 patrem
466 3120 667 3204 Philippum,
699 3142 764 3184 non
786 3120 997 3184 Periandrum
1023 3121 1115 3203 prodi
1144 3120 1268 3184 Wesse-
1334 3155 1342 3170 ·

132 3230 252 3313 lingius
275 3230 458 3293 recordatus
479 3230 529 3293 vel
553 3230 667 3293 erroris
689 3231 739 3293 vel
764 3230 960 3312 corruptelae
984 3229 1114 3294 Suidam
1138 3229 1269 3294 insimu-

132 3340 248 3421 lasset,
279 3343 330 3402 sat
356 3339 565 3423 probabiliter
593 3339 631 3402 de
664 3339 765 3402 fratre
794 3339 919 3402 uterino
949 3338 1269 3424 Schweighaeuserus

133 3449 288 3533 cogitavit
310 3449 404 3532 idque
426 3448 592 3532 Kxuegero
614 3470 737 3532 quoque
758 3449 918 3532 persuasit
945 3449 980 3513 in
1009 3448 1152 3514 Olintoni
1180 3449 1267 3513 Fast.

132 3557 208 3622 hell.
232 3581 263 3641 p.
289 3558 359 3623 185.
1206 3642 1210 3652 Ι

218 3668 270 3731 Ad
292 3689 413 3731 annum
435 3671 559 3732 sextum
581 3669 757 3733 Alexandri
779 3669 964 3753 produxisse
986 3669 1150 3753 Marsyam
1164 3669 1269 3734 Mace-

133 3777 271 3842 donicon
292 3778 391 3841 libros
413 3778 491 3841 satis
515 3778 627 3843 Suidas
650 3779 834 3843 declaravit.
880 3778 965 3843 Nam
993 3778 1104 3862 Syriae
1130 3779 1270 3844 incursio

133 3887 179 3969 (h.
204 3909 230 3951 e.
255 3887 464 3970 Phoenicine,
488 3910 581 3971 quem
603 3889 752 3972 loquendi
774 3911 865 3953 usum
887 3889 1144 3972 locupletissimis
1168 3911 1269 3952 exem-

131 3997 195 4079 plis
217 3996 392 4061 Kreuserus
414 3998 589 4061 illustravit
611 3998 739 4073 Quaest.
763 3999 894 4063 Homer.
911 3998 927 4061 I
947 4022 978 4082 p.
996 4000 1037 4063 60
1052 4021 1119 4082 sqq.
1146 4002 1179 4062 ct
1193 4000 1269 4083 258)

130 4129 198 4169 non
221 4107 338 4171 dicitur
360 4128 398 4170 ea
421 4129 501 4190 quae
530 4108 640 4172 statim
668 4113 740 4190 post
768 4131 911 4193 pugnam
939 4109 980 4173 ad
1002 4109 1104 4172 lssum
1127 4109 1270 4173 commis-

129 4238 201 4279 sam
223 4215 322 4279 ficbat
348 4217 465 4300 olymp.
493 4218 568 4299 112,
594 4219 628 4300 1,
657 4217 712 4280 sed
741 4218 842 4281 altera
870 4219 925 4281 illa
952 4223 1025 4303 post
1053 4223 1271 4303 expugnatam

128 4325 250 4411 Tyrum
280 4325 504 4410 conditamque
532 4326 761 4391 Alexandriam
789 4331 937 4413 suscepta
959 4329 1000 4392 ol.
1026 4329 1095 4411 112,
1118 4328 1139 4391 2
1165 4329 1269 4411 initio,
