2904 4996
195 352 439 405 sarnouosrer
462 353 677 401 sustulerim
700 352 824 402 sanus
847 351 1067 403 nnscnmrro.
1135 329 1201 400 '675

56 512 184 574 mutuas
207 510 348 573 rationes
364 511 396 573 et
411 508 552 592 origines
569 507 823 593 cognoscendas,
849 528 927 590 quas
942 507 1019 570 olim
1033 506 1200 591 tetigimus
1217 589 1218 592 Ἴ

58 620 328 684 commentatione
351 620 390 683 de
412 620 477 684 Oro
500 621 532 683 et
549 619 668 684 Orione
690 618 757 701 gt,
781 618 845 681 nisi
867 617 1010 682 fallimur
1032 639 1098 682 non
1119 616 1202 681 nulli

56 731 127 794 usui
151 752 219 795 esse
241 731 369 815 poterit.
401 729 546 793 Fecimus
568 732 675 793 autem
690 729 724 792 in
740 730 801 793 hoc
824 729 925 793 lexico
948 728 1080 811 edendo,
1104 727 1198 812 quod,

56 846 93 906 ut
115 841 155 907 G.
172 839 352 906 Henuanni
374 841 479 931 verbis
502 843 629 904 utamur
650 840 686 903 in
708 839 804 903 simili
828 860 940 904 caussa
961 839 1074 924 positis
1096 838 1198 923 praef.

56 954 92 1016 in
114 953 212 1017 Drae.
236 952 378 1018 Straton.
403 974 434 1035 p.
459 951 538 1033 Vll,
562 955 742 1029 faciendum
764 958 794 1016 in
817 957 951 1016 omnibus
973 961 1017 1014 est
1037 972 1117 1030 puae
1132 956 1199 1030 pri-

55 1085 135 1128 mum
157 1070 304 1142 eduntur,
336 1073 370 1128 at
390 1070 488 1143 ipsum
509 1069 625 1128 codicis
645 1048 829 1143 scriptarum
852 1068 1043 1141 quantamvis
1064 1067 1200 1126 vitiosam

56 1181 274 1252 exhiberemus,
299 1196 358 1253 quc
380 1195 427 1252 ne,
452 1179 535 1253 qaod
548 1180 579 1237 r'n
593 1179 754 1254 Hesperio,
778 1178 955 1253 Etymolopo
976 1179 1106 1252 aliisque
1126 1177 1197 1235 mul·

56 1293 94 1350 tis
108 1291 308 1366 scriptoribus
323 1288 444 1362 suetum
466 1289 608 1361 dolemus,
633 1290 671 1348 de
693 1292 760 1364 ipsa
774 1290 912 1349 codicum
934 1290 1060 1348 lectione
1081 1288 1199 1347 dabita-

56 1405 97 1461 tr'o
124 1403 240 1461 moveri
261 1407 372 1476 posset.
417 1395 556 1479 Eiusque
584 1394 710 1458 consilii
745 1395 842 1458 etiam
875 1394 1011 1458 alteram
1039 1386 1200 1478 quandam

56 1507 216 1570 rationem
245 1506 424 1570 habuimus.
470 1504 554 1569 Nam
583 1527 654 1569 cum
676 1505 794 1569 nullius
816 1505 940 1589 negotii
963 1509 1047 1570 esset
1068 1505 1199 1570 mendo-

55 1639 142 1699 rum,
177 1617 291 1701 quibus
314 1621 417 1681 scatet
440 1616 554 1699 codex,
583 1638 682 1699 prope
704 1615 867 1680 infinitam
888 1615 1127 1680 multitudinem
1149 1617 1199 1680 vel

54 1730 132 1793 solis
154 1728 317 1792 adhibitis
350 1726 582 1813 Etymologicis
614 1726 743 1809 tollere,
782 1726 927 1791 consulto
961 1727 1120 1791 noluimus
1154 1727 1198 1790 eis

53 1844 212 1921 vestrum,
236 1838 350 1923 quibus
372 1838 458 1901 haec'
473 1837 578 1901 studia
602 1837 689 1901 cordi
711 1841 801 1920 sunt,
826 1838 961 1921 scriptos
985 1841 1092 1901 autern
1114 1837 1198 1900 codi-

51 1973 109 2015 ces
124 1951 282 2034 inspicere
304 1971 371 2013 non
393 1949 540 2033 contigit,
564 1947 615 2011 vel
631 1947 873 2032 cognoscendae
896 1948 1098 2012 librariorum
1121 1969 1198 2033 ueg-

53 2061 217 2146 legentiae
248 2061 428 2144 exemplum
455 2059 643 2123 subtrahere
669 2059 720 2123 vel
750 2059 874 2144 ingenii
903 2059 1072 2123 exercendi
1099 2062 1198 2123 mate-

51 2172 137 2235 riam
159 2171 350 2255 praeripere.
382 2170 441 2236 Cui
456 2169 677 2234 exercitationi
693 2170 913 2254 Angelicanus
936 2171 1018 2235 liber
1040 2170 1197 2253 imprimis

51 2287 150 2366 aptus
179 2286 242 2364 est,
276 2283 311 2345 ul
338 2303 431 2365 quem
460 2302 498 2343 ex
528 2280 707 2364 antiquiore
742 2269 850 2345 codice
883 2281 969 2345 lectu
997 2281 1198 2365 aliquantum

49 2392 180 2456 difficili
203 2392 397 2475 descriptum
419 2412 488 2455 esse
511 2393 667 2474 appareat
682 2413 701 2454 a
715 2391 847 2455 librario
870 2392 986 2456 veteris
1008 2392 1196 2474 scripturae,

49 2503 193 2566 maxime
216 2504 323 2566 autem
352 2501 511 2566 scribendi
536 2501 796 2584 compendiorum
823 2486 1039 2587 ignarissimo.
1085 2502 1198 2586 ltaque

49 2635 121 2677 non
153 2613 270 2676 rectius
301 2612 415 2676 vestris
449 2612 627 2676 rationibus
661 2612 784 2676 consuli
815 2613 997 2697 putavimus
1030 2634 1126 2697 quam
1157 2612 1197 2696 si,

48 2744 271 2810 quaecumque
293 2723 516 2787 emendatione
532 2726 640 2808 egent,
665 2724 788 2787 intacta
804 2725 1054 2809 relinqueremus
1077 2724 1196 2788 omnia.

47 2837 202 2918 Aequum
228 2837 276 2897 est
304 2833 391 2897 enim
417 2855 483 2897 non
510 2834 627 2898 litteris
653 2837 782 2898 tantum
809 2838 842 2899 et
863 2834 982 2917 doctis,
1013 2835 1072 2904 sed
1100 2835 1198 2899 etiam

47 2947 115 3028 eie,
140 2945 195 3028 qui
216 2966 284 3009 sese
307 2943 417 3009 doctos
438 2944 507 3008 fieri
530 2944 671 3028 student,
694 2945 775 3010 haec
796 2945 959 3029 prooemia
981 2944 1088 3008 scribi.

525 3172 727 3182 ——a-—n-

584 3353 668 3439 nc

136 3505 304 3590 Pergimus
327 3527 393 3569 non
415 3505 487 3569 aliis
509 3506 625 3590 potius,
650 3506 705 3570 sed
719 3505 808 3570 vobis
830 3506 984 3572 scribere:
1007 3507 1035 3570 si
1052 3506 1190 3570 seribere
1210 3523 1241 3572 nl

47 3620 189 3680 estnon
212 3617 429 3700 asescripta
458 3617 632 3700 publicare.
677 3616 747 3681 Nec
775 3617 860 3681 enim
887 3639 960 3702 spes
987 3617 1105 3682 fefellit
1126 3617 1195 3681 fore

43 3732 85 3791 ut
115 3726 249 3789 elerici
277 3726 361 3790 illius
389 3728 600 3812 Angelieani,
631 3727 719 3792 cuius
747 3750 849 3812 nuper
875 3727 1005 3792 initium
1031 3729 1196 3793 vobiscum

45 3836 371 3921 communicavimus,
397 3839 520 3902 curiosa
544 3838 738 3903 tractatione
760 3839 837 3903 boni
857 3840 892 3902 in
914 3861 987 3924 vos,
1011 3839 1122 3925 quiin
1145 3840 1195 3903 his

43 3946 165 4012 studiis
198 3948 387 4031 versamini,
427 3949 549 4012 fruetus
587 3950 813 4013 redundarent.
864 3948 987 4034 Quippe
1021 3950 1092 4034 ipsa
1125 3950 1192 4033 illa,

42 4079 131 4143 quae
163 4080 234 4121 eum
261 4057 407 4122 Gudiano
434 4059 634 4142 potissimum
661 4059 735 4123 huic
762 4059 986 4145 Etymologico
1019 4060 1194 4125 similitudo

118 4297 143 4363 ⁴⁸)
186 4295 376 4364 [Prooemium
410 4295 511 4351 Indicis
548 4296 704 4352 scholarum
739 4297 910 4353 aestivarum
943 4298 1132 4355 Bonnensium
1167 4316 1192 4353 a.

39 4387 331 4457 fflorocccxuvur

925 4480 992 4544 43*
