2896 4996
495 369 542 416 ns
565 369 636 417 ono
659 369 703 416 ar
727 367 868 416 amous.
1190 350 1253 415 593

648 523 719 604 aa.

193 658 300 725 Licuit
327 663 434 723 autern
456 658 549 723 huius
576 657 801 722 necessitatem
829 656 1030 722 coniecturae
1058 656 1155 721 etiam
1183 656 1253 720 sine

110 771 368 836 testimoniorum
390 770 628 854 comparatione
644 767 866 832 ratiocinando
882 767 1017 851 assequi.
1047 767 1130 842 Quid
1146 765 1254 830 enim?

107 881 391 947 oecumenicumne
419 881 680 966 grammaticum,
709 901 804 963 quem
831 900 896 943 non
924 882 1000 942 ante
1022 878 1161 942 medium
1186 899 1253 942 sae-

108 993 216 1058 culum
244 995 391 1076 quartum
414 990 557 1055 docuisse
586 990 642 1054 illa
670 994 810 1075 arguunt
834 991 1006 1056 παιδεύω(
1029 990 1064 1056 ἐν
1089 989 1254 1067 Κωνεταν-

107 1105 199 1170 τίνου
232 1103 339 1181 πόλει,
379 1101 622 1167 commentarios
659 1101 793 1165 edidisse
829 1099 1006 1185 Phrynichi
1042 1099 1254 1185 impugnandi

109 1235 222 1278 caussa
244 1212 405 1296 scriptos?
431 1212 592 1276 istuncine
619 1212 661 1275 ab
683 1210 868 1276 Herodiano
896 1212 945 1276 vel
969 1210 1122 1276 derelicta
1148 1232 1253 1295 perse·

109 1328 219 1388 cutum
242 1344 309 1387 esse
332 1324 381 1387 vel
404 1327 537 1407 peccata
561 1323 749 1407 correxisse,
774 1321 902 1407 eiusque
924 1323 959 1387 in
980 1322 1030 1386 his
1051 1321 1168 1386 litteris
1183 1343 1253 1407 reg·

108 1434 235 1517 nantis,
273 1432 545 1519 Tyrannionisve,
588 1432 771 1517 Alexionis,
817 1432 997 1518 Apollonii,
1039 1432 1255 1516 antiquiorum

109 1544 209 1607 etiam
238 1542 481 1628 magistrorum,
510 1544 629 1609 reiecta
652 1544 844 1608 auctoritate
871 1566 932 1637 sua¹
951 1543 1111 1608 suffecisse
1134 1542 1255 1628 qualia·

110 1676 246 1738 cumque
268 1654 412 1738 placita?
448 1654 530 1719 Vide
553 1656 596 1719 sis
618 1655 704 1719 infra
727 1655 835 1719 allata.
878 1652 954 1719 Non
975 1653 1037 1719 fuit
1064 1654 1172 1717 hercle
1193 1654 1255 1717 iste

109 1787 180 1829 mos
214 1764 464 1829 umbraticorum
497 1765 623 1830 illorum
657 1764 901 1850 Byzantiorum,
931 1786 1063 1850 quorum
1098 1785 1254 1829 commen-

109 1874 202 1938 tandi
225 1876 392 1961 angustias
415 1877 553 1941 breviter
575 1856 640 1941 sed
653 1876 799 1961 apposite
815 1875 1033 1960 Goettlingius
1055 1875 1256 1939 adumbravit

108 1985 210 2070 prael.
229 1986 264 2049 in
279 1985 491 2051 Theodosium
506 2011 538 2072 p.
555 1986 636 2050 VIII
650 2009 695 2071 sq.
740 1987 794 2051 An
816 1986 902 2051 illius
924 1986 1040 2050 aetatis
1063 1985 1255 2070 Byzantium

108 2098 160 2159 tot
181 2096 374 2180 scriptorum
395 2099 490 2180 putas
512 2101 545 2163 et
559 2097 763 2182 antiquorum
785 2101 818 2161 et
839 2099 985 2181 exparte
1007 2096 1255 2161 reconditiorum

109 2207 250 2271 lectione
272 2206 428 2271 imbutum
449 2208 564 2292 fuisse,
595 2229 728 2292 quorum
750 2207 989 2272 multitudinem
1015 2208 1051 2271 in
1074 2207 1138 2272 Oro
1160 2207 1254 2271 mira-

107 2316 205 2381 mur?
249 2317 338 2392 Quod
362 2339 433 2382 cum
461 2318 540 2382 satis
567 2319 751 2403 repudietur
772 2318 934 2383 historicis
963 2318 1042 2382 artis
1064 2318 1253 2401 rationibus,
1275 2337 1304 2384 11

108 2431 180 2491 turn
213 2427 387 2511 insigniter
423 2428 559 2513 quadrat
594 2429 629 2493 in
661 2429 868 2493 vetustiorem
902 2429 1093 2514 magistrum
1128 2428 1256 2493 scholae

109 2537 368 2621 Alexandrinae,
405 2539 454 2602 cui
488 2538 615 2603 scholae
648 2561 715 2604 non
742 2540 934 2625 ambigimus
964 2539 1063 2605 Orum
1095 2539 1255 2604 Milesium

108 2646 331 2711 adnumerare.

197 2757 294 2823 Cuius
316 2762 405 2823 aetas
427 2759 454 2823 si
477 2781 611 2843 quaeras
633 2783 694 2844 quo
711 2761 805 2826 modo
828 2761 1007 2835 accuratius
1029 2762 1171 2844 finiatur,
1196 2761 1256 2825 etsi

109 2868 195 2932 nihil
217 2869 384 2952 proficitur
407 2892 445 2934 ex
467 2871 679 2955 posteriorum
701 2872 899 2935 saeculorum
916 2871 1067 2936 testibus:
1091 2871 1148 2936 Ori
1170 2871 1256 2935 enim

113 2978 170 3062 qui
192 2980 388 3045 mentionem
410 2981 557 3045 iniecerit
572 2982 784 3066 antiquiorem
800 2981 964 3065 Stephano
980 2980 1138 3065 Byzantio
1160 2980 1256 3045 habe·

44 3081 48 3088 ’
111 3110 184 3152 mus
206 3089 384 3154 neminem:
402 3088 517 3156 “tamen
537 3112 578 3157 ne
599 3092 646 3156 sic
667 3093 796 3175 quidem
817 3091 892 3176 quid
913 3091 1161 3176 respondeamus
1182 3091 1255 3154 hae-

110 3220 228 3262 remus
274 3198 421 3284 Namque
444 3223 516 3266 cum
543 3202 646 3267 omnis
669 3202 723 3266 ille
746 3203 850 3284 locus,
879 3202 932 3285 qui
953 3204 1079 3286 spectat
1107 3202 1147 3265 ad
1170 3205 1255 3265 aeta-

111 3311 179 3372 tem
212 3309 426 3375 definiendam
454 3313 739 3397 grammaticorum
766 3334 970 3397 graecorum,
1003 3315 1135 3396 propter
1167 3312 1255 3377 testi-

114 3418 295 3484 moniorum
315 3423 483 3505 penuriam
506 3446 572 3487 non
599 3423 811 3488 mediocribus
838 3423 962 3487 laboret
989 3422 1255 3487 dubitationibus:

112 3532 233 3593 certam
260 3534 370 3596 tamen
398 3533 507 3598 videor
536 3533 737 3599 coniectandi
765 3533 850 3597 viam
878 3533 1039 3617 quandam
1065 3533 1254 3618 repperisse,

112 3661 210 3724 quarn
231 3641 331 3706 multo
353 3665 412 3708 usu
434 3648 583 3729 expertus
605 3645 672 3708 fere
695 3644 784 3729 sequi
806 3645 902 3709 soleo.
942 3642 1066 3729 Quippe
1089 3647 1144 3708 aut
1165 3666 1255 3708 num·

110 3772 209 3840 quam
236 3756 292 3817 aut
319 3775 450 3837 perraro
478 3756 578 3819 fallax
610 3755 720 3819 inveni
753 3754 831 3819 illud
864 3754 1112 3840 argumentandi
1141 3776 1254 3840 genuS,

109 4056 166 4109 ego
189 4040 276 4110 ipsius
299 4043 499 4112 coniecturam,
523 4062 579 4114 qua
600 4045 628 4100 in
646 4043 747 4100 Suidae
769 4045 862 4101 verbis
885 4047 1131 4113 Ἀλεξανδρεύς
1154 4061 1256 4101 nomen

109 4132 278 4202 simpliciter
304 4138 413 4192 mutare
438 4137 468 4192 in
490 4140 655 4207 Μιλὴειοε
684 4139 823 4205 iubemur,
850 4156 868 4193 a
889 4138 1090 4209 probabilitate
1117 4139 1254 4194 contendo
1338 4209 1341 4213 .

107 4227 199 4280 multo
217 4227 328 4297 longius
350 4230 509 4286 abhorrere.
546 4233 608 4287 Non
631 4233 688 4288 ullo
710 4231 793 4287 modo
815 4231 1008 4302 improbabilis
1031 4235 1128 4288 nostra
1150 4234 1255 4288 coniec-

104 4322 174 4373 tura
191 4320 335 4377 Lehrsio
352 4323 413 4378 visa
430 4327 474 4379 est
492 4325 630 4382 Cessurae
648 4346 675 4396 p.
688 4333 747 4381 449.
776 4326 834 4381 Neo
852 4325 1049 4383 alius-videtur
1066 4327 1116 4381 Ed.
1136 4327 1256 4383 Meieri

105 4430 208 4469 sensus
227 4415 310 4471 fuisse
329 4417 428 4487 Opusc.
449 4419 527 4475 acad.
546 4420 576 4474 II
589 4438 616 4490 p.
637 4422 689 4490 50.]

160 4519 208 4556 ra.
229 4517 394 4558 arrscsnnrr
414 4523 559 4560 oruscunn
577 4525 597 4559 1.
1009 4508 1051 4573 38
