2948 4996
230 330 293 402 456
706 348 752 393 un
776 347 925 396 usasms

231 499 278 561 sic
305 502 341 561 ut
367 520 470 581 nuper
496 499 619 563 factum
647 499 782 562 vidimus
811 499 1013 564 correximus.
1022 502 1054 586 ²⁸)
1103 501 1240 565 Accedit
1267 505 1378 566 autern

232 608 314 691 quod
344 609 517 689 Μύρτανον
549 609 690 692 glossam
718 607 933 692 Harpocratio
961 611 1029 693 ipse
1052 614 1191 674 testatur
1217 633 1235 674 e
1259 612 1376 677 Demo

232 716 354 781 athenis
388 717 427 780 de
456 740 574 782 corona
606 719 750 782 oratione
784 723 804 799 ἓ
832 720 872 783 27
901 742 933 802 p.
956 721 1034 802 234,
1067 722 1105 784 13
1139 721 1279 804 petitam
1309 720 1376 808 [ubi

231 849 317 890 nunc
340 827 459 890 editum
482 829 656 907 Μυρτηνόν
679 829 950 916 ν11Μύρτηνον],
980 851 1042 913 quo
1064 831 1134 893 loco
1161 833 1307 894 tractata
1334 832 1377 895 ab

232 940 358 1000 oratore
387 937 428 999 ad
455 938 573 1021 olymp.
600 938 670 1019 108,
694 938 714 1000 2
743 959 816 1002 vere
845 939 970 1002 rettulit
991 939 1220 1004 Winiewskius
1252 941 1373 1006 01111111.

232 1047 343 1110 histor.
369 1050 401 1109 et
424 1046 565 1110 chronol.
590 1069 621 1129 p.
647 1048 707 1110 124
730 1069 797 1132 sqq.

318 1155 409 1240 (Vll)
432 1155 600 1221 Simillimo
627 1157 746 1221 indicio
771 1162 883 1222 nostra
904 1159 1019 1222 nititur
1040 1160 1079 1223 de
1102 1160 1165 1224 alio
1187 1162 1376 1225 testimonio

233 1267 427 1348 coniectura,
451 1266 534 1350 quod
556 1288 594 1330 ea
616 1288 679 1349 qua
700 1267 792 1331 decet
813 1269 849 1331 in
871 1267 932 1332 hoc
947 1290 1066 1353 genere
1081 1269 1246 1335 iudicandi
1269 1271 1376 1334 mode·

232 1376 294 1439 stia
318 1376 358 1439 ad
380 1375 500 1439 Pellaei
521 1376 703 1459 Philippica
726 1377 903 1442 referimus.
940 1378 1122 1462 Stephanus
1145 1381 1234 1443 enim
1250 1380 1376 1464 Byzan·

149 1541 153 1553 .
232 1486 296 1549 tius
323 1509 353 1549 v.
376 1486 540 1564 Αἰθικία,
575 1492 819 1551 commemorato
847 1488 1051 1572 Theopompo
1079 1497 1248 1573 τριακοετῇ
1276 1492 1375 1575 ἐνάτῃ

233 1577 432 1662 ΦιΧιππικῶν
472 1596 603 1680 (fragm.
637 1598 700 1662 209
729 1597 837 1662 Wich.
872 1596 946 1686 [239
978 1598 1128 1687 Muelll),
1166 1601 1213 1662 sic
1250 1601 1374 1684 pergit:

234 1707 416 1786 Mupcduc
444 1707 480 1770 δὲ
509 1708 603 1787 μέεην
627 1707 736 1791 (uscos
759 1708 870 1794 vulgo)
897 1713 952 1788 τῆ(
974 1710 1139 1789 Τυμφαία(
1167 1712 1218 1774 καὶ
1242 1712 1375 1790 Ἀθαμα-

233 1818 302 1883 νὶα(
336 1817 451 1881 κεῐεθαὶ
478 1837 554 1897 φηςι
581 1820 638 1895 τὴν
668 1820 788 1897 χώραν.
840 1819 946 1901 [μέεην
979 1818 1165 1882 dubitanter
1193 1819 1376 1884 Meinekius

234 1947 357 2009 quoque
385 1925 425 1988 ad
454 1949 485 2009 p.
509 1927 567 2008 47,
591 1926 635 2013 5.]
681 1926 833 2010 Spectare
860 1927 940 1991 haec
963 1928 1003 1990 ad
1025 1931 1170 2012 tempora
1192 1928 1375 2012 olympiade

236 2037 296 2100 108
324 2036 488 2119 aliquanto
515 2035 624 2119 priora
652 2036 851 2121 intellegitur
879 2059 917 2101 ex
940 2058 977 2100 eo
984 2086 993 2119 ,
1022 2037 1105 2120 quod
1127 2038 1209 2101 libro
1233 2038 1375 2102 XXXIX

234 2150 267 2210 et
295 2146 340 2209 eis
367 2146 420 2229 qui
449 2146 643 2209 antecedunt
670 2145 893 2230 Theopompus
915 2147 1039 2210 videtur
1066 2147 1151 2210 circa
1174 2149 1375 2232 olympiadas

236 2256 306 2320 104.
338 2257 398 2320 105
425 2260 569 2319 versatus
598 2277 682 2319 esse:
720 2256 821 2339 quode
849 2256 920 2319 vide
941 2256 1157 2320 Wiehersium
1185 2257 1227 2320 ad
1255 2259 1373 2343 fragm.

234 2366 306 2430 200.
327 2366 390 2429 212
412 2389 443 2449 p.
467 2366 539 2430 231,
563 2366 636 2431 236.
678 2365 763 2429 Nam
785 2366 846 2429 etsi
869 2366 904 2428 in
926 2367 980 2430 illo
1003 2367 1072 2449 ipso
1095 2388 1173 2431 sane
1196 2367 1280 2432 libro
1301 2369 1375 2432 ube

234 2476 350 2538 riorem
371 2474 593 2558 Theopompus
616 2475 655 2538 de
677 2474 902 2558 Dionysiorum
925 2475 1102 2540 Siculorum
1131 2477 1226 2541 rebus
1255 2478 1375 2562 digres-

234 2585 357 2648 sionem
385 2587 433 2647 est
460 2607 606 2667 exorsus,
641 2585 673 2648 id
701 2584 783 2668 quod
812 2585 984 2670 diligenter
1006 2585 1204 2649 Wiehersius
1234 2588 1375 2651 ostendit

234 2719 265 2778 p.
289 2696 330 2760 27
353 2717 432 2778 sqq.,
467 2698 576 2758 tamen
606 2695 745 2759 eiusdem
773 2698 899 2778 partem
927 2695 1001 2759 libri
1029 2696 1064 2758 in
1093 2696 1169 2759 solis
1193 2697 1375 2761 constitisse

234 2805 450 2869 Macedonicis
472 2804 533 2868 hoc
555 2805 659 2887 ipsmn
687 2805 726 2867 de
749 2805 899 2868 Aethicia
922 2805 1140 2889 fragmentum
1163 2811 1334 2870 monstrat

319 2915 426 3001 (VIII)
456 2915 640 2979 Certissima
663 2918 769 2977 autem
791 2914 910 2978 iudicio
932 2915 973 2978 ad
994 2915 1107 2978 ultima
1130 2914 1285 2999 Philippi.
1298 2920 1374 2981 tem·

233 3048 311 3110 pora
333 3025 498 3089 Plutarchi
521 3025 664 3088 narratio
687 3024 824 3087 refertur
846 3025 879 3087 in
902 3025 968 3087 vita
991 3024 1218 3088 Demosthenis
1242 3049 1314 3109 cap.
1340 3028 1376 3091 18

234 3159 264 3219 p.
282 3137 355 3218 854,
380 3135 433 3198 ubi
456 3135 495 3198 de
517 3135 562 3198 eis
585 3134 708 3198 locutus
724 3156 804 3217 quae
826 3156 970 3218 pugnam
986 3134 1219 3199 Chaeronicam
1243 3137 1374 3220 (olymp.

237 3247 307 3328 110,
331 3247 365 3330 3)
388 3244 631 3329 praecesserint,
661 3245 761 3327 deque
784 3243 1008 3307 Demosthenis
1031 3244 1071 3307 ed
1094 3243 1269 3310 Thebanos
1291 3247 1376 3331 lega-

233 3357 338 3438 tione,
375 3378 455 3439 quae
487 3355 665 3418 accuratius
694 3354 837 3437 exposita
867 3354 938 3417 vide
967 3354 1001 3417 in
1029 3353 1222 3418 Winiewski
1255 3355 1377 3420 Comm.

235 3490 266 3551 p.
290 3468 353 3531 245
375 3487 456 3548 sqq.,
486 3466 609 3544 ἔπεμψε
639 3468 674 3530 δὲ
701 3465 807 3548 inquit
834 3466 883 3529 καὶ
912 3464 1086 3540 (tilianae,
1116 3465 1161 3528 (11(
1190 3467 1380 3546 Μαρεύα(

236 3580 341 3660 oncis,
369 3577 523 3655 Ἀμύνταν
545 3577 602 3653 μὲν
626 3576 675 3639 καὶ
699 3576 862 3654 Κλέαρχον
885 3574 1084 3650 Μακεδόνας,
1108 3574 1249 3653 Δάοχον
1273 3578 1381 3642 δὲκαὶ

304 3894 328 3959 *l
348 3892 489 3960 [Codicum
501 3894 785 3963 Cantabrigicnsium,
804 3912 920 3961 quorum
939 3897 1070 3962 excerpta
1087 3895 1197 3947 tautum
1216 3894 1251 3948 G.
1264 3895 1384 3950 Dindor-

236 3986 271 4038 fio
290 3989 402 4054 praesto
420 3987 505 4042 fuisse
523 3987 551 4040 in
570 3988 732 4041 adornanda
750 3986 870 4040 editione
890 3986 1038 4040 Oxouicnsi
1061 4004 1086 4039 a.
1110 3992 1174 4040 1853
1192 3987 1291 4053 video,
1314 3989 1385 4042 item

236 4079 384 4132 Burneiani
408 4080 474 4134 olim
492 4080 631 4146 Perusini,
655 4079 703 4146 qui
725 4098 797 4132 nunc
820 4082 864 4132 est
885 4078 973 4132 Musei
995 4077 1161 4143 Britannici,
1185 4078 1385 4147 plenissimam

238 4189 290 4237 ogo
314 4173 490 4226 collationem
513 4173 598 4226 habui
620 4174 779 4239 habeoque,
808 4164 891 4239 quarn
915 4170 1049 4239 singulari
1073 4171 1289 4226 benevolentiae
1319 4172 1383 4227 Car.

238 4266 331 4319 lacobi
348 4266 514 4319 Blomficldii
536 4268 681 4334 recceptam
699 4268 802 4330 resero;
829 4265 897 4318 itcm
916 4264 1055 4333 epitomae
1073 4264 1225 4317 Parisiuac.
1264 4265 1387 4333 Magda—

238 4360 379 4412 lcncuscm
396 4358 594 4424 Vratislayiae,
614 4357 814 4427 Angelicauurn
831 4358 937 4412 Itomae
955 4356 1016 4426 ipse
1033 4356 1172 4426 tractavi]
