2896 4996
458 362 505 418 na
528 369 598 419 ono
621 361 666 418 nr
689 358 831 417 omont.
1151 342 1212 416 627

71 523 109 592 in
130 525 189 591 illa
217 525 504 590 diversissimarum
531 545 627 609 saepe
653 524 857 589 notationum
884 522 1049 607 farragine
1077 521 1119 585 ab
1148 525 1213 606 ety-

69 638 209 722 mologis
232 637 528 722 conglutinatamm
550 635 738 699 difficillime
753 634 943 719 quibusdam
957 634 993 697 in
1007 632 1086 696 locis
1109 632 1214 696 decer-

71 771 148 831 naS,
183 748 299 832 quibus
331 747 463 811 tandem
494 747 611 811 finibus
638 746 739 830 ipsius
769 745 826 810 Ori
858 744 1037 808 observatio
1070 764 1214 828 quaeque

70 859 279 941 terminetur,
307 862 378 922 tum
400 861 513 942 suapte
541 862 658 921 natura
680 878 774 920 verae
797 856 865 920 eius
888 855 1125 920 observationes
1148 874 1214 916 non
1232 866 1265 914 42

70 991 194 1053 paucae
214 969 262 1032 ita
285 972 488 1053 comparatae
517 971 594 1032 sunt
620 971 672 1051 ut,
703 967 742 1031 ad
770 988 865 1051 quem
887 966 1088 1051 potissimum
1109 965 1214 1029 locum

69 1080 320 1166 grammaticum
355 1083 521 1163 spectent,
562 1079 654 1143 valde
687 1078 731 1142 sit
762 1078 960 1163 ambiguum.
1011 1080 1118 1161 Atque
1154 1073 1215 1140 hoc

70 1212 176 1276 genus
209 1190 275 1254 suis
301 1191 380 1254 locis
412 1211 653 1275 persequemur:
690 1190 779 1273 prins
814 1193 922 1254 autem
953 1188 1033 1253 illud
1066 1208 1108 1251 ne
1138 1185 1214 1271 quid

70 1300 166 1365 nobis
187 1301 308 1364 fraudis
330 1301 446 1384 pariat,
471 1304 504 1364 et
517 1301 690 1386 diligenter
710 1300 829 1383 ubique
851 1299 1026 1364 observatis
1041 1299 1071 1378 ἤ,
1087 1299 1123 1362 δέ
1143 1319 1215 1381 par·

69 1411 181 1475 ticulis
205 1412 397 1494 cavebimus,
422 1415 455 1474 et
476 1411 578 1476 sicubi
599 1411 634 1475 in
658 1411 843 1475 coniectura
864 1411 1004 1495 positum
1026 1409 1083 1491 sit,
1107 1412 1216 1472 utrum

71 1522 113 1585 ad
145 1523 246 1586 Orum
273 1522 459 1606 pertineant
490 1522 525 1586 in
554 1521 668 1606 quibus
695 1525 840 1585 versetur
868 1520 1060 1604 disputatio,
1105 1542 1147 1583 an
1174 1517 1215 1582 ad

71 1632 153 1695 alios
176 1653 389 1716 quoscumque
412 1633 650 1718 grammaticos,
674 1632 812 1696 fideliter
833 1635 890 1696 aut
912 1631 1136 1695 adnotabimus
1159 1632 1216 1692 aut

71 1743 165 1807 uncis
203 1742 466 1828 significabimus.
518 1742 719 1828 Quamquam
750 1765 850 1806 unum
883 1741 1033 1826 quiddam
1070 1739 1215 1825 profecto

72 1852 321 1917 condonandum
343 1857 402 1918 cst.
447 1853 520 1918 Etsi
543 1855 639 1937 enim,
664 1876 746 1939 quae
769 1853 941 1918 coniuncta
963 1855 1039 1917 sunt
1062 1873 1133 1916 eum
1158 1850 1216 1914 Ori

71 1986 198 2049 quaque
221 1964 452 2048 observatione,
475 1969 648 2049 propterea
662 1986 865 2049 nequaquam
880 1967 956 2027 sunt
976 1963 1039 2047 ipsi
1055 1962 1120 2026 Oro
1141 1961 1216 2025 ilico

70 2074 255 2158 tribuenda,
278 2079 388 2140 tamen
410 2075 479 2140 iure
501 2076 640 2160 quodam
661 2078 772 2141 nostro
788 2075 898 2139 eadem
914 2096 1009 2158 saepe
1031 2072 1215 2158 putabimus

71 2186 158 2249 viam
180 2190 358 2250 monstrare
374 2186 430 2251 Ori
452 2190 626 2271 praecepta
647 2187 688 2250 ad
709 2208 803 2249 suum
822 2185 967 2269 quodque
990 2187 1088 2268 caput
1109 2204 1215 2268 gram-

70 2296 228 2360 maticum
248 2297 418 2361 referendi.
463 2296 562 2361 Velut
590 2319 628 2361 ex
652 2302 872 2377 orthographia
894 2297 997 2380 petita
1020 2315 1104 2377 esse,
1133 2314 1215 2377 quae

70 2406 107 2469 in
128 2406 238 2491 Etym.
263 2406 344 2471 Gud.
368 2431 401 2493 p.
427 2408 498 2492 129,
521 2408 564 2474 20
586 2409 619 2471 et
640 2407 809 2492 Excerptis
831 2405 939 2471 Koesii
961 2429 993 2491 p.
1019 2405 1091 2485 190,
1113 2404 1154 2469 38
1177 2402 1215 2466 de

70 2522 286 2598 γραμματεῖον
308 2519 463 2583 vocabulo
487 2518 682 2602 produntur,
717 2540 755 2582 ex
779 2519 823 2584 eis
847 2517 1027 2603 colligimus
1034 2567 1043 2600 ,
1073 2536 1154 2600 quae
1176 2513 1215 2577 de

72 2629 319 2709 γραμματείδιον
354 2632 387 2692 et
417 2631 646 2710 γραμματίδιον
686 2631 846 2714 scriptura
878 2628 1043 2713 disputata
1076 2626 1118 2690 ab
1150 2625 1215 2690 illis

72 2738 288 2822 excipiuntur.
333 2738 402 2814 Quo
431 2740 633 2804 coniecturae
660 2762 779 2825 genere
808 2740 904 2805 facile
926 2737 1214 2823 supersederemus,

71 2848 100 2911 si
123 2869 194 2912 eam
226 2848 429 2934 diligentiam
458 2850 631 2936 etymologi
660 2852 861 2915 constantius
888 2850 1085 2931 tenuissent,
1120 2868 1216 2930 quam

70 2959 185 3042 paucis
206 2959 241 3022 in
262 2959 341 3023 loeis
363 2961 553 3044 praestitam
576 2961 802 3028 collaudamus.
839 2960 886 3025 Vt
907 2960 961 3025 Et.
986 2958 1068 3023 Gud.
1092 2980 1124 3042 p.
1140 2957 1214 3039 350,

70 3069 130 3151 43,
161 3067 239 3132 Zon.
268 3092 300 3154 p.
327 3070 425 3136 1260:
462 3074 500 3137 τὸ
523 3074 579 3152 μὲν
602 3076 735 3153 πρῶτον
757 3072 856 3152 Ὠρο(
879 3072 897 3136 ὁ
922 3072 1089 3149 Militum,
1116 3071 1215 3132 τοῦτο

71 3182 109 3245 δὲ
130 3181 328 3260 Ἡρωδιανὸς
351 3183 423 3262 περὶ
444 3188 574 3249 παθῶν·
596 3183 646 3246 vel
668 3182 723 3246 ut.
741 3182 786 3246 M.
803 3206 835 3267 p.
853 3182 926 3265 821,
941 3181 999 3245 24:
1021 3182 1059 3244 τὸ
1082 3184 1214 3259 πρῶτον

66 3289 184 3371 Ὦρος,
217 3293 257 3356 τὸ
290 3294 442 3372 δεύτερον
477 3292 583 3358 ἄλλοι.
628 3292 775 3357 Eandem
807 3292 908 3377 igitur
936 3292 970 3355 in
1003 3294 1130 3375 partem
1158 3288 1216 3352 illa

71 3401 323 3484 interpretamur
345 3424 376 3485 p.
393 3402 467 3485 636,
491 3403 529 3466 18
551 3402 651 3484 Ὦρα(
673 3405 721 3468 καὶ
744 3403 846 3481 ἄλλοι,
869 3406 906 3466 ut
927 3401 985 3466 Ori
1008 3422 1076 3465 esse
1095 3399 1213 3484 priora,

72 3509 208 3575 aliorum
231 3512 351 3595 placita
373 3512 521 3576 subnecti
542 3514 562 3592 ἤ
584 3513 744 3598 particula
767 3516 930 3597 putemus:
965 3513 984 3590 ἢ
1007 3513 1094 3590 παρὰ
1115 3511 1154 3575 τό
1176 3511 1216 3574 τὰ

72 3621 154 3706 (non
175 3623 248 3701 περὶ
268 3624 322 3705 τὰ)
344 3645 370 3687 κ.
393 3645 418 3689 τ.
441 3626 468 3686 λ.
512 3621 557 3686 Et
578 3623 727 3687 similiter
749 3622 913 3687 Methodio
929 3622 1057 3705 Oroque
1078 3620 1215 3684 fortasse

69 3730 294 3795 distribuenda
316 3735 407 3815 sunt,
436 3754 517 3816 quae
540 3733 579 3796 dc
607 3734 769 3812 ἀκάμανο(
790 3755 868 3798 voce
891 3731 1062 3816 dupliciter
1083 3731 1214 3793 tradun-

68 3846 126 3905 tur
147 3863 178 3925 p.
202 3842 255 3925 45,
279 3842 309 3905 2.
332 3880 375 3890 —
397 3842 459 3906 Sed
480 3864 548 3906 rem
570 3843 674 3926 ipsam
698 3843 885 3929 aggredior,
909 3842 1013 3926 primo
1035 3841 1115 3923 loco,
1139 3862 1215 3925 quo·

67 3973 143 4015 rum
165 3954 198 4014 et
219 3951 326 4015 brevis
348 3955 397 4016 est
412 3956 445 4016 et
459 3974 578 4036 anceps
601 3954 783 4036 explicatio,
807 3953 980 4036 positurus,
1004 3952 1045 4015 ad
1067 3949 1215 4015 uberiora

66 4061 180 4145 capita
201 4062 398 4126 transiturus
420 4062 582 4147 deinceps
923 4131 926 4137 ,

156 4172 187 4237 2.
232 4171 278 4236 Et
313 4173 352 4236 ad
386 4173 529 4237 libellum
561 4174 650 4255 arpi
688 4176 917 4253 ἐγκλιτικῶν
951 4174 1099 4256 μορίων
1131 4168 1214 4238 nibil

62 4283 172 4350 habeo
195 4282 280 4367 quod
301 4283 449 4348 reseram.
465 4321 508 4333 -
522 4284 550 4348 E
568 4287 805 4349 commentariis
821 4290 929 4351 autem
951 4297 1083 4351 contra
1099 4290 1214 4366 Pbry-

61 4399 219 4462 niclaeum
248 4393 377 4477 scriptis
405 4394 527 4458 conicio
556 4418 653 4459 unam
681 4397 937 4463 observationem
958 4418 1140 4480 superesse,
1173 4394 1214 4460 ab

948 4499 1013 4563 40*
