2896 4996
442 337 489 384 nn
512 337 582 386 ouo
605 338 649 384 ur
672 337 814 386 onroun.
1138 320 1201 385 665

62 490 325 556 Philochorus
354 492 394 557 ἐν
416 497 468 575 τῷ
490 493 632 575 πρώτῳ
656 491 766 575 (immo
790 493 825 557 ἐν
848 494 970 576 πρώτῃ)
994 496 1060 570 τῆ(
1089 492 1200 556 Ἀτθί-

147 608 232 666 boc:
260 624 289 664 v.
320 602 395 667 ἄετυ
423 602 522 683 523,
552 602 583 664 2.
629 600 802 685 Perpetem
829 601 1011 686 Stephanus
1040 603 1200 686 ἑνδεκάτῃ.

147 711 230 775 Vide
252 711 404 788 Lennium
419 734 450 795 p.
468 712 510 777 35
533 711 577 796 [et
593 712 627 777 G.
645 711 834 776 Muellerum
856 712 908 775 Fr.
933 711 1009 775 hist.
1033 711 1049 774 l
1064 734 1095 795 p.
1113 711 1199 798 384].

61 822 321 886 Philoxenus:
346 846 372 886 v.
394 823 499 902 ὑπήνη
521 822 608 905 824,
630 824 650 887 3
671 861 714 873 —
736 824 777 889 ἐν
799 829 849 908 τῷ
873 825 962 904 περὶ
984 826 1202 887 διπλατιατ-

148 939 243 1012 pov:
280 956 310 997 v.
335 933 474 1013 ἀλακάτη
498 937 529 1013 §-
552 933 604 1016 24,
628 934 659 998 3.
705 932 757 997 Sic
780 933 865 996 enim
887 933 922 996 in
945 932 1026 996 Gud.
1050 955 1082 1016 p.
1106 933 1158 1015 32,
1182 933 1202 996 3

149 1043 253 1106 scribo
274 1065 332 1127 pro
347 1045 383 1109 ἐν
401 1050 446 1127 τῷ
470 1045 542 1124 περὶ
564 1044 749 1126 διπλατίων,
774 1047 869 1128 alque
891 1043 947 1107 illa
969 1043 1083 1124 forma,
1108 1065 1202 1127 quum

149 1152 226 1217 alibi
249 1175 286 1216 ex
315 1153 370 1217 Ec.
393 1152 496 1237 Regio
519 1154 696 1217 harchems
718 1153 853 1237 protulit
875 1153 909 1217 in
932 1153 1083 1219 Orionem
1106 1176 1137 1236 p.
1162 1154 1204 1216 24

149 1263 223 1326 adn.
246 1263 304 1346 56,
332 1285 408 1327 usus
430 1286 500 1327 sum
522 1286 618 1348 supro
646 1287 676 1347 p.
701 1264 752 1328 28.
777 1264 828 1328 65.
873 1263 995 1328 Plurali
1017 1284 1149 1327 numero
1172 1267 1204 1326 el

149 1374 371 1453 διπλατιατμότ
407 1378 439 1438 et
475 1374 762 1454 ἀναδιπλατιατμόε
800 1374 1130 1458 comprehenduntur,
1165 1373 1203 1436 de

149 1484 263 1567 quibus
286 1484 435 1549 Osannus
462 1485 544 1549 dixit
566 1486 601 1548 in
623 1483 757 1548 Philem.
782 1507 813 1568 p.
838 1485 916 1566 317,
940 1487 1068 1568 praeter
1089 1484 1204 1548 verita-

148 1598 213 1658 tem
236 1594 447 1659 Philoxenum
473 1597 546 1676 περὶ
567 1599 802 1675 διπλατιατμῶν
832 1616 1059 1679 saepenumero
1080 1595 1205 1658 laudari

150 1704 191 1767 ab
218 1704 337 1769 Orione
360 1705 542 1788 affirmans,
572 1706 626 1790 qui
649 1706 775 1790 quidem
798 1704 954 1790 singulari
976 1727 1109 1770 numero
1132 1727 1204 1769 con-

150 1819 275 1878 stanter
296 1816 405 1882 ulitur.
446 1814 506 1903 [De
528 1838 660 1880 numero
682 1816 799 1900 plurali
821 1816 906 1879 illius
929 1837 1025 1900 qnam
1048 1837 1204 1880 commen-

150 1925 224 1989 davi
256 1926 476 2010 inscriptionis
515 1927 653 1990 concedo
690 1948 756 1990 non
792 1926 951 1990 immerito
988 1926 1128 1989 dubitari
1163 1927 1205 1990 eb

150 2036 282 2101 Osanno
314 2036 474 2101 Anecdoli
507 2037 646 2101 Romani
676 2060 707 2120 p.
732 2037 812 2120 313,
845 2037 923 2101 iem
951 2059 970 2100 a
997 2036 1133 2101 Kleistio
1166 2036 1205 2099 de

150 2146 326 2211 Philoxeno
341 2170 372 2231 p.
392 2147 454 2236 12]
471 2187 514 2197 —-
528 2149 570 2214 έν
592 2155 642 2234 τῷ
666 2149 754 2228 περὶ
777 2146 872 2231 (udde
887 2148 956 2233 τῆς)
980 2149 1102 2212 Ἰάδοε
1126 2154 1204 2212 δια-

151 2258 306 2323 λέκτοιι;
330 2279 363 2350 v.
384 2259 516 2338 κρόττατ
539 2262 559 2339 ὅ
582 2258 633 2341 24,
652 2258 682 2322 3.
728 2257 875 2322 Eundem
896 2256 1035 2320 indicem
1058 2256 1205 2321 Gudiano

151 2367 246 2431 redde
261 2390 293 2451 p.
310 2369 383 2450 348,
399 2368 439 2432 61
456 2391 514 2452 pro
529 2371 565 2434 ἐν
580 2376 625 2454 τῷ
642 2371 714 2448 περὶ
729 2368 818 2433 ἰάδοτ
833 2369 999 2450 διαλέκτῳ,
1023 2390 1054 2450 ρ.
1071 2367 1144 2449 250,
1164 2369 1205 2431 53

151 2499 209 2561 pro
231 2478 266 2543 ἐν
289 2485 327 2563 τῇ
350 2480 422 2558 περὶ
444 2483 499 2557 τῆτ
522 2480 611 2544 ἰάδοτ
634 2480 775 2546 διαλέξει.
804 2516 843 2526 -
873 2479 914 2543 ἐν
937 2484 988 2561 τῷ
1011 2478 1101 2558 περὶ
1122 2478 1205 2542 Ῥω-

151 2589 273 2664 μαίων
297 2591 525 2656 διαλέκτους
541 2612 570 2653 v.
588 2591 695 2669 ξέττητ
710 2593 730 2670 ξ
746 2589 798 2671 24,
815 2589 846 2653 3.
876 2587 915 2651 In
932 2586 1013 2651 Gnd.
1030 2610 1062 2671 p.
1073 2587 1147 2669 414,
1164 2588 1206 2652 44

152 2719 259 2761 rursus
281 2702 450 2782 peecatum
472 2700 507 2765 έν
529 2706 575 2785 τῷ
598 2721 630 2763 π.
653 2701 695 2764 Ῥ.
711 2700 889 2766 διαλέξεται.
926 2697 1048 2762 Eodem
1070 2697 1206 2761 fortasse

152 2808 319 2873 referenda
341 2832 402 2872 vox
424 2810 634 2889 καμελαύκιον
657 2813 677 2890 ξ
700 2809 751 2892 24,
775 2811 795 2873 3
818 2812 948 2892 propter
971 2807 1049 2872 Zon.
1073 2830 1105 2891 p.
1125 2808 1206 2872 1159

153 2919 300 3001 (Ῥωμαία
328 2921 429 3002 λέξις).
473 2918 615 3003 Vterque
643 2921 750 2983 aulem
779 2901 1024 2982 commentarius
1047 2939 1111 2980 una
1135 2940 1205 2980 erun

152 3027 223 3092 aliis
239 3029 456 3094 consimilibus
473 3030 633 3094 communi
648 3031 737 3108 περὶ
758 3029 977 3094 διαλέκτων
1001 3027 1106 3090 indice
1123 3049 1205 3090 conr-
1309 3063 1315 3072 .

133 3121 359 3222 'prehenditur
393 3140 427 3203 in
456 3139 538 3204 eud.
573 3162 604 3223 p.
629 3139 708 3221 339,
740 3140 795 3221 13,
829 3160 923 3222 quem
951 3137 1078 3221 quidem
1110 3158 1206 3220 supra

152 3249 312 3332 posuimus
339 3273 371 3334 p.
395 3250 447 3314 28.
479 3251 531 3314 65.
559 3287 601 3298 -
628 3251 670 3314 ἐν
698 3256 749 3333 τῷ
778 3251 866 3328 περὶ
893 3247 1206 3328 μονοιυλλὰβων

154 3360 371 3442 (ῥημάτων);
395 3383 424 3423 v.
449 3362 594 3440 ζαχρειήτ
617 3362 650 3423 el
672 3359 798 3438 ἰάλεμοι
822 3362 842 3438 8
864 3358 915 3439 24,
940 3359 970 3422 3.

55 3471 249 3552 Phlegon
270 3470 311 3536 ἐν
332 3470 598 3546 Ὀλυμπιάτινῑ
622 3492 652 3532 v.
676 3469 799 3548 Ἀδρίας
823 3468 910 3550 823,
933 3467 954 3531 2
976 3467 1011 3530 in
1035 3467 1102 3531 cod.
1128 3466 1206 3530 Dor·-

152 3578 217 3642 vill.
241 3602 272 3662 p.
290 3579 370 3643 XIII
386 3579 489 3644 Sturz.
512 3616 554 3628 -
575 3579 722 3643 Indidem
744 3581 852 3662 repete
875 3600 953 3661 ques
976 3578 1101 3660 §232
1124 3599 1206 3641 com·
1309 3577 1312 3583 ’

151 3689 243 3771 posui
264 3689 447 3753 notationes
469 3690 634 3769 Ὀλυμπία,
657 3689 797 3769 ἀθλῆται,
820 3690 982 3767 γυμνάτια.

53 3799 340 3882 Phrynichus:
363 3822 392 3862 v.
418 3801 620 3880 Ἀθηναία(
644 3801 679 3886 (ξ
701 3800 753 3881 23,
776 3800 821 3885 3).
845 3837 888 3848 -
911 3797 959 3863 cf.
985 3802 1005 3879 ξ
1027 3798 1079 3881 21,
1102 3797 1133 3861 2.

52 3911 175 3977 Pius:
212 3932 241 3972 r.
273 3911 463 3991 περιρρηδή(
491 3910 592 3991 325,
616 3910 646 3973 2.
693 3908 797 3974 Semel
819 3913 986 3993 praeterea
1007 3908 1206 3992 etymologus

151 4017 201 4081 Pii
240 4018 441 4100 ὑπομνήματι
479 4024 544 4100 (τῆς
577 4017 610 4083 π’
640 4016 830 4101 Ὀδυττείατ)
870 4041 944 4082 usus
978 4040 1009 4101 p.
1041 4018 1117 4100 821,
1152 4019 1205 4099 55,

151 4130 187 4191 ut
223 4129 312 4192 iham
349 4129 388 4192 de
426 4130 591 4209 ὡμήρητεν
622 4128 822 4193 notationem
857 4128 960 4192 eidem
996 4128 1104 4192 deberi
1142 4128 1207 4192 Oro

151 4260 303 4321 susprcer.

44 4351 183 4420 Plato
206 4348 248 4413 ἐν
271 4349 452 4435 (οφιττῇῑ
478 4373 505 4413 κ.
530 4350 651 4431 πόρκοτ
680 4348 715 4434 (ἕ
737 4348 791 4433 24,
815 4349 860 4435 3).
