3014 5010
234 320 295 383 150
533 334 784 383 COROLLARIVM
807 336 1075 385 Dlsevrarlouls

232 487 342 569 theca,
365 509 446 570 quae
468 487 530 550 fuit
552 487 586 550 in
609 486 763 570 Serapeo,
787 487 1017 571 disputavimus
1040 488 1078 551 de
1101 489 1177 552 bibl.
1202 489 1255 552 Al.
1278 468 1374 572 pm

234 595 298 683 [16]
323 617 369 679 sq.
391 596 434 660 29
457 594 510 681 [25
531 595 603 683 sq.].
642 595 790 660 Ceterum
811 618 852 660 ue
875 598 945 680 quis
967 619 1005 660 ex
1026 619 1079 680 eo,
1103 599 1184 681 quod
1207 600 1375 679 ἡλικιωτὴ(

234 705 433 785 Καλλιμάχου
461 704 692 768 Eratosthenes
720 704 851 787 dicitur,
887 706 1019 769 nimium
1047 707 1195 791 colligat,
1227 709 1375 771 consulat

235 835 316 897 quae
331 814 369 878 de
391 814 548 878 similibus
570 814 782 879 locutionibus
805 815 1024 898 praecepimus
1046 815 1164 879 ibidem
1187 839 1218 899 p.
1236 817 1278 882 86
1295 815 1373 905 [70].

316 924 385 999 Quo
417 923 546 1008 longius
578 925 739 1006 progressi
771 945 894 1007 sumus,
929 947 966 988 eo
999 925 1114 989 clarius
1146 925 1225 990 fides
1258 927 1376 990 enituit

122 1053 125 1055 ’
182 1048 214 1096 32
232 1033 326 1097 latini
353 1032 566 1117 grammatici.
611 1037 665 1095 An
693 1053 767 1097 casu
794 1034 916 1099 factum
944 1035 1140 1117 putabimus,
1175 1035 1258 1118 quod
1286 1035 1374 1100 iden-

230 1143 329 1206 tidem
355 1142 570 1206 intelleximus
598 1163 616 1204 a
645 1142 871 1224 probabilitate
899 1144 949 1207 vel
978 1143 1056 1207 adeo
1083 1144 1218 1207 veritate
1246 1144 1374 1209 alienis-

231 1253 327 1333 sima,
362 1273 443 1335 quae
480 1272 614 1336 graecus
646 1255 773 1333 namot,
808 1252 970 1315 simillima
1003 1256 1108 1316 autem
1140 1253 1207 1316 veri
1241 1274 1309 1317 esse
1343 1258 1374 1317 et

232 1362 348 1426 rationi
377 1382 505 1444 prorsus
534 1362 765 1443 consentanea,
800 1383 880 1444 quae
908 1361 946 1424 de
969 1361 1087 1425 eisdem
1115 1363 1208 1425 rebus
1237 1365 1375 1426 testatur

231 1472 351 1535 latinus
379 1470 513 1535 auctor?
556 1468 601 1533 Vt
628 1469 711 1533 haud
746 1471 853 1553 paullo
886 1471 1097 1535 confidentius
1129 1472 1169 1534 ad
1202 1471 1375 1536 iudicanda

232 1581 420 1646 Callimachi
456 1584 489 1644 et
521 1580 744 1644 Eratosthenis
780 1580 1014 1644 testimonia
1051 1602 1137 1644 nunc
1173 1580 1373 1663 accedamus,

231 1712 364 1775 quorum
391 1689 513 1752 nullum
540 1690 574 1752 in
601 1689 726 1773 graecis
749 1690 929 1774 vestigium.
975 1689 1018 1753 Et
1046 1691 1087 1753 ab
1112 1690 1206 1753 initio
1234 1689 1373 1773 quidem,

232 1801 421 1883 simulatque
444 1798 685 1864 Cramerianum
714 1797 932 1883 fragmentum
956 1798 1070 1862 cursim
1101 1799 1373 1881 perlustravimus,

233 1932 269 1973 eo
297 1931 421 1972 eramus
449 1908 572 1988 animo,
602 1911 637 1970 ut
660 1910 769 1990 erepta
791 1908 884 1972 uobis
911 1908 1037 1971 illorum
1064 1909 1249 1971 testimonia
1277 1909 1375 1972 ferre·

233 2041 302 2082 mus
335 2017 583 2100 patientissime:
616 2037 676 2080 nec
708 2017 794 2080 enim
825 2018 954 2102 gravim
987 2016 1114 2099 aliquod
1147 2017 1375 2081 detrimentum

233 2150 346 2211 capere
368 2128 460 2191 nobis
482 2126 683 2207 videbamur,
708 2144 768 2187 nec
790 2125 968 2189 tenaciores
991 2147 1058 2189 esse
1074 2130 1254 2190 nostrorum
1277 2128 1375 2209 potis·

232 2238 347 2301 simum
375 2237 576 2300 inventorum
604 2236 749 2298 solemus.
795 2233 890 2298 Nunc
918 2239 1024 2298 autem
1053 2258 1124 2299 cum
1150 2236 1292 2299 rationes
1317 2238 1376 2300 cir·

233 2346 456 2428 cumspicimus
478 2347 570 2409 istius
592 2345 784 2426 patientiae,
809 2343 927 2407 accidit
948 2350 1076 2427 praeter
1091 2346 1374 2428 exspectationem,

233 2460 269 2519 ut
283 2477 391 2518 earum
406 2454 503 2536 nihil,
528 2475 589 2536 quo
611 2454 704 2516 nobis
727 2453 788 2535 ipsi
811 2452 889 2515 satis
904 2453 1075 2536 faciamuS,
1099 2454 1134 2517 in
1156 2459 1306 2537 promptu
1322 2457 1374 2519 sit.

233 2563 318 2626 Nam
340 2563 475 2644 primum
498 2563 536 2625 in·
554 2563 599 2626 eis
616 2566 700 2626 certe
716 2560 821 2624 verbis
842 2562 983 2645 graecis,
1007 2585 1088 2646 quae
1111 2563 1272 2626 breviator
1287 2564 1376 2627 Pari·

234 2672 321 2736 sinus
344 2671 498 2752 servavit,
522 2671 601 2734 nihil
624 2670 829 2753 offendimus,
858 2672 940 2754 quod
963 2694 1024 2755 quo
1046 2673 1139 2736 modo
1162 2673 1212 2735 vel
1235 2674 1377 2755 potuerit

233 2782 268 2845 in
299 2780 385 2845 tanti
412 2802 523 2844 caussa
551 2781 665 2844 erroris
693 2802 776 2862 esse,
805 2780 869 2843 ullo
898 2785 992 2864 pacto
1020 2782 1205 2864 perspicias.
1250 2782 1376 2847 Deinde

221 2891 272 2976 vde
300 2890 488 2956 Callimachi
518 2889 644 2973 quidem
671 2890 871 2972 testimonio,
906 2891 988 2973 quod
1022 2891 1182 2973 proditum
1214 2890 1314 2954 fuisse
1340 2893 1375 2955 in

233 3002 310 3085 ipsis
331 3001 444 3067 Πίναξι
471 3001 651 3064 dixeramus
673 3022 705 3082 p.
732 3000 787 3081 13,
816 3020 857 3061 ne
880 2997 1105 3084 Bernhardyus
1133 3000 1260 3083 quidem
1290 3001 1376 3083 quie-

234 3134 329 3195 quam
352 3109 561 3174 dubitationis
583 3108 692 3171 movit.
731 3108 792 3172 Sed
815 3108 974 3171 dubitavit
995 3108 1080 3172 idem
1102 3132 1133 3192 p.
1151 3109 1213 3172 829
1235 3110 1275 3172 de
1297 3109 1376 3173 Era-

234 3221 397 3300 tosthene,
421 3220 514 3302 quern
537 3219 772 3282 conieceranrus
795 3217 830 3280 iu
852 3218 1110 3298 Χρονογραφιῶν
1139 3219 1377 3282 commentariis

235 3329 429 3393 voluminum
452 3349 598 3391 numeros
620 3330 773 3391 testatum
796 3348 874 3390 esse.
920 3325 988 3391 Nec
1011 3327 1152 3390 enimin
1179 3327 1244 3390 illis
1271 3328 1377 3391 locum

234 3439 351 3502 talibus
374 3439 424 3521 (at
446 3437 591 3520 qualibus
600 3436 630 3520 ‘ll
652 3436 750 3499 fuisse
773 3435 888 3517 videri,
917 3458 956 3500 ac
981 3436 1096 3499 mirum
1118 3458 1186 3499 esse
1208 3436 1377 3519 simplicis-

235 3549 333 3612 simae
355 3546 525 3611 memoriae
548 3546 627 3609 satis
649 3545 870 3609 testificandae
893 3566 1005 3609 caussa
1033 3546 1162 3628 gemina
1185 3547 1378 3610 auctoritate

236 3679 314 3740 opus
337 3678 415 3721 esse.
458 3656 657 3738 Quapropter
680 3658 863 3736 corruptum
885 3653 984 3717 videri
1006 3664 1154 3718 asseveret
1176 3655 1377 3737 vocabulum,

237 3765 553 3848 substituendumque
569 3763 735 3827 eiusmodi
752 3762 912 3846 quiddam,
929 3785 991 3847 quo
1007 3763 1238 3827 Eratosthenes
1251 3763 1379 3828 dicatur

237 3875 398 3958 inceptam
415 3874 644 3939 aCallimacho
667 3873 776 3936 titulos
791 3872 986 3936 inscribendi
1008 3893 1137 3955 operam
1160 3873 1377 3937 continuasse.

237 3984 300 4049 Hic
323 3989 428 4048 autam
451 3982 665 4067 quaerendum
687 3986 814 4066 praeter
830 3987 951 4063 cetera,
979 4003 1040 4064 quo
1055 3980 1147 4044 modo
1163 3982 1380 4046 construenda

181 4094 220 4155 '33
238 4095 318 4176 sint,
342 4115 422 4177 (luae
445 4097 617 4156 narrantur
639 4091 678 4155 de
701 4092 923 4155 Eratosthene.
968 4090 1087 4165 Quodsi
1114 4091 1324 4172 appositionis
1345 4092 1380 4155 vi

240 4202 348 4265 addita
370 4202 436 4265 sint
458 4207 614 4265 extrema:
643 4223 704 4265 noa
726 4209 768 4265 ito
792 4205 882 4266 miella
905 4211 974 4279 post
995 4206 1126 4264 eiusdem
1148 4211 1247 4264 custos
1273 4205 1380 4265 biblio

239 4317 358 4387 thecae,
393 4311 571 4393 exspectari
598 4332 674 4375 sane
702 4312 737 4374 in
765 4309 921 4394 prioribus
950 4308 1169 4373 coniunctivus
1197 4308 1381 4392 imperfecti
