2970 4996
377 298 413 344 rs
436 297 571 346 sacrun
594 297 674 345 nov.
697 297 833 346 rneans
855 281 1035 346 aod-261.
1212 283 1273 347 367

135 452 236 535 Atqui
272 451 461 536 languidum
494 472 561 514 esse
595 454 628 514 et
659 471 930 533 supervacaneum
966 450 1096 533 reliquis
1133 451 1276 516 additum

136 565 222 638 λέγω
255 566 387 645 uterque
420 561 530 625 sensit.
590 560 635 624 Et
666 560 811 644 profecto
844 561 993 644 languet,
1028 560 1054 623 si
1088 560 1192 626 ‘dico'
1227 562 1276 624 vel

136 673 295 756 ‘inquam'
320 672 468 735 vertitur:
491 692 558 734 non
573 670 749 754 languebit,
773 670 828 734 ubi
850 671 1117 752 ἐμφατικωτέρω(
1140 693 1276 754 aequare

135 781 331 862 ‘indicendi,
355 780 555 861 declarandi,
578 780 827 863 pronuntiandi’
852 780 1015 843 notionem
1037 781 1219 863 putabitur,
1241 784 1277 844 ut

135 891 222 954 enim
255 890 439 973 saepissime
472 891 550 953 illud
585 890 650 953 rim
682 888 832 953 hortandi
865 889 1034 952 iubendivc
1067 889 1188 972 induit,
1229 891 1276 953 ita

134 1001 217 1064 nihil
244 1001 377 1084 impedit
404 1001 571 1083 quominus
599 1001 696 1064 etiam
728 1000 934 1082 promittendi
962 999 1159 1084 vovendique
1187 1002 1275 1083 pote-

134 1114 253 1174 statem
275 1110 495 1174 communicet.
540 1109 658 1173 Verum
681 1109 727 1173 sic
755 1109 923 1173 fatendum
946 1113 994 1173 est
1017 1131 1094 1173 sane
1119 1109 1155 1173 in
1181 1110 1275 1174 unius

135 1220 382 1284 constructionis
406 1220 617 1284 continuitate
640 1221 674 1284 ἐκ
697 1222 905 1300 παραλλήλου
934 1219 1073 1303 positum
1101 1221 1276 1300 ἐπεύχομαι

134 1329 232 1393 verbo
259 1353 323 1394 non
346 1330 549 1394 mediocriter
576 1330 745 1393 offendere.
791 1329 865 1393 Non
888 1329 1021 1392 offendit
1046 1328 1173 1412 quidem
1195 1328 1275 1393 Her-

134 1462 305 1504 mannum:
335 1441 390 1504 sed
418 1439 503 1503 hunc
526 1441 630 1522 ipsum
652 1439 686 1502 in
709 1462 747 1503 ea
771 1461 882 1503 caussa
904 1461 969 1504 non
992 1439 1184 1503 audiendum
1207 1461 1275 1504 csse

132 1549 231 1612 facile
267 1553 314 1613 est
350 1551 391 1613 ad
427 1550 718 1613 demonstrandum.
778 1550 880 1624 Quam
917 1549 1003 1613 enim
1039 1549 1275 1613 excusationem

132 1659 289 1723 tutandae
322 1660 466 1724 codicum
498 1661 670 1724 memoriae
702 1660 737 1724 in
769 1683 799 1724 v.
829 1659 892 1724 265
924 1658 1085 1742 adhibuit,
1121 1660 1175 1723 ubi
1209 1682 1275 1725 non

134 1771 314 1853 percepisse
342 1770 478 1833 editores
505 1770 552 1834 ait
582 1770 731 1834 eximiam
758 1770 822 1834 vim
853 1769 1026 1832 iracundae
1053 1770 1207 1834 orationis
1240 1771 1275 1834 in

133 1880 199 1943 illis
222 1901 302 1963 quae
325 1883 399 1943 sunt
422 1881 486 1956 ἐγὼ
509 1883 542 1945 δ’
564 1881 619 1944 ἐπ’
647 1880 766 1961 ἄνδρα(
794 1883 826 1945 ἓξ
848 1881 917 1957 ἐμοὶ
946 1882 1001 1944 (ὺν
1031 1880 1157 1965 ἑβδόμῳ
1181 1880 1274 1963 ἀντη-

133 1991 229 2068 ρέτας
251 1991 387 2069 ἐχθροῑει
409 2041 461 2053 ...
484 1990 527 2054 εἰ(
549 1980 742 2069 ἑπτατειχεῖς
762 1991 895 2056 ἐξόδου(
910 1990 1011 2071 τάξω,
1036 1989 1170 2067 eandem
1185 1991 1275 2054 illum

132 2099 262 2162 veniam
290 2099 351 2163 huc
378 2099 580 2163 transtulisse
608 2103 859 2164 consentaneum
882 2103 939 2162 est.
985 2098 1029 2162 Et
1055 2102 1165 2163 tamen
1192 2101 1275 2171 nihil

133 2230 204 2272 esse
234 2209 412 2274 evidentius
439 2214 544 2293 potest
573 2232 668 2293 quam
701 2208 825 2292 pridem
853 2230 999 2291 repressa
1028 2231 1065 2272 ea
1096 2209 1272 2292 macundia,

132 2341 197 2402 qua
225 2319 259 2382 in
286 2319 420 2402 pavidas
442 2323 706 2403 contumacesque
735 2319 876 2404 virgines
906 2319 1051 2383 invectus
1073 2323 1143 2383 erat
1165 2324 1272 2403 antea,

131 2429 199 2492 iam
225 2432 329 2492 totum
356 2429 391 2492 in
418 2450 454 2493 eo
481 2451 591 2514 regem
619 2451 686 2493 esse
715 2432 751 2492 ut
778 2429 907 2512 placata
934 2433 1042 2493 mente
1065 2431 1171 2513 (τοῦτ’
1201 2431 1274 2496 ἀντ’

131 2540 266 2604 ἐκείνων
289 2539 410 2604 τοῦπος
433 2540 578 2618 αἱροῦμαι
601 2541 720 2623 (ἑθεν),
749 2539 804 2602 sed
825 2529 1023 2604 imminentis
1045 2539 1179 2623 periculi
1201 2563 1273 2625 gra-

131 2648 235 2712 vitate
263 2649 406 2734 graviter
432 2653 576 2732 permota
603 2670 718 2732 graves
746 2650 997 2733 tranquillasque
1018 2672 1129 2733 preces
1159 2652 1274 2715 fundat

133 2758 371 2843 compositaque
387 2759 531 2823 oratione
547 2763 621 2822 vota
637 2763 810 2843 nuncupet.
848 2759 889 2822 Ei
909 2760 1010 2843 igitur
1025 2761 1124 2823 animi
1146 2761 1276 2825 affectui

132 2869 363 2933 convenienter
385 2891 478 2952 quem
501 2869 541 2932 ad
569 2868 697 2932 modum
719 2892 785 2932 non
807 2868 902 2951 illud,
941 2869 1023 2953 quod
1053 2870 1272 2934 artificiosiorc

132 2978 282 3042 acumine
304 2978 509 3042 Hermannus
532 3001 681 3042 excusare
704 2978 840 3062 studuit,
871 2979 926 3042 sed
952 2978 1012 3042 hoc
1039 2979 1144 3061 potius
1168 2980 1272 3043 dicere

131 3087 282 3151 Eteocles
309 3088 484 3169 videbitur,
518 3089 601 3171 quod
631 3111 697 3152 non
733 3111 831 3173 egens
860 3089 1063 3152 excusatione
1100 3089 1272 3153 maximam

132 3197 444 3262 commendationem
471 3198 686 3281 simplicitatis
713 3197 825 3262 habet:
854 3201 918 3275 ἐγὼ
948 3202 981 3262 δ’
1010 3200 1063 3263 ἐτ’
1092 3199 1212 3280 ἄνδρα(
1240 3201 1272 3267 ἓξ

130 3309 205 3385 ἐμοὶ
226 3309 281 3373 (bv
309 3309 435 3390 ἑβδόμῳ
458 3329 485 3371 e.
509 3330 539 3392 q.
564 3330 588 3371 s.
614 3307 802 3391 (uecenim
829 3308 962 3392 dignum
992 3307 1041 3371 cui
1068 3308 1306 3375 immoremurv

131 3394 271 3480 Birrtoni
294 3417 534 3501 Blomficldique
550 3421 763 3481 commentum
786 3419 850 3494 ἐγὼ
873 3419 908 3482 δέ
931 3421 965 3494 γ’
987 3419 1138 3504 ἄνδρα();
1161 3420 1208 3482 ita
1231 3419 1272 3483 ab

130 3526 246 3591 eadem
273 3527 358 3611 regis
387 3527 573 3591 condicione
599 3527 717 3591 iterata
745 3527 779 3590 in
802 3530 888 3604 λέγω
911 3531 944 3590 ct
970 3529 1145 3608 ἐπεύχομαι
1167 3530 1271 3594 verbis

128 3635 269 3699 vovendi
291 3638 380 3700 notio
406 3660 472 3701 non
499 3637 619 3720 poterit
649 3660 716 3701 non
741 3638 847 3701 aliena
874 3638 1018 3702 iudicari.
1064 3638 1153 3713 Quod
1176 3638 1203 3702 si
1225 3638 1272 3703 ita

30 3730 35 3735 ’
128 3750 199 3828 est,
222 3745 308 3810 haud
330 3747 505 3829 immerito,
528 3747 564 3811 in
578 3751 685 3811 utrum
708 3748 812 3812 locum
827 3747 947 3832 aliquid
963 3749 1148 3833 suspitionis
1164 3749 1270 3832 cadat,

126 3860 312 3939 quaeretur.

217 3959 292 4030 Non
319 3967 438 4050 poterit
459 3973 582 4050 autem,
612 3966 666 4052 qui
694 3965 735 4032 ad
757 3965 822 4032 vim
850 3966 1003 4053 simplicis
1032 3965 1177 4034 veritatis
1205 3990 1271 4034 non

125 4095 261 4161 prorsus
276 4077 477 4161 occalluerit,
499 4078 677 4142 ullomodo
699 4079 920 4163 gravissimas,
944 4077 1057 4164 quibus
1080 4080 1147 4165 ipse
1162 4101 1270 4145 versus

123 4186 195 4251 259
217 4186 375 4261 obnoxius>
394 4191 458 4270 est,
481 4187 697 4253 dubitationes
713 4189 761 4252 vel
784 4189 982 4253 dissimulare
1004 4190 1054 4254 vel
1076 4195 1271 4265 monstratas

123 4295 280 4361 infitiari:
303 4319 384 4382 quae
399 4301 474 4362 sunt
489 4320 622 4364 numero
642 4302 802 4383 quattuor.
847 4298 931 4364 Nam
953 4296 1091 4385 primum
1105 4302 1175 4387 quis
1197 4304 1271 4386 post
