2970 4996
233 304 296 374 368
587 301 636 372 oa
659 322 831 374 anscarii
854 321 1022 374 vaasravs

233 483 300 543 τοῑε
327 478 548 558 πολιεεούχοι(
577 481 662 543 θεοῖ(
694 482 727 541 et
759 478 828 561 ipso
860 477 1004 562 proximo
1031 499 1124 542 versu
1153 477 1255 543 ἑιτὶαι
1289 481 1379 544 θεῶν

233 587 454 652 molestissime
482 588 631 652 iteratum
660 593 776 654 θεοῑαν
805 609 904 672 aequo
932 589 1039 651 animo
1066 588 1174 652 ferat?
1217 587 1257 652 In
1286 590 1378 653 cuius

232 699 337 762 locum
368 698 395 762 si
429 720 500 762 cum
533 697 732 762 Blomfieldio
764 702 858 763 πᾶειν
892 699 1065 762 substituas
1101 720 1216 782 parum
1249 721 1309 782 per
1343 722 1377 762 se
1430 750 1432 752 v

232 807 400 891 plausibile
424 830 443 870 a
466 807 684 871 concinnitate
706 808 902 890 sententiae,
927 808 1028 872 atita
1051 808 1105 892 qui
1127 809 1276 891 tandem,
1304 831 1376 873 cum

233 919 377 1001 profecto
395 921 566 998 (υνιύνυμα
586 940 651 981 non
667 918 734 981 sint
755 920 971 999 μηλοεφαγεῖν
988 922 1021 981 et
1042 924 1290 1002 ταυροκτονεῑν,
1315 919 1376 983 hoc

232 1028 373 1111 potuisse
409 1028 478 1091 sine
511 1028 624 1111 copula
662 1027 745 1090 adici
782 1027 969 1091 credamus?
1007 1029 1196 1111 praesertim
1230 1051 1304 1093 curn
1341 1031 1375 1092 in

232 1142 383 1220 promptu
416 1140 499 1200 esset
531 1139 580 1202 καὶ
611 1143 845 1217 βουθυτούνται
873 1138 994 1220 dicere,
1030 1138 1062 1200 id
1095 1138 1178 1221 quod
1210 1139 1376 1202 commode

232 1269 335 1330 nuper
355 1245 513 1310 Robertus
534 1245 682 1330 Engerus
705 1247 870 1311 admonuit
891 1247 1011 1311 Annal.
1034 1246 1112 1331 phil.
1138 1252 1169 1311 et
1191 1248 1285 1332 paed.
1310 1249 1373 1312 vol.

231 1356 351 1420 LXXV
364 1357 407 1442 (a.
419 1357 513 1442 1857)
526 1379 558 1439 p.
571 1357 623 1420 48.
651 1357 763 1440 Itaque
778 1357 902 1440 utrique
918 1358 1117 1421 incommodo
1128 1360 1164 1420 ut
1179 1363 1372 1439 occurreret,

232 1469 529 1547 ταυροκτονοῦντας
556 1469 590 1531 τέ
619 1489 692 1548 (φιν
722 1465 867 1530 Prienius
891 1467 1151 1549 commendabat,
1182 1467 1224 1530 ob
1251 1467 1285 1531 id
1308 1469 1374 1530 lau-

233 1577 326 1640 datus
359 1599 378 1639 a
410 1576 569 1640 Ludovico
606 1575 761 1640 Sohillero
797 1577 832 1639 in
868 1576 987 1639 Diariis
1024 1576 1273 1641 Monacensibus
1311 1579 1372 1641 vol.

233 1686 373 1750 XXXIX
395 1709 427 1769 p.
451 1687 507 1751 27:
537 1708 601 1749 non
624 1686 803 1749 mehercule
826 1686 1005 1750 sententiae
1031 1687 1200 1770 quicquam
1223 1686 1275 1749 vel
1297 1673 1381 1770 pori-¹

233 1797 316 1860 deris
332 1797 381 1859 vel
396 1796 521 1880 gratioe
538 1795 657 1859 addens
673 1795 797 1877 addito,
821 1817 883 1879 quo
904 1795 1057 1859 facillime
1074 1818 1228 1878 caremus,
1252 1796 1372 1860 dativo.

233 1905 279 1970 Vt
301 1907 385 1970 haud
407 1905 514 1988 paullo
537 1905 716 1987 venustius,
741 1906 795 1989 qui
817 1904 969 1969 hariolari
991 1905 1102 1987 vellet,
1134 1907 1278 1988 potuerit
1299 1928 1373 1971 ταυ-

234 2018 471 2097 ροκτονοῦντας
492 2018 525 2080 τ’
548 2016 692 2095 ἀιμένω(
709 2017 881 2096 ἐπεύχομαι
897 2018 1000 2094 Θήεειν
1016 2018 1078 2080 κτλ.
1095 2015 1251 2079 conicere.
1291 2016 1374 2079 Nam

233 2125 428 2191 Bothianum
456 2124 582 2209 quidem
608 2127 907 2204 ταυροκτονοῦντάι
935 2128 978 2203 θ’,
1008 2127 1088 2190 οἷον
1112 2126 1176 2190 ὧδ’
1199 2127 1375 2206 ἐπεύχομαι

232 2259 273 2302 nc
295 2237 441 2321 intellegi
470 2236 596 2319 quidem
618 2239 724 2318 potest
746 2257 806 2299 neo
827 2257 942 2319 graece
965 2235 1122 2319 loquentis
1149 2237 1256 2318 potius
1280 2259 1374 2320 quam

232 2347 455 2412 balbuttientis
487 2349 544 2408 est.
590 2345 710 2409 Verum
736 2347 833 2408 tertia
865 2346 996 2409 offensio
1031 2345 1110 2409 haec
1138 2346 1265 2409 accedit
1292 2347 1373 2431 quod

233 2459 374 2540 omnino,
403 2457 456 2540 qui
484 2456 601 2519 omissa
629 2477 783 2539 personae
812 2455 1048 2539 significatione
1074 2462 1374 2535 ταυροκτονοῦνταε

233 2569 407 2647 ἐπεύχομαι
423 2568 526 2645 θήεειν
550 2566 614 2629 dici
636 2565 793 2648 potuerit,
817 2587 882 2628 non
905 2565 1109 2649 perspicitur:
1132 2565 1165 2627 id
1188 2566 1274 2650 quod
1297 2588 1374 2630 sane

233 2678 331 2742 etiam
359 2676 396 2739 ad
426 2677 632 2755 αἱμάεεοντα(
659 2674 862 2758 participium
890 2675 1039 2765 pertinet.
1084 2674 1152 2738 Nec
1175 2675 1262 2739 enim
1285 2677 1374 2740 acho

232 2789 327 2852 liasta
350 2786 511 2850 Mediccus
538 2785 726 2849 morandus:
754 2783 901 2867 quicum
931 2786 1030 2850 λείπει
1051 2786 1148 2864 ἡμᾶς,
1176 2787 1258 2863 ἡμᾶς
1282 2788 1373 2852 ἐπεύ-

232 2920 326 2981 χομαι
356 2897 536 2979 adnotavit,
571 2918 636 2959 non
668 2895 751 2978 quod
781 2896 872 2957 abest
903 2898 1044 2977 tantum,
1079 2894 1134 2957 sed
1167 2895 1252 2979 quod
1286 2897 1374 2961 deest

232 3011 323 3074 dixit.
368 3008 489 3071 Rursus
518 3005 618 3090 igitur
644 3008 772 3088 praesto
798 3026 866 3068 esse
890 3003 1090 3090 Hartungius
1113 3005 1374 3090 confidenterque

231 3122 529 3201 ταυροκτονοῦντα(
557 3117 591 3179 θ’
618 3115 698 3194 ἢμα(
727 3115 788 3179 ὧδ’
812 3114 885 3200 (sic)
914 3136 1082 3198 reponere,
1112 3115 1217 3179 forma
1245 3117 1374 3180 invecta

232 3231 362 3295 minime
385 3225 572 3310 Aeschylia,
601 3225 750 3308 neglecta
779 3228 885 3287 autem
907 3225 1034 3288 virtutis
1056 3224 1202 3308 poeticae
1224 3226 1375 3290 aestima-

232 3334 335 3417 tione,
365 3332 449 3395 unde
477 3340 624 3419 quartum
654 3338 879 3420 argumentum
907 3335 1054 3418 petimus.
1106 3335 1247 3399 Omnino
1277 3337 1373 3417 enim,

232 3443 259 3505 si
286 3465 352 3507 non
382 3447 487 3508 essent
515 3445 655 3528 reliquae
683 3445 873 3508 offensiones
896 3466 1022 3527 omnes,
1050 3447 1117 3507 tam
1145 3445 1276 3510 exiliter
1303 3448 1375 3511 sulr

232 3553 350 3616 iectum
371 3555 667 3636 ταυροκτονούύτὰ(
690 3578 724 3621 τε
747 3554 797 3618 vel
819 3555 916 3617 etiarn
938 3557 987 3618 καὶ
1014 3559 1251 3634 βουθυτούντα(
1275 3579 1375 3643 nega-

231 3684 335 3727 remus
359 3665 400 3728 ab
415 3665 575 3748 Aeschylo
597 3665 776 3748 profectum
793 3686 871 3728 esse.
916 3664 1017 3727 Recte
1039 3684 1073 3726 sc
1095 3662 1284 3731 habiturum
1306 3673 1376 3732 erat

231 3775 517 3854 μηλοεφαγούνταε
550 3776 847 3853 ταυροκτονοῦντά(
883 3796 932 3840 τες
970 3775 1046 3837 item
1082 3777 1168 3837 recte
1205 3775 1378 3861 aliquanto

231 3883 392 3948 ornatiora
415 3884 541 3948 dicendi
563 3885 667 3968 specie
695 3887 805 3964 μήλοι(
834 3863 962 3964 ταύροιοΙ
984 3888 1017 3948 θ)
1039 3886 1249 3963 αἱμάειοντα(
1274 3888 1378 3953 {trior

231 3999 315 4059 θεῶν
349 3994 398 4056 vel
432 3995 514 4078 quod
548 3995 657 4058 eodem
695 3995 778 4057 redit
810 3982 931 4074 μήλοιιί
958 3997 989 4058 θ’
1022 3973 1249 4073 αἱμάαονταε.
1274 3998 1378 4063 {trior

231 4109 315 4169 θεῶν
344 4106 484 4182 ταύροιιί
511 4125 558 4169 τε;
586 4105 721 4168 fortasse
751 4104 848 4168 etiam
873 4108 1159 4186 μηλοεφαγούνται
1185 4107 1321 4185 ταύροιο
1344 4113 1378 4173 θ’

231 4214 438 4293 αἱμάιεονταε
467 4215 566 4279 {triac
594 4220 679 4281 θεῶν
708 4214 756 4278 vel
784 4220 1082 4294 ταυροκτονοῦντα(
1109 4216 1219 4294 μήλοις
1249 4220 1285 4281 θ’
1313 4218 1379 4297 αλμ.

232 4322 256 4387 ἑ.
278 4329 304 4387 θ.
328 4323 502 4391 condonari
523 4324 644 4410 potuit,
668 4345 858 4409 quamquam
879 4321 939 4388 hoc
961 4343 1027 4388 non
1049 4323 1142 4387 valde
1162 4324 1290 4408 placet:
1319 4327 1380 4393 sed
