2904 4996
468 341 627 396 scaenas
653 345 825 396 calescas.
1161 329 1222 396 739

74 505 199 583 ψάλτη(
232 501 329 566 verba
363 501 565 584 appositione
596 502 809 585 grammatica
841 502 952 565 iuncta
985 505 1060 565 sunt
1092 504 1221 568 Φαίδων

73 613 208 678 nomini.
237 649 280 664 -.
313 612 412 676 Porro
445 612 480 677 in
512 612 762 678 scholiastae
795 611 899 674 verba
934 611 973 673 aa
1008 611 1221 694 Sophoclis

74 724 237 789 Aiacem
264 747 294 786 v.
319 724 360 788 55
376 723 488 786 vitium
511 723 609 786 miror
631 722 777 787 relictum
799 722 834 785 in
858 722 969 806 ἐπῄει
991 743 1085 805 voee3
1119 745 1221 806 neque

74 835 162 898 enim
192 834 334 897 dubitari
362 836 482 916 potest,
519 833 596 916 quin
624 836 737 914 poetae
765 833 878 915 verba,
914 854 994 916 quae
1021 835 1097 896 sunt
1122 834 1221 912 ἔκειρε

73 947 268 1023 πολυκέρων
291 945 399 1025 φόνον
422 942 595 1007 scholiasta
617 942 778 1007 Mediceus
801 943 847 1007 sic
870 943 1053 1026 explicarit:
1077 943 1146 1008 ἀντὶ
1159 949 1221 1009 ’τοῦ

73 1057 191 1134 κείρων
214 1055 351 1119 ἐποίει.
396 1053 548 1117 Eiusdem
570 1053 667 1117 liceat
693 1053 754 1117 hoc
781 1055 850 1118 loco
879 1054 1039 1138 corrigere
1067 1054 1221 1117 adnotata

74 1144 124 1227 ad
137 1187 167 1227 ν.
192 1165 269 1229 285:
299 1170 438 1230 ευνετῶ(
468 1166 504 1228 δὲ
532 1166 581 1228 καὶ
609 1165 650 1229 οὐ
677 1166 756 1229 κατὰ
782 1166 992 1244 μαινόμενον
1023 1167 1073 1229 καὶ
1099 1166 1161 1244 γὰρ
1188 1167 1222 1229 ἐκ

72 1279 129 1353 τῆ(
157 1279 216 1340 τοῦ
240 1279 350 1353 καιροῦ
378 1275 506 1340 ἐννοίαε
538 1274 807 1354 ἐπιβουλεύοντόε
836 1276 933 1357 ἐετιν,
964 1276 1121 1341 ἐπιθέιθοιι
1151 1278 1222 1354 περὶ

73 1391 208 1464 πρῶτον
226 1385 330 1451 ὕπνον
345 1408 403 1467 ——3
425 1384 488 1448 nisi
504 1388 663 1468 praestat:
687 1389 824 1451 ευνετῶι
841 1388 880 1473 δὲ,
898 1386 1003 1451 καὶού
1019 1388 1098 1450 κατὰ
1114 1389 1222 1465 μαινό-

73 1517 174 1574 μενον
208 1497 258 1560 καὶ
291 1497 325 1560 ἐκ
357 1500 413 1573 τῆε
445 1500 504 1560 τοῦ
537 1499 649 1573 καιροῦ
684 1495 825 1561 ἐννοίας·
859 1497 1128 1576 ἐπιβουλεύοντα(
1160 1499 1222 1577 γάρ

74 1607 169 1687 ἐετιν,
193 1607 351 1672 ἐπιθέιθαι
372 1629 398 1669 κ.
415 1628 440 1670 τ.
457 1608 483 1669 λ.
499 1643 541 1653 -
556 1604 678 1668 Eadem
693 1606 817 1669 ratione
833 1606 950 1683 αὑτῆε
974 1609 1157 1689 corruptum
1174 1612 1223 1670 est

73 1716 109 1778 in
124 1715 212 1781 αὖθι(
228 1716 262 1779 in
277 1737 369 1779 versu
390 1715 527 1799 quodam
544 1714 772 1798 Sophoclio‚
794 1737 888 1799 quem
910 1715 945 1778 in
966 1715 1221 1800 fragmentorum

29 1836 30 1839 ’
74 1847 242 1890 numerum
264 1825 443 1889 Brunckius
465 1826 591 1889 rettulit
613 1847 650 1888 ex
679 1825 887 1889 Plutarchi
914 1826 981 1888 vita
1009 1825 1164 1889 Demetrii
1193 1849 1219 1889 c.

72 1935 117 2000 45
144 1958 176 2018 p.
200 1936 259 1999 911
294 1935 426 2019 Wech.,
462 1936 511 2000 cui
546 1958 617 2000 cum
649 1935 850 2023 Gaisfordius
884 1935 1059 1999 addidisset
1091 1935 1218 2010 Quaest.

73 2067 154 2109 rom.
185 2066 211 2109 c.
237 2047 277 2109 76
298 2068 330 2129 p.
354 2046 417 2110 282
440 2052 486 2129 Α,
502 2067 562 2131 ego
584 2046 787 2110 adiciendum
809 2068 876 2110 esse
898 2046 962 2109 vidi
991 2046 1125 2110 eundem
1147 2047 1220 2110 Plu·
1249 2042 1251 2044 ’

72 2155 222 2219 tarchum
255 2156 293 2218 de
327 2157 511 2220 curiositate
540 2179 566 2220 c.
596 2157 617 2221 5
645 2180 676 2239 p.
700 2157 762 2221 517
792 2162 820 2219 J)
854 2157 905 2241 [fr.
931 2158 992 2220 713
1025 2156 1122 2219 Dind.
1159 2159 1218 2221 787

73 2264 233 2353 Nauck.]:
255 2266 310 2329 ubi
334 2267 558 2352 corrigendum
581 2270 630 2330 est
651 2267 869 2350 importunum
892 2268 1098 2345 εὐγενεετάτη
1123 2268 1184 2330 sio:

133 2449 137 2454 ·
227 2430 397 2506 χῶτανπερ
420 2428 536 2506 αὑτῆε
560 2430 818 2506 ἐντελεετὰτη
841 2436 940 2511 φανῇ.

74 2596 178 2660 Nihili
200 2598 286 2660 enim
309 2601 523 2661 commentum
546 2601 594 2662 est
617 2598 850 2681 admoventia,
880 2598 962 2682 quod
992 2599 1042 2662 cui
1067 2598 1220 2661 debeatur

74 2729 162 2770 nunc
184 2729 251 2771 non
273 2712 368 2771 vacat
389 2709 559 2792 inquirere.
605 2708 804 2792 Quamquam
831 2709 932 2792 possit
959 2710 1056 2772 etiam
1084 2711 1219 2790 εὐπρε-

73 2819 245 2897 πεετάτη
278 2818 405 2900 placere
433 2818 529 2902 [quod
558 2819 662 2902 ipsum
689 2841 776 2882 nunc
804 2819 895 2882 video
922 2819 1048 2882 illorum
1078 2819 1220 2882 locorum

73 2927 171 2990 tertio
186 2926 395 2991 Didotianam
410 2927 559 3012 habere]:
576 2950 657 3012 quae
673 2950 733 2992 vox
749 2930 783 2992 in
799 2930 930 3007 εὐγενήε
943 2929 1074 2991 transiit
1090 2928 1123 2990 in
1140 2929 1218 2991 eius-

74 3036 147 3099 dem
175 3059 268 3100 versu
291 3037 500 3121 Sophoclis
528 3039 665 3122 quodam
694 3039 747 3121 [fr.
777 3039 839 3102 742
861 3038 958 3101 Dind.
989 3038 1050 3101 779
1078 3033 1218 3121 Nauck]

74 3146 159 3230 apud
182 3147 316 3210 eundem
336 3147 543 3211 Plutarchum
572 3147 717 3212 dedicio
740 3149 821 3213 Λάθε
849 3150 963 3228 βιώεαε
988 3169 1014 3210 c.
1038 3148 1059 3210 4
1081 3170 1112 3230 p.
1139 3150 1219 3210 1129

66 3262 100 3340 ‚0
121 3256 192 3320 coll.
221 3257 260 3320 de
282 3279 317 3321 re
339 3258 469 3341 publica
496 3260 565 3322 seni
588 3257 729 3343 gerenda
759 3258 797 3341 [c.
823 3258 841 3322 8
864 3280 896 3341 p.
923 3257 984 3322 788
1008 3257 1101 3343 Bet]
1127 3279 1153 3321 c.
1180 3260 1219 3320 15

73 3390 105 3450 p.
136 3367 198 3431 792
231 3375 266 3431 Α.
318 3367 481 3452 Loquendi
511 3390 628 3453 genus,
664 3368 746 3452 quod
776 3367 917 3432 cernitur
953 3369 986 3430 in
1015 3368 1112 3445 αὐτῆ(
1148 3390 1218 3450 pro-

74 3477 220 3559 nomine,
256 3477 379 3541 affatim
416 3477 618 3542 illustrarunt
654 3481 728 3561 post
767 3468 929 3541 Budaeum
963 3476 1020 3540 H.
1037 3476 1218 3560 Stephanus

73 3588 161 3669 App.
185 3586 224 3649 de
246 3586 321 3651 dial.
346 3591 405 3651 att.
434 3611 465 3671 p.
489 3590 529 3651 41
553 3610 611 3672 sq.,
641 3587 820 3652 Gatakerus
848 3587 887 3651 de
916 3587 990 3651 novi
1013 3587 1217 3650 instrumenti
1263 3667 1265 3670 y

73 3698 158 3780 stylo
181 3715 208 3760 c.
231 3696 274 3761 25
295 3719 327 3782 p.
354 3698 424 3780 133,
448 3698 642 3762 Abreschius
658 3699 791 3763 Observ.
809 3698 956 3782 Aeschyl.
978 3696 1040 3780 lp.
1058 3697 1118 3761 631
1136 3719 1216 3781 προ,
1286 3730 1287 3741 ι
1346 3741 1350 3748 -

72 3805 308 3891 Wesselingius
321 3807 370 3870 ‘ad
393 3806 548 3872 Herodoti
570 3808 596 3891 Ι,
628 3809 699 3891 193,
721 3808 955 3873 Valckenarius
983 3807 1024 3870 ad
1046 3807 1101 3871 lib.
1126 3806 1216 3890 VIII,
1236 3808 1269 3855 42

72 3916 126 3980 86.
162 3915 251 3991 duod
273 3921 381 3981 autern
402 3917 508 4003 priore
529 3919 585 3983 illo
607 3941 701 3983 versu
723 3921 819 3997 αὐτῆ(
847 3918 921 3982 inde
945 3918 985 3981 ab
1008 3917 1092 3981 Aldo
1120 3918 1217 4000 scrip-

72 4030 143 4089 tum
170 4027 296 4090 notavit
323 4027 594 4112 Wyttenbachius
621 4029 697 4113 (vol.
727 4028 759 4092 Il
787 4051 818 4111 p.
850 4028 942 4113 153),
972 4028 1003 4090 id
1032 4027 1142 4091 eodem
1170 4031 1218 4091 est

71 4135 153 4200 vitio
175 4138 325 4202 affectum
347 4142 442 4222 atque
458 4139 702 4204 scholiastae
725 4139 821 4202 verba
837 4138 877 4201 ad
899 4138 1089 4222 Aeschyli
1110 4137 1215 4201 Pers.

73 4246 135 4311 161.
154 4247 229 4329 [163
244 4271 276 4331 p.
292 4249 366 4331 436,
390 4249 432 4313 23
447 4248 576 4337 Dind.],
601 4271 681 4333 qnae
703 4250 749 4314 sic
772 4249 1001 4314 emaculamus:
1025 4250 1055 4314 οἱ
1070 4250 1216 4330 πένητεε,

69 4358 205 4439 ἔχοντε(
234 4362 292 4438 μὲν
315 4359 402 4440 ἰεχύν
425 4363 484 4439 τὴν
507 4360 656 4442 αὑτῶν,
686 4361 856 4440 χρημάτων
888 4362 928 4425 δὲ
957 4360 1215 4438 ἀπολειπόμενοι.
1297 4357 1298 4360 ’

950 4463 1016 4528 47*
