3014 5010
416 366 463 411 na
485 365 577 411 man.
601 365 704 411 suaa.
728 366 772 412 ar
794 366 1008 414 massario.
1222 352 1282 414 149

137 540 264 602 prorsus
297 518 443 580 seiuncta
478 516 597 579 habeas
635 516 775 580 indicum
813 518 1079 581 conficiendorum
1117 519 1281 603 negotium

137 626 327 693 Callimachi
356 629 389 689 et
416 624 640 689 custodiendae
667 626 880 690 bibliothecae
908 649 1022 689 munus
1044 626 1279 692 Eratosthenis.

137 736 174 799 ld
198 737 304 798 autem
332 735 386 817 qui
414 735 474 798 sibi
497 736 705 818 persuaserit,
737 735 830 819 quid
852 735 983 799 tandem
1006 736 1044 798 de
1067 735 1280 801 Eratosthene

136 845 290 907 traditum
312 843 421 907 dicet?
456 842 614 907 Nimirum
637 866 656 907 a
674 843 885 926 Philadelpho
906 844 996 907 illum
1018 843 1111 907 modo
1133 844 1281 910 conditae

137 954 350 1018 bibliothecae
376 953 574 1036 praetectum
602 974 680 1016 csse.
725 952 773 1015 Eo
796 953 937 1015 enimin
965 953 1158 1036 reliquorum
1180 955 1280 1017 conti-

136 1063 260 1127 nuitate
290 1066 341 1125 sat
368 1061 540 1125 manifesto
567 1061 646 1125 haec
674 1062 798 1125 valent:
834 1062 1047 1140 Ἐρατοεθένει
1069 1064 1105 1126 δὲ
1132 1064 1279 1148 ἡλικιωτῇ

138 1173 338 1251 Καλλιμάχου
357 1173 444 1250 παρὰ
458 1175 517 1235 τοῦ
540 1172 693 1250 βααλέω(
714 1172 752 1234 τὸ
774 1174 923 1236 τοιοῦτον
939 1172 1140 1250 ἐνεπιετεύθη
1164 1176 1279 1252 βιβλιο-

137 1283 306 1362 φυλάκιον.
350 1281 450 1362 Atqui
477 1279 557 1342 haec
585 1284 640 1342 aut
667 1279 810 1363 graviter
838 1283 987 1361 corrupta
1008 1284 1084 1343 sunt
1111 1284 1167 1343 aut
1193 1281 1280 1345 dicta

136 1391 317 1453 falsissime.
374 1388 497 1471 Quippe
531 1393 564 1451 et
595 1388 858 1469 Eratosthenem,
896 1392 1007 1451 nutum
1045 1410 1115 1452 eum
1151 1389 1277 1473 Olymp.

137 1497 272 1563 CXXVI
279 1548 287 1579 ,
317 1498 461 1560 norimus
490 1498 531 1561 ab
553 1497 715 1581 Euergeta
743 1496 868 1560 demum
891 1496 1120 1560 Alexandriam
1149 1500 1278 1563 arcessi-

136 1612 221 1690 tum,
246 1610 280 1670 et
301 1606 400 1689 prim
408 1627 466 1670 um
489 1606 702 1670 bibliothecae
724 1607 923 1689 praefectum
938 1606 1134 1670 Zenodotum
1157 1610 1209 1692 (bc
1231 1612 1281 1674 καὶ
1299 1624 1330 1672 31

136 1722 266 1796 πρῶτα(
293 1721 360 1781 τῶν
382 1717 521 1795 Ὁμήρου
550 1717 725 1795 διορθωτὴ(
752 1716 882 1792 ἐγένετο
910 1718 959 1780 καὶ
986 1722 1054 1782 τῶν
1076 1719 1112 1783 ἐν
1136 1719 1280 1785 Ἀλεξαν-

136 1827 224 1909 δρείᾳ
247 1829 456 1906 βιβλιοθηκῶν
479 1826 618 1904 erponem
640 1828 722 1888 teste
738 1824 860 1908 Suida).
892 1824 1018 1899 Quanto
1040 1826 1141 1909 igitur
1162 1828 1279 1892 rectius

136 1936 255 1998 latinus
278 1935 451 2017 interpres:
480 1956 551 1998 ηοιι
580 1942 635 1998 iia
664 1941 777 1998 multo
803 1945 887 2013 posi
907 1941 1038 1998 ciusdem
1059 1948 1158 1999 custos
1179 1941 1278 2001 biblio

136 2051 251 2108 thecae.
290 2043 403 2126 Itaque
425 2044 520 2107 facile
543 2043 728 2106 adducimur
734 2093 743 2125 ,
772 2047 807 2105 ut
829 2047 884 2106 aut
906 2043 1071 2133 librarium
1094 2048 1149 2107 aut
1171 2048 1278 2130 negle-

135 2158 251 2238 genter
279 2156 503 2235 excerpentem
535 2152 780 2235 grammaticum
810 2151 972 2234 culpemus
1004 2156 1135 2235 propter
1162 2155 1279 2218 omissa

134 2263 214 2326 haec
244 2262 295 2324 vel
322 2261 454 2324 similia:
488 2263 576 2340 παρὰ
608 2265 666 2325 τοῦ
697 2259 934 2346 [διαδεξαμένου
967 2262 1025 2325 τὸν
1059 2263 1277 2349 Φιλάδελφον]

136 2373 305 2452 βααλέωε,
339 2370 387 2433 vel
425 2370 600 2452 simplicius
633 2369 730 2432 etiarn
766 2371 853 2449 παρὰ
885 2374 944 2434 τοῦ
983 2368 1076 2457 [ἑξῆς]
1112 2375 1276 2451 βακιλέωκε

136 2480 264 2543 tametsi
288 2501 368 2562 quae
391 2483 579 2562 sequuntur,
604 2479 776 2557 ἐγχειρίκα(
790 2516 832 2526 -
849 2480 1078 2557 ἑρμηνευθῆναι
1093 2482 1277 2560 πεποίηκεν,

135 2611 259 2652 rursum
283 2587 323 2651 ud
338 2587 583 2670 Philadelphum
605 2591 750 2669 spectare
773 2591 919 2669 apertum
941 2592 999 2651 cst.
1031 2587 1091 2651 Vel
1107 2590 1153 2653 sic
1168 2594 1277 2655 tamen

135 2702 237 2761 restat
263 2701 315 2779 ut,
346 2718 400 2760 cur
428 2696 574 2779 tandem,
609 2718 670 2779 quo
700 2696 833 2759 consilio
867 2699 899 2760 ct
932 2698 1164 2761 sententiarum
1193 2721 1277 2763 nexu

133 2807 211 2870 illud
235 2829 349 2870 munus
372 2805 640 2869 Eratostheneum
663 2828 734 2869 cum
755 2806 884 2869 omnino
906 2810 974 2869 tum
996 2806 1056 2870 hoc
1078 2807 1277 2889 potissimum

133 2917 204 2978 loco
220 2918 497 2997 commemoretur,
522 2918 702 2998 quaeratur.
734 2915 792 2980 Oui
813 2915 939 2998 quidem
955 2915 1133 2998 quaestioni
1148 2938 1277 2999 respon-

134 3025 210 3088 dere
233 3024 341 3107 paullo
363 3028 436 3107 post
459 3024 654 3088 conabimur.
685 3024 780 3087 Nunc
803 3024 888 3087 enim
910 3023 1105 3087 redeundum
1127 3023 1166 3086 ad
1183 3024 1277 3089 Calli-

133 3133 299 3216 machum,
336 3139 466 3197 auiicmn
499 3140 615 3212 rapiam
642 3138 911 3197 bibliothecarium.
961 3132 1000 3195 In
1032 3132 1144 3214 quibus
1172 3134 1277 3197 verbis

132 3243 239 3325 ipsum
275 3249 393 3306 arilicus
429 3263 545 3305 nomen
582 3242 616 3304 in
648 3241 856 3324 suspitionem
889 3241 1015 3304 vocavit
1037 3236 1277 3324 'Bernhardyus

133 3374 165 3434 p.
191 3352 269 3433 828,
300 3355 428 3433 praeter
455 3350 613 3413 rationem
635 3354 670 3412 ut
692 3350 784 3413 nobis
807 3350 940 3413 ridetur.
986 3349 1057 3414 Nisi
1081 3349 1166 3413 enim
1194 3351 1276 3413 falli-

132 3482 219 3541 mur,
248 3462 314 3523 tale
337 3459 486 3543 quiddam
508 3458 608 3521 Italus
636 3458 808 3522 scholiasta
830 3458 942 3521 vertit:
971 3460 990 3523 δ
1018 3463 1084 3525 τῶν
1112 3461 1191 3550 κατὰ
1218 3462 1276 3537 τὴν

132 3570 292 3648 βαείλειον
326 3569 428 3646 αὐλὴν
461 3571 669 3647 βιβλιοθηκῶν
698 3569 915 3647 προεετηιιῶαι
950 3590 1043 3651 quem
1076 3570 1157 3646 αὐλή
1190 3569 1276 3632 vocis

131 3699 224 3739 usum
257 3677 308 3739 vel
341 3676 519 3760 Polybiane
552 3676 817 3759 Herodianeaque
853 3676 955 3740 lexico
987 3677 1066 3740 satis
1102 3680 1273 3741 testantur.

131 3785 253 3859 Quibus
281 3784 366 3848 idem
393 3806 521 3867 prorsus
544 3785 759 3868 significatur,
790 3786 873 3868 quod
895 3786 1000 3849 estin
1022 3785 1089 3848 vita
1112 3786 1274 3869 Apollonii

131 3893 266 3957 Rhodii:
297 3894 342 3958 ὡ(
358 3897 500 3958 καὶτῶν
516 3897 859 3973 βιβλιοθηκῶντοθ
883 3895 1081 3959 Μουκείου
1104 3892 1170 3981 [τῆς
1193 3917 1269 3974 προ-

131 4001 267 4090 crerint]
292 4003 463 4081 ἀξιωθῆναι
485 4003 593 4067 αὐτόν.
631 4001 776 4064 Eandem
798 4003 883 4066 enim
899 4023 966 4065 esse
989 4007 1116 4065 constat
1137 4004 1194 4081 τὴν
1216 4008 1274 4067 τοῦ

130 4112 295 4177 Μουεείου
323 4114 355 4173 et
382 4114 441 4190 τὴν
471 4112 564 4177 evae
589 4118 656 4177 τῶν
686 4111 874 4190 ἀνακτόρων
902 4112 952 4174 vel
975 4113 1053 4177 κατὰ
1075 4114 1115 4177 τὰ
1138 4112 1274 4191 βαείλεια
1334 4112 1337 4115 ’

128 4222 342 4299 βιβλιοθήκην.
371 4218 461 4293 Quod
476 4219 503 4282 si
518 4241 582 4283 non
605 4221 714 4303 inepte
730 4221 913 4303 statuimus,
937 4222 1040 4304 magis
1061 4221 1157 4283 etiam
1179 4242 1274 4303 quam

128 4328 270 4392 antehac
294 4350 332 4391 ea
348 4326 593 4410 confirmantur,
617 4349 698 4412 quae
720 4328 758 4391 de
773 4329 1028 4392 administranda
1044 4329 1145 4392 altera
1162 4328 1273 4391 biblio-
