2924 4996
232 330 296 394 466
701 346 749 394 uu
771 346 919 397 ulnsms

234 516 465 599 transcribere,
495 516 569 600 quia
607 514 741 580 Mnasea
776 516 975 599 potissimum
1009 538 1052 580 an
1085 516 1217 601 Marsya
1250 521 1378 583 auctore

234 627 314 691 haec
342 629 514 691 narrentur
542 626 727 710 ambiguum
749 629 808 690 est.
861 627 1060 711 Quamquam
1082 626 1256 711 habemus,
1285 651 1378 692 cura

232 738 367 801 Mnasea
389 737 494 821 potius
516 737 694 820 profectam
715 737 831 800 miram
852 757 890 800 ac
912 737 1108 822 singularem
1131 737 1223 801 illam
1250 739 1377 803 fabulae

231 848 369 911 formam
397 847 577 930 credamus,
606 869 687 931 quae
716 847 856 911 cernitur
882 847 918 910 in
940 846 1069 912 Siciliae
1096 849 1279 932 mentione,
1310 871 1377 914 cum

234 958 438 1022 consentiens
466 979 527 1021 vox
555 957 757 1041 antiquitatis
787 958 829 1021 sit
855 957 895 1020 de
917 957 1008 1040 Epiri
1031 961 1065 1021 et
1086 979 1162 1042 rege
1192 958 1318 1023 Echeto
1347 965 1377 1023 et

232 1068 310 1132 urbe
334 1069 495 1147 Βούχετος
517 1068 567 1131 vel
591 1070 764 1148 Βουχέτιον
792 1066 889 1151 (quod
911 1066 1062 1131 Straboni
1085 1067 1159 1150 Vll,
1177 1069 1246 1150 7,5
1269 1091 1302 1153 p.
1318 1070 1377 1134 324

233 1177 305 1242 (las.
328 1176 523 1241 reddendum
548 1174 592 1264 [et
614 1199 701 1241 nunc
722 1175 891 1264 redditum]
916 1199 973 1260 pro
996 1178 1203 1263 Βουχαίτιον)
1226 1178 1279 1242 vel
1301 1181 1376 1244 Βού·

232 1309 319 1368 χετα.
332 1287 363 1372 *λ
407 1287 456 1351 De
478 1287 571 1350 rebus
594 1289 701 1350 autem
723 1286 897 1370 Epiroticis
925 1288 985 1351 etsi
1015 1288 1050 1351 in
1072 1288 1137 1351 suis
1159 1287 1375 1352 Macedonicis

232 1397 263 1461 h.
281 1418 308 1461 e.
333 1397 367 1460 in
387 1396 576 1480 Philippicis
592 1397 832 1481 Theopompum
854 1397 980 1479 scimus,
1004 1398 1086 1460 libro
1109 1397 1240 1481 quidem
1261 1398 1374 1481 XLlll,

232 1506 340 1570 dedita
362 1528 459 1590 opera
482 1507 674 1590 exposuisse,
697 1508 737 1571 de
759 1529 821 1590 quo
842 1507 914 1571 vide
936 1506 1152 1571 Wichersium
1174 1530 1208 1592 p.
1225 1508 1292 1572 240
1309 1530 1374 1592 sqq.

232 1616 466 1700 disputantem:
493 1620 603 1681 tamen
625 1618 657 1680 id
680 1640 746 1682 nou
767 1609 862 1699 fecit,
890 1617 972 1700 quod
1000 1617 1075 1681 illae
1100 1619 1285 1682 necessario
1309 1640 1376 1682 cum

232 1726 444 1791 Macedonum
465 1726 599 1790 historia
621 1728 748 1791 vinculo
771 1727 1026 1810 continerentur,
1051 1727 1106 1791 sed
1128 1729 1205 1811 quia
1230 1729 1375 1813 ingenita

231 1837 338 1901 indole
350 1837 477 1901 'nimius
498 1837 560 1900 fuit
582 1838 801 1921 exspatiandc,
825 1838 858 1901 id
879 1838 961 1922 quod
981 1859 1047 1901 non
1067 1838 1145 1902 item
1167 1840 1376 1922 comperimus

232 1947 268 2010 in
289 1947 453 2031 Marsyam
476 1947 599 2012 eadere.

318 2056 434 2142 (XXV.
458 2057 581 2142 XXVI)
610 2057 749 2122 Restant
771 2058 833 2123 duo
854 2058 1039 2143 fragmenta
1061 2058 1102 2122 ab
1118 2058 1375 2142 Harpocratione

232 2171 374 2252 servata,
404 2168 443 2231 de
471 2168 584 2252 quibus
614 2168 705 2232 valde
738 2168 925 2252 impeditum
953 2172 1001 2232 est
1028 2168 1204 2233 iudiciumr
1241 2169 1376 2233 alterum

232 2302 261 2342 v.
286 2281 496 2360 Ἀριςτίων·
518 2280 690 2360 Ὑπερίδης
713 2281 791 2345 κατὰ
808 2280 1044 2359 Δημοςθένους.
1068 2279 1165 2344 οὗτος
1182 2281 1300 2359 (τίμιος
1321 2282 1375 2358 μέν

231 2390 314 2456 ἐςτιν
336 2390 567 2469 ἢΠλαταιεύς,
591 2389 637 2454 ὡς
652 2389 793 2455 Δίυλλός
816 2410 927 2471 φηςιν,
951 2389 986 2454 ἐκ
1006 2389 1230 2468 μειρακυλλίου
1252 2393 1283 2454 δ’
1298 2391 1376 2454 ἑταῖ-

233 2520 289 2579 ρος
301 2501 545 2578 Δημοςθένους·
567 2500 712 2580 ἐπέμφθη
730 2502 757 2563 δ’
769 2499 935 2564 ὑπἀὐτοῦ
951 2499 1263 2580 πρόςῊφαιςτίωνα
1287 2501 1377 2565 ἕνεκα

232 2610 489 2695 διαλλαγῶν**),
521 2610 566 2674 ὥς
593 2631 667 2691 φηςι
696 2609 879 2689 Μαρςύας
911 2610 951 2674 ἐν
978 2610 1138 2693 πέμπτῳ
1171 2616 1250 2675 τῶν
1288 2610 1373 2688 περὶ

233 2721 509 2800 Ἀλέξανδρονε
531 2719 666 2783 alterum
683 2742 713 2782 v.
730 2718 950 2799 Μαργίτης·
1047 2720 1097 2783 καὶ
1120 2720 1310 2799 Μαρςύας
1336 2722 1374 2787 ἐν

231 2831 393 2916 πέμπτῳ
422 2834 498 2896 τῶν
527 2832 614 2910 περὶ
642 2829 900 2908 Ἀλεξάνδρου
932 2829 1049 2909 ἱςτορεῑ
1075 2830 1181 2904 λέγων
1212 2831 1376 2910 Μαργίτην

231 2940 296 3005 ὑπὸ
312 2941 540 3021 Δημοςθένους
561 2943 718 3005 καλεῑςθαι
739 2941 796 3005 τὸν
814 2940 1035 3018 Ἀλέξανδρον.
1073 2937 1277 3021 Scripturam
1299 2940 1375 3003 bina

230 3050 415 3116 testimonia
442 3050 579 3115 invicem
606 3052 752 3131 tuentur,
783 3070 843 3112 nec
866 3048 904 3112 de
927 3070 964 3111 ea
986 3048 1105 3111 moveri
1134 3047 1299 3113 dubitatio
1321 3071 1376 3133 po·

230 3164 305 3244 test,
329 3165 553 3246 praeterquam
575 3159 659 3244 quod
681 3160 753 3238 περὶ
768 3160 980 3236 Ἀλέξανδρον
997 3157 1115 3221 usitata
1130 3156 1192 3221 hoc
1208 3159 1244 3222 in
1260 3181 1379 3243 genere

232 3275 281 3336 est
306 3272 456 3356 loquendi
483 3270 602 3334 forma:
637 3268 738 3352 quode
767 3267 838 3331 vide
866 3266 1160 3351 Schweighaeuseri
1190 3268 1320 3333 indices
1347 3270 1380 3332 in

232 3381 436 3445 Athenaeum
457 3403 489 3464 p.
509 3381 578 3444 100.
615 3378 696 3444 Rern
719 3381 825 3442 autam
847 3399 905 3461 per
920 3381 1028 3461 partes
1049 3377 1221 3460 utrobique
1244 3379 1381 3443 eandem

299 3669 324 3737 ⁴⁵)
344 3667 438 3738 [Salas
458 3669 584 3734 Βούχετα
602 3669 632 3720 et
650 3666 799 3732 Βουχέτιον
816 3665 919 3719 formas
938 3665 1012 3718 reete
1031 3665 1062 3716 ut
1078 3663 1190 3716 videtur
1211 3668 1282 3734 post
1299 3666 1384 3722 Eber-

232 3763 292 3814 tum
312 3761 427 3816 Dissert.
453 3759 534 3844 Sicul3
555 3761 567 3812 Ι
584 3778 611 3829 p.
628 3766 674 3813 109
693 3759 724 3813 G.
739 3757 896 3811 Dindorfius
914 3756 1017 3826 probat
1034 3756 1170 3810 Thesauri
1189 3757 1217 3810 ll
1235 3776 1263 3827 p.
1277 3766 1330 3816 382
1343 3778 1383 3828 sq.

233 3853 353 3908 Siculam
376 3856 470 3908 autem
494 3855 633 3920 Βούχετος
656 3852 754 3905 urbem
777 3850 812 3905 de
829 3849 921 3904 medio
938 3850 1037 3903 tollere
1062 3848 1194 3902 Stiehlius
1219 3869 1247 3919 p.
1267 3858 1323 3906 466
1347 3854 1385 3907 sic

232 3936 364 4001 correctis
383 3948 549 4002 scholiastae
571 3945 664 4001 verbis
686 3961 836 4013 aggressus
860 3945 915 3997 est:
943 3943 1055 4008 Ἔχετος
1073 3944 1110 4008 ἡν
1129 3944 1179 4008 μέν
1199 3945 1263 4000 υίὸς
1285 3948 1387 4013 Bourt-

232 4057 297 4095 rou·
319 4042 376 4095 ἀπ’
394 4041 531 4095 ἐκείνου
550 4043 594 4094 καί
613 4040 643 4092 έν
662 4037 771 4106 (ικελίᾳ
789 4038 870 4091 πόλις
890 4036 1029 4102 Ἐχέτλα
1047 4037 1181 4089 καλεῖται.
1195 4066 1229 4076 -
1249 4036 1387 4094 Ceterum

232 4135 310 4201 παρὰ
328 4134 441 4203 Μναςέᾳ
458 4136 476 4200 ἢ
496 4133 614 4201 Μαρςύᾳ
632 4130 749 4186 coniecit
766 4129 914 4183 Muellerus
932 4146 958 4197 p.
973 4129 1026 4196 46.]

283 4270 323 4338 **)
349 4268 488 4338 [Resectis
511 4267 678 4323 testimoniis
701 4266 799 4321 eadem
822 4264 909 4319 habet
932 4265 1089 4330 (υναγωγὴ
1109 4265 1216 4318 λέξεων
1236 4269 1388 4335 χρηςίμων

231 4380 258 4433 p.
272 4369 331 4431 444,
345 4369 375 4416 19
387 4363 474 4417 Belrk.
496 4369 550 4427 143,
567 4368 596 4416 io
608 4361 731 4426 Βασίμα,
749 4359 802 4413 nisi
820 4359 895 4426 quod
912 4357 952 4412 ibi
969 4359 1116 4427 peccatum
1128 4358 1172 4412 est
1191 4359 1387 4432 Ἀριςταίων.]
