2896 4996
400 329 660 378 onononocrvu
683 329 966 378 uunononnnsn.
1188 312 1249 376 581

109 485 212 570 praef.
248 485 309 548 vol.
338 485 354 548 I
387 507 419 567 p.
443 482 490 547 IX
519 506 566 567 sq.
595 481 679 546 idem
712 482 845 546 adeatur
878 481 1045 547 Heerenus
1073 505 1105 566 p.
1138 482 1250 566 192*);

109 597 148 660 de
177 596 325 659 universo
352 597 459 658 autem
487 614 604 678 genere
638 593 907 675 paroemiaco,
940 593 1023 676 quod
1055 592 1249 656 multimodis

111 710 284 791 cognatum
307 708 356 768 est
378 727 449 769 cum
471 726 508 768 eo
531 725 624 788 quem
647 725 705 767 uos
727 704 936 767 tractavimus
965 703 1051 785 loco,
1085 725 1249 788 speramus

108 816 178 880 fore
210 820 247 880 ut
284 816 462 880 luculenter
495 813 729 879 Schneidewini
762 813 868 878 ‘studio
901 814 1098 877 edoceamur.
1156 812 1250 900 [Edo-

110 926 236 1010 cuitque
258 927 312 990 ille
335 927 368 989 in
391 925 592 1009 praefatione
614 924 759 1008 ‘Corpori
773 924 1137 1009 Paroemiographorum
1158 946 1250 1009 grae·

109 1039 229 1100 cor'um’
254 1058 272 1099 a
295 1057 363 1100 sese
385 1036 616 1120 Leutschioque
638 1057 694 1099 suo
717 1035 802 1099 edito
825 1058 854 1099 a.
882 1036 963 1099 1839
985 1035 1184 1124 praemissa]

193 1145 312 1221 Quodsi
334 1169 373 1210 ex
395 1150 498 1230 tanto,
522 1149 677 1230 quantam
699 1168 716 1208 c
738 1145 982 1210 Vindobonensi
1005 1145 1113 1210 codice
1135 1168 1248 1231 propo-

108 1258 238 1339 suimus,
263 1261 504 1340 praeceptorum
527 1256 732 1320 multitudine
754 1279 852 1321 unum
875 1257 980 1339 vobis,
1005 1257 1246 1341 commilitones

109 1366 396 1432 commendandum
417 1369 459 1431 sit
481 1371 608 1451 praeter
631 1370 753 1450 cetera,
778 1389 844 1431 non
867 1367 1046 1431 invenimus
1068 1368 1151 1451 quod
1174 1368 1248 1433 huic

108 1479 178 1542 loco
207 1479 312 1562 aptius
340 1478 396 1541 illo
424 1478 466 1541 sit
492 1478 656 1562 praeclare
685 1478 907 1561 pronuntiato:
946 1478 977 1542 οἱ
1005 1481 1249 1558 πεπαιδευμένοι

107 1590 204 1656 τόεον
226 1591 411 1669 διαφέρουει
433 1593 499 1654 τῶν
522 1588 736 1667 ἀπαιδεύτων,
765 1588 843 1684 deor
867 1589 940 1653 θεόε
962 1593 1029 1654 τῶν
1052 1588 1247 1670 ἀνθρώπων,

106 1699 157 1763 vel
180 1721 261 1782 quae
284 1699 468 1762 Aristotelis
496 1700 593 1762 verba
621 1702 696 1762 sunt
725 1699 802 1764 dccv
825 1699 855 1763 οἱ
877 1703 996 1766 Ζῶντε(
1024 1705 1090 1765 τῶν
1112 1702 1248 1767 τεθνεώ-

106 1832 184 1875 των.
217 1809 349 1884 Quodsi
372 1809 479 1872 animo
502 1809 690 1892 impressum
706 1813 739 1873 et
753 1813 917 1893 tamquam
942 1809 1137 1892 insculptum
1158 1814 1247 1874 tene-

106 1920 194 2001 bitis,
218 1940 284 1982 non
306 1941 451 1982 veremur
473 1942 513 1982 ne
535 1941 573 1983 ex
589 1920 644 2001 eia,
668 1941 801 2003 quarum
824 1921 888 1982 iam
910 1920 1000 1983 vobis
1023 1919 1160 1983 indicem
1182 1923 1247 1983 tra-

104 2030 226 2111 dimus,
262 2029 378 2093 scholis
406 2051 472 2093 non
505 2029 709 2113 pulcherrimi
742 2030 867 2094 fructus
888 2029 927 2093 ad
957 2051 1012 2094 vos
1041 2029 1107 2093 sint
1133 2031 1246 2095 redun-

103 2140 222 2204 daturi.

169 2362 196 2426 *)
216 2360 268 2428 [Dc
286 2361 328 2413 his
346 2361 402 2415 sive
415 2361 597 2416 Democriteis
615 2361 672 2415 sivo
685 2362 876 2416 Democratcis
894 2361 957 2415 vide
976 2379 1048 2415 nunc
1064 2362 1244 2415 Mullachium

97 2454 215 2523 Fragm
235 2454 392 2524 philosoph.
413 2472 454 2523 gr.
480 2455 576 2522 (Paris.
596 2472 620 2509 a.
642 2458 719 2521 1860)
738 2473 765 2523 p.
784 2461 833 2510 399
852 2457 924 2523 ειμι]
