3008 5002
530 334 567 379 m
589 334 873 381 narsrornunnn.
1108 350 1110 353 ·
1211 320 1275 386 225

106 499 110 508 ’
148 486 334 564 Καλλιμάχου
363 487 412 549 καὶ
434 486 680 564 Ἐρατοεθένουε
708 489 785 566 μετὰ
814 487 935 567 βραχύν
963 509 1033 552 τινα
1061 489 1182 568 χρόνον
1205 491 1220 554 ἐ
1243 492 1273 554 έ-

145 617 207 660 neco
228 600 296 674 τῆ(
319 600 549 674 (υναγωγῆε
576 600 654 660 τῶν
682 597 826 676 βίβλων
850 599 910 660 καὶ
933 600 1190 678 scopentem.
1237 599 1272 663 ld

145 708 239 769 autem
268 705 295 768 si
324 705 450 788 quaeris
483 705 576 788 quale
608 705 721 788 fuerit,
756 707 838 790 quod
872 707 956 769 inter
989 707 1091 790 ipsam
1121 708 1273 772 librorum

146 816 356 879 collectionem
385 819 418 879 et
444 815 586 879 indicum
615 816 877 899 compositionem
907 817 1046 880 medium
1076 817 1273 882 intercedere

144 924 293 1009 debuerit,
318 926 370 988 vix
393 925 562 1010 quicquam
584 926 730 990 invenias
753 926 836 1010 quod
858 928 962 1012 magis
985 928 1151 1010 probabile
1173 928 1272 1011 dicas,

144 1058 228 1119 quarn
250 1036 379 1120 singula
400 1036 579 1119 volumina,
609 1037 655 1099 ita
676 1040 713 1099 ut
735 1041 888 1122 congesta
911 1041 1019 1120 erant,
1051 1038 1093 1101 ab
1115 1038 1179 1101 illis
1202 1060 1273 1102 exa-

144 1146 256 1210 minata
272 1150 305 1209 et
320 1147 486 1231 recognita
501 1147 615 1229 fuisse,
631 1150 667 1210 ut
687 1147 762 1231 quid
777 1147 812 1211 in
826 1169 890 1211 uno
906 1169 1028 1232 quoque
1045 1148 1272 1230 contineretur,

144 1255 370 1341 intelligerent,
394 1280 471 1321 num
494 1257 534 1320 ad
557 1261 735 1340 auctorem,
766 1258 853 1321 cuius
876 1280 993 1322 nomen
1014 1258 1155 1342 ferebat,
1178 1260 1274 1342 perti-
1292 1269 1342 1317 ‘245

144 1372 225 1430 neret
232 1418 240 1450 ,
270 1371 377 1431 utrum
399 1389 418 1431 a
440 1368 524 1431 bono
553 1367 683 1431 librario
711 1368 883 1452 diligenter
909 1372 942 1432 et
968 1369 1068 1453 polite
1096 1391 1139 1432 an
1161 1366 1274 1430 vitiose

145 1478 250 1560 etita,
275 1481 311 1541 nt
333 1498 450 1541 norum
472 1477 652 1561 exemplum
679 1478 787 1562 parari
809 1482 985 1561 oporteret,
1014 1478 1168 1561 scriptrnn
1192 1481 1275 1541 esset

144 1591 340 1669 quaererent,
372 1591 405 1651 et
426 1588 599 1652 secundum
622 1590 701 1652 haec
723 1589 830 1653 omnia
853 1589 997 1652 ordinem
1019 1588 1179 1672 quendam
1201 1609 1274 1651 con-

144 1698 314 1762 stituerent.
360 1697 450 1763 Haec
473 1700 558 1763 enim
586 1721 652 1762 non
674 1700 779 1763 minus
803 1721 874 1763 cum
901 1721 1007 1763 rerum
1035 1702 1151 1763 natura
1179 1720 1286 1782 quam·

145 1828 206 1871 cum
226 1808 334 1872 indole
357 1808 483 1872 illorum
497 1810 653 1893 virorum,
678 1832 810 1894 quorum
825 1832 923 1873 unum
943 1831 1097 1893 quemque
1113 1813 1144 1872 et
1166 1809 1201 1872 in
1223 1809 1273 1889 iis,

144 1918 246 2000 quibus
262 1919 444 2002 praefectus
460 1924 544 2000 erat,
562 1920 678 1984 litteris
694 1943 759 1984 non
774 1920 976 1985 mediocriter
989 1924 1148 1983 versatum
1163 1919 1272 1999 fuisse,

145 2030 170 2089 ct
197 2029 427 2113 grammaticae
455 2030 518 2093 arti
546 2052 676 2114 operam
704 2030 826 2095 dedisse
854 2031 1000 2094 novimus
1024 2030 1080 2112 (cf.
1104 2029 1273 2093 Ritschelii

146 2135 250 2202 Coroll.
267 2163 299 2223 p.
313 2139 355 2204 24
370 2163 454 2225 sqq.;
470 2140 624 2205 Meinelrii
637 2141 721 2205 Hist.
740 2141 811 2205 crit.
828 2163 859 2224 p.
879 2142 931 2223 103
945 2140 1032 2205 Suid.
1045 2164 1075 2204 ν.
1093 2141 1274 2221 Λυκόφρων

145 2251 171 2310 ct
190 2251 424 2335 Ἀλέξανδρος),
449 2252 653 2315 conveniunt.
700 2251 738 2315 ln
760 2252 816 2315 illo
838 2255 944 2314 autem
967 2250 1097 2336 negotio
1116 2272 1187 2314 cum
1209 2271 1275 2313 non

145 2359 235 2423 solum
257 2360 440 2443 titulorum,
464 2362 518 2425 sed
541 2362 638 2426 ctiam
661 2363 801 2445 ipsorum
817 2362 984 2425 verborum
1005 2361 1274 2426 emendandorum

145 2471 258 2535 occasio
281 2471 357 2535 data
380 2475 479 2555 esset,
508 2495 570 2556 qua
599 2494 656 2556 pro
679 2495 735 2536 suo
757 2472 889 2556 quisque
911 2473 1044 2537 arbitrio
1066 2473 1113 2535 uti
1135 2474 1272 2557 poterat,

145 2582 276 2664 sequitur
297 2581 330 2644 id
352 2604 474 2666 quoque
497 2582 658 2666 quandam
680 2583 847 2663 διόρθωειν
870 2583 984 2665 fuisse,
1008 2604 1089 2667 quae
1112 2582 1272 2662 aTzetza,

146 2691 411 2755 celeberrimorum
434 2691 587 2755 Zenodoti
610 2692 786 2756 studiorum
807 2715 960 2775 memore,
991 2693 1036 2756 ita
1059 2697 1191 2776 accepta
1214 2696 1272 2774 cst,

145 2804 185 2882 ut,
208 2801 293 2886 quod
316 2803 439 2866 abhoc
462 2804 495 2866 in
518 2802 651 2867 Homeri
673 2804 868 2888 aliorumque
891 2808 1056 2888 poetarum
1080 2804 1274 2868 carminibus

144 2909 202 2974 fieri
229 2913 391 2994 meminit,
420 2913 460 2976 ad
490 2913 550 2977 hoc
572 2914 738 2998 negotium
760 2915 801 2978 ab
829 2914 884 2978 illo
913 2935 1040 2998 prorsus
1063 2913 1221 2977 diversum
1244 2917 1275 2975 et

144 3022 314 3086 seiunctum
336 3023 526 3087 transferret
553 3024 698 3108 idemque
721 3024 857 3109 duobus,
887 3024 1000 3109 quibus
1029 3023 1063 3086 in
1085 3044 1122 3086 eo
1144 3043 1274 3085 munere

145 3132 228 3196 sociis
251 3134 416 3216 utebatur,
445 3137 564 3198 temere
585 3135 751 3198 tribueret.
796 3135 904 3218 Atque
930 3134 976 3198 ita
1001 3134 1123 3197 factum
1146 3153 1214 3196 esse
1236 3153 1274 3195 ex

144 3237 185 3304 his
199 3243 304 3328 ¹verbis
320 3248 455 3327 apparet
466 3267 498 3329 p.
512 3244 622 3326 110‚9:
638 3244 728 3310 οὗτοι
743 3247 800 3325 μὲν
815 3246 872 3310 τὰ(
888 3245 1033 3323 exacuor
1048 3244 1274 3322 διωρθώεαντο

146 3351 279 3431 βίβλους,
304 3355 348 3418 ὼε
370 3356 426 3419 τὰ(
448 3359 514 3420 τῶν
537 3359 681 3433 ποιητῶν
708 3355 928 3434 ἐπεεκέψαντο
951 3354 1149 3433 Ἀρίεταρχοί
1168 3375 1202 3419 τε
1225 3354 1275 3417 καὶ

145 3459 362 3546 Ζηνόδοτοι*).
401 3463 550 3528 Ceterum
572 3468 703 3528 nonest
725 3463 921 3545 mirandum,
947 3463 1030 3548 quod
1052 3462 1146 3526 latini
1169 3484 1275 3546 gram-

146 3616 337 3628 N—-m

202 3711 226 3776 *l
245 3708 346 3763 Nescio
364 3727 400 3763 an
418 3709 446 3763 in
464 3711 673 3765 ἐπιεκέπτεεβαι
691 3710 777 3765 verbo
796 3729 858 3764 curn
875 3713 1050 3777 διορθοῡεθοι
1068 3709 1165 3776 verbo,
1186 3709 1227 3764 ita
1244 3711 1275 3762 ut

147 3801 251 3856 condem
274 3806 422 3871 utrumque
444 3804 500 3856 vim
521 3804 638 3870 habeat,
666 3805 812 3858 coniuncto
835 3806 918 3858 tenue
948 3802 1088 3870 quoddam
1112 3803 1274 3870 antiquioris

147 3896 285 3950 memoriae
303 3896 464 3965 vestigium,
482 3914 537 3964 quo
556 3897 695 3951 sententia
711 3899 808 3951 nostra
825 3897 1013 3961 confirmetur,
1031 3897 1154 3950 haereat.
1185 3894 1274 3960 Quan-

148 4000 218 4050 quam
237 3989 311 4043 enim
330 3989 366 4044 ad
378 3990 566 4044 Zenodoteam
579 3990 840 4056 Aristarcheamque
853 3990 966 4043 Homeri
984 3989 1134 4042 editionem
1152 3989 1204 4042 hoc
1216 4005 1275 4041 ver-

147 4075 201 4134 bum
219 4082 328 4136 rettulit
345 4082 459 4149 Tzetza,
476 4083 566 4153 poesis
584 4087 679 4137 tamen
696 4082 845 4148 coniicere,
864 4082 1005 4137 emeliore
1023 4084 1112 4146 fonte,
1132 4081 1178 4134 ubi
1195 4081 1274 4134 iustis

147 4169 233 4228 finibus
251 4176 337 4229 trium
355 4176 600 4244 grammaticorum
616 4195 715 4230 munus
735 4176 971 4244 circumscriptum
989 4175 1084 4240 fuerit,
1106 4175 1135 4227 id
1155 4175 1274 4244 petitum

146 4261 218 4334 inque
231 4287 264 4323 eo
283 4268 318 4322 de
337 4269 390 4322 hoc
402 4286 513 4324 munere
532 4270 653 4339 positum
671 4269 764 4323 fuisse.
800 4269 872 4323 Nam
889 4268 957 4322 illud
974 4269 1077 4338 ipsum,
1096 4268 1171 4335 quod
1183 4286 1274 4322 rerum

147 4362 235 4415 natura
246 4361 408 4415 examinata
424 4362 569 4431 probabile
582 4381 642 4418 esse
660 4363 827 4426 invenimus,
845 4362 1053 4418 ἐπιεκέπτεεθαι
1071 4363 1157 4416 verbo
1170 4362 1274 4431 optimo

188 4465 231 4500 ra.
251 4465 417 4500 urrscnrran
436 4466 581 4502 ornscnnn
601 4470 619 4506 1.
1034 4449 1072 4514 15
