2896 4996
243 311 305 374 666
619 327 666 374 na
689 328 760 375 οτιο
784 328 827 373 ur
851 327 995 376 emona.

244 481 475 565 Sophocles:
513 503 585 545 curn
619 482 803 566 fragmento
835 504 864 544 v.
902 482 1034 561 dlorpdc
1068 486 1089 563 ξ
1117 483 1176 564 24,
1206 484 1227 546 3
1269 519 1311 531 -·
1345 484 1379 548 ἑν

326 592 477 691 Αἴαντιι
513 616 543 656 τ.
574 594 693 673 ὁμοκλή
724 580 934 677 (ἐνετάτην)
963 593 1059 674 624,
1082 593 1104 656 3
1131 631 1176 641 -
1206 595 1380 673 Κάλχοιτε

329 725 400 767 cum
422 702 549 766 senario
571 725 601 766 ν.
626 705 720 789 ῇεμεν
744 706 764 784 ξ
787 703 839 786 22,
863 704 884 767 3
908 702 978 767 coll.
1003 703 1056 776 Et.
1081 702 1126 767 M.
1150 726 1184 787 p.
1206 704 1283 787 439,
1306 704 1381 767 2-

327 814 368 881 ἐν
389 815 613 899 Πολυξένῃτ
638 836 709 877 curn
732 814 858 879 senario
880 837 910 877 v.
934 814 1067 895 άπειροε
1091 818 1111 895 ξ
1134 814 1189 897 24,
1213 816 1246 879 3.
1348 899 1353 905 ¹

243 923 531 1008 Theopompus:
556 946 627 989 cum
649 925 783 988 senariis
805 949 835 989 ν.
859 926 1005 1005 ζήτρειον
1029 925 1063 1009 (ἕ
1086 924 1139 1008 22,
1165 925 1212 1011 2).

243 1033 509 1118 Thucydides:
538 1057 568 1099 ν.
593 1041 637 1121 εῷ
662 1036 696 1121 (5
718 1035 769 1119 22,
794 1037 839 1121 3).

242 1143 461 1228 Tyrannio:
483 1169 513 1209 v.
538 1146 631 1226 ὄληαι
654 1149 674 1226 ξ
696 1146 748 1227 22,
772 1147 802 1210 3.

242 1253 481 1339 Xenophon:
524 1256 655 1340 Didymi
683 1256 745 1320 fide
775 1256 890 1320 cit-atus
918 1279 949 1320 v.
972 1258 1154 1336 κάνναθμον
1179 1259 1200 1337 ξ
1222 1257 1282 1340 25,
1305 1257 1380 1321 2-

326 1389 356 1429 v.
381 1366 506 1443 ἀγωνία
528 1367 563 1451 (ξ
585 1367 637 1449 25,
661 1367 696 1450 2)
724 1366 839 1430 collato
862 1365 986 1430 Zonara
1008 1389 1041 1451 p.
1063 1367 1115 1432 25.

241 1477 471 1556 Ὑπόμνημα
509 1479 678 1558 Ἑκάβηε;
721 1500 750 1541 v.
785 1479 965 1558 Δωριάῑειν
1001 1476 1100 1560 323,
1135 1477 1168 1541 2.
1220 1479 1380 1543 Infelicem

326 1588 456 1669 Ἑκάλη(
489 1589 706 1653 coniecturam
741 1588 878 1671 explosit
905 1587 1167 1652 Hemstcrhusius
1196 1589 1233 1653 in
1262 1590 1377 1655 Gallim.

325 1698 442 1782 fragm.
471 1721 502 1782 p.
526 1699 590 1765 438
612 1722 659 1782 sq.

240 1810 466 1888 Ὑπόμνημα
492 1810 649 1890 πρώτη(
685 1811 824 1889 λέεχηε
853 1809 1125 1891 Ἡρακλείδουε
1163 1832 1192 1873 v.
1225 1812 1376 1891 Κάνωβος.

326 1918 379 1984 Sic
402 1920 487 1984 enim
512 1920 721 1984 emodulanda
745 1919 885 1984 Gudiani
908 1920 1004 1984 verba
1025 1943 1058 2004 p.
1076 1919 1152 2002 297,
1176 1921 1237 1985 50:
1260 1922 1376 2002 ἱετορεῑ-

325 2053 375 2096 ται
391 2032 409 2096 ὁ
427 2032 580 2112 Κάνωβοε
600 2032 695 2115 hirsus
711 2032 884 2116 ἀνῃμῆεθαι
908 2031 973 2095 ὑπὸ
996 2031 1169 2096 Μενελάου
1184 2033 1221 2097 ἐν
1238 2033 1375 2114 Αἰγύπτῳ

324 2143 360 2207 ἐν
384 2142 584 2221 ὑπομνήματι
606 2142 740 2221 άλέεχηε
754 2141 966 2222 Ἡρακλείδοε.
1002 2140 1104 2216 (luam
1126 2142 1375 2207 emendationem

326 2252 440 2336 ignoro
469 2274 546 2316 num
573 2253 657 2315 forte
679 2251 864 2315 Deswertus
887 2251 1065 2334 occuparit:
1104 2252 1195 2316 cuius
1225 2254 1265 2317 de
1286 2252 1374 2316 Hera·

326 2363 407 2426 clide
433 2362 578 2426 libellum
607 2363 642 2425 iu
670 2362 731 2426 hac
754 2362 831 2426 urbe
859 2363 979 2426 frustra
1002 2362 1156 2446 quaesivi.
1203 2362 1373 2428 Heraclidis

325 2475 432 2552 λέεχαι
450 2473 528 2535 satis
552 2494 569 2535 e
592 2472 690 2537 Suida
712 2476 818 2536 notae.
849 2471 983 2558 [Graece
1005 2472 1176 2536 dicendum
1198 2474 1297 2538 sarissa
1317 2479 1373 2551 τῆ(

324 2585 494 2662 πρώτηε,
528 2605 594 2647 non
621 2583 768 2664 πρώτηε,
798 2583 930 2646 minime
957 2604 1007 2646 me
1034 2582 1136 2667 fugit:
1175 2585 1231 2668 qui
1259 2584 1371 2669 quidem

324 2692 405 2756 nihil
433 2694 586 2757 voluerim
619 2694 697 2776 nisi,
733 2693 809 2776 quid
838 2693 871 2756 in
900 2696 1048 2776 corrupta
1076 2694 1197 2758 codicis
1227 2694 1370 2777 scriptura

325 2803 459 2883 ἀλέεχηε
481 2804 606 2886 lateret,
631 2804 765 2887 aperire.
811 2804 851 2868 In
879 2827 941 2888 qua
963 2825 1029 2867 non
1051 2805 1158 2888 magia
1182 2805 1270 2869 inest
1289 2825 1371 2888 quam

324 2913 358 2977 in
386 2914 538 2998 exemplis
560 2894 596 2998 p.
622 2916 678 2996 71,
702 2915 732 2978 3.
763 2915 782 2978 9
810 2914 923 2998 positis
951 2920 1006 2992 τῆε
1035 2913 1202 2979 articulus,
1250 2917 1293 2998 (E
1311 2921 1370 2978 Cor·

323 3031 460 3103 ripendr's
469 3047 504 3104 p.
523 3027 588 3107 65.)
612 3063 654 3075 -
676 3024 891 3108 Etymologici
914 3023 1172 3087 emendationem
1195 3029 1371 3108 occupatam

323 3156 391 3197 esse
413 3132 465 3197 ab‘
482 3134 508 3198 I.
534 3135 572 3199 G.
597 3134 791 3199 Schneidero
821 3134 861 3197 ad
883 3134 1070 3198 Marcellum
1094 3133 1242 3199 Sidetam
1267 3158 1297 3219 p.
1321 3133 1369 3196 117

323 3244 430 3308 docuit
451 3267 501 3308 me
524 3245 703 3309 Meinehius
719 3245 900 3309 Analecton
916 3242 1090 3308 Alexandr.
1114 3267 1148 3328 p.
1173 3245 1250 3311 380.
1294 3242 1371 3309 Nihil

323 3354 422 3418 habet
443 3355 626 3419 Deswertns
649 3378 680 3438 p.
704 3355 769 3442 29.)

237 3466 462 3545 Ὑπόμνημα
490 3466 767 3547 Λυκόφρονοετ
796 3488 825 3528 ν.
851 3467 965 3531 Βάτεια
993 3465 1093 3547 623,
1117 3465 1139 3528 2
1167 3504 1210 3514 —
1247 3490 1278 3531 v.
1300 3465 1371 3531 Εἰλέ-

321 3576 374 3641 νία
395 3575 481 3656 623,
499 3576 529 3638 2.
546 3614 588 3622 -
612 3575 663 3638 Ab
684 3575 734 3638 his
757 3576 950 3658 proficiscor,
974 3579 1010 3638 ut
1032 3574 1072 3637 ad
1095 3574 1199 3639 Orum
1224 3580 1373 3642 auctorem

321 3707 387 3748 non
409 3684 614 3768 improbabili
641 3688 678 3748 ut
699 3689 777 3769 puto
801 3685 984 3749 coniectura
1006 3688 1071 3769 tres
1093 3686 1284 3751 notationes
1305 3686 1372 3749 refe

321 3815 406 3876 ram,
431 3795 464 3857 in
488 3796 600 3879 quibus
623 3798 750 3878 praeter
772 3795 844 3858 illas
867 3795 941 3858 solis
963 3795 1050 3858 facta
1074 3795 1221 3861 eiusdem
1244 3798 1374 3876 ὑπομνὴ·

321 3925 420 3982 ματοε
447 3906 568 3968 mentio
597 3909 660 3988 cst,
695 3906 839 3988 elapsum
867 3909 974 3969 autem
1001 3926 1073 3968 mea
1101 3907 1261 3990 opinione
1290 3909 1376 3987 Ὦρα(

320 4035 454 4078 nomen:
490 4016 643 4094 Ἄμαντεε
666 4037 697 4097 p.
723 4016 773 4098 76,
797 4015 855 4098 58,
878 4017 992 4081 Ἀτλαε
1015 4037 1046 4098 p.
1074 4016 1156 4094 164,
1180 4018 1243 4102 26,
1273 4021 1377 4084 Ἤπιοε

320 4146 352 4207 p.
376 4124 450 4207 434,
474 4125 529 4188 ubi
552 4126 605 4208 qui
627 4126 812 4189 nominatur
835 4128 1013 4192 Δεκτίων
1038 4126 1074 4191 ἐν
1099 4126 1309 4209 ὑπομνήματι
1328 4131 1377 4194 Λυ-

320 4234 503 4314 κόφρονοε,
536 4235 728 4319 reliquorum
756 4258 879 4321 quoque
907 4236 1100 4300 scholiorum
1124 4238 1259 4305 videtur
1281 4245 1386 4305 auctor,

320 4342 485 4408 habendus
508 4366 586 4410 esse.
628 4344 741 4432 [Nihili
763 4368 881 4410 nomen
904 4368 972 4411 esse
995 4348 1146 4416 Δεκτίυιν
1170 4352 1302 4434 pridem
1322 4371 1381 4436 per·
