3014 5010
405 349 453 395 os
477 349 568 395 aian.
592 348 696 395 arran.
719 349 764 395 nr
785 348 1000 397 armassem.
1218 331 1275 393 171
1321 337 1323 340 ’

137 501 265 565 rettulit
279 524 311 584 p.
329 501 401 566 950.
435 500 582 564 Fortasse
605 496 682 564 illud
705 522 828 584 quoque
850 501 1091 582 benefactum,
1115 500 1198 584 quod
1219 522 1278 584 pro

136 612 274 676 ἐπέθετο
298 635 327 675 v.
354 613 392 676 19
415 611 649 675 commendavit
672 611 818 675 ἀπέθετο.

481 1118 722 1201 Epimetrum
745 1117 791 1179 ad
813 1139 844 1198 p.
872 1117 942 1180 168..

227 1268 505 1355 [Recognitionem
521 1270 638 1333 codicis
654 1269 792 1333 Romani
815 1270 1007 1332 exactiorem
1023 1269 1185 1351 expetenti
1208 1291 1279 1332 sero

138 1380 220 1442 satis
246 1380 368 1443 factum
397 1383 456 1444 est.
501 1379 586 1442 Nam
608 1401 644 1443 eo
673 1380 742 1461 ipso
765 1379 905 1460 demum,
937 1378 1100 1462 quohaeo
1128 1377 1279 1441 schedula

138 1489 343 1572 typographo
372 1489 524 1572 traditur,
553 1489 706 1571 temporis
734 1492 896 1552 momento
923 1488 1054 1551 affertur
1076 1487 1178 1551 Roma
1200 1488 1280 1551 mihi

137 1598 363 1675 transmissum
385 1599 658 1662 accuratissimum
680 1599 859 1680 exemplum
881 1597 993 1661 scholii
1015 1597 1172 1680 Plautini,
1196 1599 1279 1681 quod

139 1708 280 1791 Augusti
302 1708 486 1772 Wilmanns
514 1708 702 1793 diligentiae
724 1728 962 1791 propensaeque
989 1707 1024 1770 in
1046 1728 1097 1770 me
1119 1708 1278 1771 voluntati

138 1817 251 1881 debeo.
310 1818 378 1893 Quo
418 1819 564 1905 inspecto
604 1819 749 1901 exemplo
785 1817 895 1880 statim
931 1817 1139 1898 recordabar,
1183 1838 1278 1900 quam

138 1926 250 2010 iniqua
272 1927 401 1991 fortuna
425 1949 510 1992 anno
528 1928 619 2009 1837,
643 1931 678 1990 ut
700 1931 768 1990 tum
789 1930 883 1990 erant
903 1932 1064 2009 tempora,
1088 1948 1162 1990 usus
1177 1948 1278 1990 essem

138 2036 175 2098 in
196 2037 367 2100 tractando
381 2038 430 2100 vel
453 2037 558 2120 potius
579 2059 644 2100 non
667 2035 836 2100 tractando
853 2036 959 2099 codiee
981 2036 1108 2120 collegii
1124 2035 1276 2100 Romani:

137 2166 234 2228 quem
250 2160 296 2209 'ne
318 2146 466 2209 vidissem
494 2146 636 2230 quidem,
668 2146 731 2210 nisi
759 2146 932 2229 singularis
960 2145 1115 2241 quaedam
1143 2146 1277 2208 benevo-

138 2254 241 2317 lentia
256 2255 512 2344 reverendissimi
527 2256 633 2319 Patris
648 2255 776 2338 Iosephi
793 2255 933 2337 Marchi,
957 2255 1044 2319 cuius
1060 2254 1277 2339 gratissimam

136 2364 325 2428 memoriam
346 2366 411 2429 seio
425 2386 549 2429 mecum
565 2365 626 2429 coli
641 2388 659 2428 a
675 2366 798 2447 multis,
823 2364 883 2428 hoc
903 2385 954 2428 me
973 2365 1129 2428 beneficio
1152 2366 1277 2429 beasset

136 2477 268 2555 praeter
294 2475 491 2557 superiorum
520 2476 759 2556 auctoritatem,
793 2479 829 2538 ut
857 2496 914 2558 per
942 2475 1119 2558 crepusculi
1152 2456 1277 2557 tempus
1323 2488 1335 2503 ·

136 2583 236 2666 longe
263 2584 482 2648 brevissimum
510 2584 631 2667 aliquot
663 2584 806 2668 pagellas
839 2579 1022 2667 percurrere
1056 2584 1181 2666 liceret,
1216 2586 1277 2648 hac

135 2696 249 2755 tamen
273 2693 380 2756 addita
404 2694 589 2758 condicione
609 2698 645 2757 ut
666 2695 807 2778 legerem
829 2694 970 2777 quidem,
994 2694 1149 2757 lectorum
1171 2697 1278 2758 autem

135 2801 221 2864 nihil
248 2804 503 2868 transcriberem.
549 2804 588 2868 ln
616 2825 677 2887 quo
704 2803 731 2866 si
758 2803 885 2867 fatebor
906 2803 1002 2867 fidem
1023 2825 1074 2867 me
1096 2803 1277 2867 destituisse

136 2912 335 2994 clanculum,
359 2912 443 2976 haud
466 2914 531 2977 scio
554 2936 595 2977 an
617 2913 743 2977 veniam
765 2913 917 2977 facinoris
940 2914 1003 2977 mei
1025 2913 1085 2976 sim
1106 2934 1276 2975 acommo-

134 3020 229 3083 nium
251 3021 428 3085 litterarum
456 3023 605 3087 studiosis
628 3022 865 3104 impetraturus.
911 3022 974 3087 Sed
1001 3043 1081 3105 quae
1111 3027 1179 3084 tarn
1206 3043 1276 3104 pro·

132 3131 267 3212 peranti
283 3131 404 3195 calamo
424 3132 582 3197 schedulis
596 3132 840 3214 mandaveram,
851 3209 853 3213 ι
864 3154 973 3196 eorum
993 3136 1104 3195 tamen
1118 3131 1154 3194 in
1169 3130 1276 3194 codice

133 3238 381 3321 relegendomm
409 3245 456 3322 et,
487 3242 513 3305 si
540 3242 639 3322 forte,
669 3242 930 3325 corrigendorum
959 3242 1083 3324 copiam
1112 3262 1182 3304 cam
1211 3262 1276 3304 non

132 3369 264 3431 possem
292 3349 364 3412 ullis
391 3350 442 3413 vel
476 3351 621 3433 precibus
648 3351 698 3415 vel
728 3352 849 3414 artibus
876 3352 1065 3434 impetrare,
1099 3372 1164 3413 non
1190 3372 1276 3413 nunc

132 3458 255 3520 mirum
277 3458 450 3541 videbitur,
480 3459 506 3522 si
529 3460 685 3543 quaedam
707 3482 773 3523 non
801 3460 880 3524 satis
907 3463 993 3524 recte
1021 3464 1077 3523 aut
1105 3459 1277 3543 diligenter

131 3566 214 3628 olim
251 3587 319 3629 esse
356 3567 579 3632 administrata
617 3569 811 3652 apparuerit.
878 3568 1048 3633 Sciendum
1085 3574 1134 3631 est
1170 3572 1276 3632 autem

131 3676 291 3763 primum,
314 3679 381 3738 tam
403 3677 560 3759 repletum
582 3679 666 3741 notis
682 3678 747 3742 sive
764 3677 959 3761 compendiis
974 3680 1151 3760 scripturae
1173 3681 1276 3742 totum

130 3783 294 3846 scholium
320 3806 403 3867 esse,
432 3789 468 3848 ut
495 3787 587 3869 plura
616 3788 759 3851 breviata
787 3788 889 3852 insint
915 3809 1011 3871 quam
1038 3809 1104 3850 non
1131 3788 1275 3851 breviata
1332 3839 1336 3845 .

130 3892 308 3955 vocabula:
336 3894 370 3956 in
398 3895 511 3977 quibus
538 3896 787 3979 interpretandis
814 3898 862 3960 bis
889 3902 977 3960 terve
1005 3918 1055 3958 me
1078 3918 1199 3960 errasse
1228 3897 1274 3961 in·

130 4002 256 4065 tellexi.
302 4002 415 4067 Levius
444 4009 492 4068 eat
516 4005 599 4087 quod
627 4005 747 4088 aliquot
769 4007 896 4070 voculas
924 4028 989 4069 non
1018 4006 1115 4069 habet
1143 4006 1177 4068 in
1204 4005 1274 4088 ipsa

131 4097 350 4175 continuitate
379 4113 546 4176 verborum
574 4114 783 4198 perscriptae,
816 4115 870 4179 sed
900 4115 985 4179 inter
1007 4137 1115 4178 versus
1138 4113 1273 4195 additas,

130 4220 248 4284 eadem
263 4224 372 4283 tamen
387 4243 485 4284 manu
500 4244 625 4287 omnes:
648 4223 679 4288 id
702 4224 785 4307 quod
808 4225 842 4287 in
857 4224 958 4287 tantis
979 4224 1157 4288 festinandi
1173 4245 1273 4308 angu-

129 4329 206 4393 stiis
220 4328 297 4392 olim
312 4329 467 4393 adnotare
483 4333 655 4413 supersedi.
683 4333 853 4396 Praeterea
869 4334 966 4397 semel
981 4334 1108 4417 integra
1123 4334 1273 4418 neglecta
