2948 4996
231 322 294 385 376
413 396 416 404 ,
584 337 630 381 ou
654 335 826 382 inserirur
849 333 1018 381 vuusmvs

317 490 422 574 Atque
445 488 498 553 hic
520 489 617 552 finem
639 488 875 571 imponeremus
898 486 1109 570 disputationi
1131 489 1274 569 nostrae,
1313 487 1378 550 nisi

231 601 328 665 nimis
351 599 485 664 confinis
509 599 572 661 alia
595 598 683 662 labes
705 601 804 680 esset,
828 620 923 681 quam
945 618 1011 660 non
1033 596 1295 661 animadversam
1319 598 1379 661 cri-

231 711 304 774 ticis
327 732 392 773 non
415 709 597 773 dubitamus
620 708 697 792 quin
719 711 832 791 poetae
855 707 952 771 verba
973 707 1143 771 traxerint.
1180 705 1264 782 Quid
1290 708 1379 771 enim

232 842 300 885 esse
323 820 464 885 dicamus
488 818 571 903 quod
593 818 657 881 illis
679 840 756 902 quos
778 818 986 882 tractavimus
1007 817 1148 881 versibus
1170 817 1205 880 hi
1229 818 1380 881 continu-

210 934 211 937 ’
232 935 344 996 antur:

435 1076 559 1140 τοιαῦτ’
582 1075 721 1153 ἐπεύχου
743 1076 783 1152 μὴ
806 1073 1008 1154 φιλοςτόνως
1031 1076 1126 1149 θεοῖς,

434 1187 510 1263 μηδ’
533 1185 569 1248 ἐν
592 1185 733 1262 ματαίοις
756 1183 897 1263 κάγρίοις
918 1183 1142 1263 ποιφύγμαςιν.

233 1370 297 1436 Vbi
313 1371 380 1435 sive
397 1376 552 1454 ‘precare’
570 1370 636 1434 sive
652 1377 754 1434 ‘vove'
769 1369 903 1433 verteris
926 1370 1087 1449 ἐπεύχου,,
1098 1370 1193 1434 nihili
1216 1370 1280 1433 erit
1296 1392 1379 1452 quae

185 1494 213 1542 xl
232 1482 339 1565 prodit
360 1481 531 1546 sententia.
577 1480 718 1545 Voverat
745 1480 871 1564 quidem
894 1479 1057 1562 Eteocles,
1092 1480 1147 1544 sed
1176 1502 1214 1544 ea
1242 1485 1379 1545 voverat

233 1614 313 1676 quae
337 1592 404 1674 ipsc
426 1613 539 1675 prose
562 1591 646 1655 solus
667 1591 877 1674 praestiturus
900 1595 984 1654 erat:
1006 1612 1073 1654 non
1095 1590 1211 1674 potuit,
1235 1592 1263 1654 si
1287 1613 1378 1674 sape-

233 1705 293 1784 ret,
317 1702 367 1765 vel
391 1701 502 1772 eadem
523 1703 574 1765 vel
596 1701 675 1764 talia
698 1722 812 1764 rovere
835 1701 932 1765 etiam
948 1701 1090 1786 virgines
1112 1701 1232 1784 iubere,
1258 1725 1279 1765 a
1302 1725 1378 1787 qua·

233 1834 303 1876 rum
336 1812 480 1895 personis
513 1812 569 1875 illa
604 1815 696 1874 erant
730 1811 935 1875 alienissima.
980 1810 1024 1875 Et
1055 1811 1133 1874 satis
1156 1811 1192 1875 in
1214 1811 1378 1896 principio

181 1950 184 1959 ¹
233 1921 403 2005 orationis,
435 1943 515 2006 quac
543 1925 747 2005 utrorumque
770 1922 877 1986 officia
900 1924 1022 2003 essent,
1050 1921 1100 1984 his
1129 1922 1235 1985 verbis
1267 1922 1377 1986 discri-

233 2032 428 2096 minaverat:
459 2034 556 2111 εὔχου
579 2034 617 2096 τὰ
639 2033 768 2111 κρείςςυι
798 2030 843 2116 (h.
868 2031 895 2095 e.
920 2033 1045 2095 saniore
1073 2031 1200 2095 ratione
1228 2037 1377 2119 precare)

234 2145 413 2223 ξυμμάχους
435 2143 516 2208 εἶναι
539 2144 650 2207 θεούς·
674 2143 783 2221 κάμῶν
806 2142 958 2206 ἀκούςας’
981 2143 1146 2221 εὐγμάτων
1171 2142 1217 2226 (ίι.
1235 2165 1264 2207 e.
1290 2148 1378 2208 voto

233 2255 318 2338 rum)
341 2255 450 2318 ἔπειτα
466 2255 501 2317 ςὺ
517 2253 700 2329 ὀλολυγμὸν
716 2253 787 2332 ἱρὸν
811 2254 926 2331 εὐμενῆ
943 2254 1110 2317 παιάνιςον
1125 2252 1157 2315 ίι.
1175 2273 1203 2316 e.
1221 2254 1378 2318 sollemne

234 2385 336 2448 genus
359 2364 440 2427 bene
464 2362 658 2446 compositae
680 2362 875 2446 precationis
904 2361 1017 2444 funde,
1047 2363 1231 2446 oppositum
1252 2364 1288 2427 id
1311 2367 1377 2448 qui·

235 2472 307 2536 dem
329 2472 491 2536 subitariis
515 2495 553 2537 ac
567 2472 782 2536 tumultuariis
798 2471 910 2557 quibus
927 2475 1023 2535 antea
1038 2472 1240 2537 indulserant
1255 2475 1377 2538 lamen·

235 2583 288 2665 tie,
313 2582 363 2645 vel
385 2583 467 2666 quod
490 2583 600 2647 eodem
622 2583 705 2646 redit
734 2584 938 2663 φιλοςτόνοις
966 2584 1107 2660 ματαίοις
1135 2584 1277 2663 κάγρίοις
1307 2606 1377 2650 ποι-

235 2691 403 2774 φύγμαςιν.
447 2693 535 2778 Ergo
558 2701 713 2777 ‘precare’
738 2696 787 2757 est
809 2694 959 2772 ἐπεύχου.
1003 2692 1122 2756 Verum
1144 2694 1292 2773 additum
1313 2718 1377 2761 τοι-

235 2807 316 2867 αῦτα
339 2803 393 2886 qui
414 2804 534 2887 poterit
554 2826 621 2867 non
643 2803 682 2866 ad
705 2802 850 2886 proxima
871 2824 952 2886 quae
975 2803 1180 2885 praecedunt,
1204 2806 1239 2867 in
1262 2807 1378 2889 quibus

235 2916 344 2977 tamen
366 2914 454 2977 nulla
477 2914 629 2997 precandi
651 2913 772 2976 mentio
793 2912 892 2993 facta,
917 2912 973 2976 scd
996 2912 1035 2975 ad
1058 2913 1113 2975 illa
1131 2914 1244 2977 referri
1269 2938 1288 2978 a
1311 2917 1378 3000 qui-

236 3024 294 3086 bus
316 3023 415 3107 ipsius
438 3025 504 3087 voti
519 3024 662 3088 Eteoclei
685 3023 854 3087 intervallo
877 3026 1060 3105 separatum
1084 3023 1155 3086 est?
1186 3024 1379 3110 Αιιίίςίύυτ

235 3134 343 3196 omnia
376 3133 494 3197 fallunt
527 3137 582 3195 aut
615 3154 680 3196 non
713 3134 875 3218 integram
915 3133 1038 3197 codices
1078 3134 1163 3217 regis
1197 3135 1378 3200 orationem

236 3246 413 3306 servarunt.
458 3242 527 3305 Nec
560 3243 729 3327 ignorant,
763 3243 817 3326 qui
850 3243 987 3326 aliquem
1014 3266 1106 3306 usum
1133 3242 1257 3307 habent
1285 3245 1379 3309 huius

236 3353 324 3435 artis,
349 3374 577 3438 quamsaepe,
609 3353 662 3416 ubi
684 3353 782 3417 semel
805 3353 933 3438 gravius
955 3352 1078 3415 turbari
1101 3357 1250 3436 coeptum
1273 3357 1379 3420 estin

236 3467 378 3526 veterum
399 3463 506 3546 libris,
534 3463 709 3527 mirimodis
732 3463 832 3526 mixta
856 3485 893 3526 ea
921 3463 990 3547 ipsa
1017 3463 1078 3525 duo
1105 3485 1225 3547 genera
1250 3487 1380 3550 corrup-

235 3573 319 3636 telae
339 3572 529 3655 habeantur,
554 3595 686 3656 quorum
709 3574 844 3637 alterum
867 3573 1001 3654 lacunis,
1025 3573 1278 3655 interpolatione
1302 3577 1381 3641 alte-

236 3703 306 3745 rum
329 3683 520 3746 continetur.
552 3683 651 3747 Velut
665 3683 728 3747 hau
751 3683 844 3747 dubie
866 3683 951 3746 illius
967 3704 1075 3747 versus
1098 3682 1309 3767 interpolatio
1325 3687 1381 3771 qui

237 3795 286 3854 est
313 3792 348 3855 in
369 3793 431 3856 hac
457 3793 566 3856 fabula
596 3794 670 3857 176:
704 3794 836 3859 τοιαῦτά
862 3793 920 3858 τᾶν
945 3795 1066 3869 γυναιξὶ
1089 3796 1250 3859 ςυνναίυιν
1282 3797 1381 3874 ἔχοις,

237 3902 357 3965 sociam
378 3902 491 3966 habuit
513 3903 594 3966 alius
617 3904 736 3966 senarii
758 3904 930 3986 iacturam,
954 3924 1048 3986 quem
1069 3925 1135 3967 non
1156 3903 1382 3987 improbabili·

236 4016 285 4075 ter
307 4035 399 4096 posse
420 4014 519 4076 talem
540 4013 639 4078 fuisse
661 4013 844 4077 Dindorfius
876 4013 1026 4077 coniecit:
1070 4016 1180 4095 τοιγὰρ
1203 4024 1383 4098 προφωνῶ

236 4127 330 4189 πᾱςιν
352 4124 477 4203 ἡςύχως
499 4125 593 4204 ἔχειν.
639 4123 725 4188 Ηίιια
748 4125 848 4209 igitur
864 4125 1094 4188 consectarium
1116 4146 1184 4188 esse
1206 4124 1270 4190 hoc
1293 4129 1384 4192 rolu-

237 4255 317 4315 muS,
340 4237 377 4297 ut
399 4256 417 4297 a
440 4235 506 4298 voti
529 4235 729 4318 susceptione
752 4257 808 4299 sua
831 4233 871 4297 cd
895 4233 982 4298 chori
1006 4234 1260 4300 cohortationem
1284 4237 1383 4304 Eteo-

238 4342 301 4405 cles
328 4343 385 4407 tali
413 4345 480 4407 fere
508 4345 601 4408 modo
630 4346 810 4410 transierit:
846 4346 973 4410 τοιαῦτ’
995 4347 1059 4424 ἐγὼ
1082 4347 1140 4424 μὲν
1162 4345 1314 4428 εὔχομαι,
1344 4352 1383 4416 ςὺ
