2904 4996
478 358 637 406 sessola
659 357 831 405 carmela.
1166 342 1227 407 ῖῖῑ)

80 515 135 575 An
158 533 233 574 vero
256 534 349 596 reges
371 511 498 576 facilius
518 533 637 594 poenas
659 512 817 596 effugirmt
845 511 1032 574 delictorum
1054 534 1150 594 quam
1172 513 1225 596 qui

79 610 147 687 sion
174 626 250 686 sunt
278 621 393 706 reges?
436 621 526 697 Quod
553 626 589 685 ut
620 644 714 705 saepe
741 618 842 705 possit
870 643 978 686 verum
1008 643 1092 705 esse,
1123 626 1157 685 at
1185 623 1226 685 ab
1244 632 1277 677 30

80 737 196 797 haram
224 732 351 816 quidem
383 733 615 797 sententiarum
650 754 733 795 nexu
761 731 876 795 mirum
904 736 1059 816 quantum
1088 732 1225 796 alienum
1307 803 1312 813 ,

83 847 143 908 est.
175 843 259 907 Nam
282 843 355 906 Iaso
378 843 405 905 si
428 842 524 931 vellet
546 842 624 906 illud
647 842 798 906 iudicium
820 864 922 925 suum,
946 864 1011 906 non
1034 842 1226 926 impunitam

79 955 150 1018 fore
164 953 328 1033 Medeam,
352 953 585 1018 consectarium
601 974 668 1017 esse
685 975 723 1016 ex
746 975 799 1036 eo,
824 953 906 1036 quod
929 974 970 1016 ne
993 952 1084 1037 regia
1099 954 1226 1038 quidem

80 1065 192 1129 domus
208 1086 344 1148 poenam
360 1063 533 1149 effugisset,
550 1085 680 1127 necesse
696 1067 779 1130 esset
793 1067 960 1147 utramque
976 1064 1138 1147 utriusque
1154 1086 1226 1147 poe-

10 1203 17 1215 ·
82 1197 161 1239 nam
182 1175 252 1259 pari
276 1174 418 1238 iustitiae
441 1175 559 1238 rationi
576 1173 751 1239 subiectam
769 1173 943 1257 cogitaret:
966 1175 1117 1257 quoniam
1141 1178 1226 1238 certe

80 1285 227 1349 Medeam
256 1285 338 1348 iuste
366 1285 514 1368 punitum
542 1284 581 1348 iri
605 1283 722 1365 credit,
752 1284 778 1346 si
807 1285 975 1366 puniatur:
1013 1261 1130 1368 alioqui
1159 1307 1227 1371 non

80 1399 132 1459 est
155 1395 398 1459 consectarium.
445 1397 490 1458 at
518 1416 592 1458 vero
622 1393 762 1458 Glaucae
795 1398 891 1477 atque
920 1393 1065 1459 Creontis
1097 1394 1225 1457 caedem

80 1529 144 1590 quo
165 1505 259 1570 modo
282 1505 354 1570 Iaso
376 1505 480 1589 potuit
501 1504 618 1569 iustam
641 1525 708 1568 esse
731 1525 867 1587 poenam
890 1506 1033 1588 profiteri
1055 1505 1226 1569 eorundem

82 1617 239 1699 culpae,
264 1637 344 1699 quae
367 1638 408 1679 ne
431 1620 515 1679 esset
536 1615 663 1699 quidem
686 1614 779 1698 culpa
800 1615 839 1678 de
855 1615 979 1679 Iasonis
1002 1616 1177 1696 sententia3
1200 1617 1226 1678 si

84 1748 160 1791 vero
182 1730 276 1807 esset,
302 1729 387 1806 certe
410 1727 477 1790 eius
499 1748 626 1809 poena
648 1748 713 1790 non
736 1729 820 1789 esset
842 1726 941 1808 iusta,
965 1727 1116 1810 quoniam
1132 1747 1169 1789 ea
1192 1727 1226 1789 in

82 1838 154 1920 ipso
173 1836 305 1900 Medeae
327 1837 446 1900 scelere
467 1837 572 1920 posita
596 1839 653 1919 est,
678 1835 760 1920 quod
783 1838 832 1899 est
847 1836 1008 1900 iniustum.
1039 1836 1098 1900 Vis
1121 1840 1226 1900 autem

81 1948 161 2025 αὐτή
185 1946 383 2029 pronominis
406 1946 502 2040 longe
524 1946 620 2010 aliam
641 1946 680 2008 ad
700 1967 768 2009 rem
790 1949 924 2029 spectat.
961 1945 1106 2030 Denique
1128 1969 1226 2029 prave

81 2057 222 2120 arbitror
244 2057 341 2120 verba
365 2057 518 2140 coniungi
546 2057 572 2122 εἰ
594 2059 634 2135 μή
657 2057 799 2122 πέποιθε.
845 2055 929 2119 Nam
952 2056 998 2120 ita
1021 2079 1092 2120 cum
1115 2078 1226 2140 excep-

83 2167 130 2230 tio
153 2167 306 2249 quaedam
331 2168 399 2250 fiat,
424 2189 504 2251 quae
518 2167 573 2230 ubi
589 2189 655 2230 non
678 2167 730 2249 sit,
755 2166 833 2229 illud
855 2166 912 2229 fiat
935 2167 1017 2250 quod
1040 2168 1226 2250 exceptione

64 2277 360 2359 *circumscriptum
384 2280 442 2360 est,
467 2278 681 2360 consequitur,
705 2277 759 2340 ubi
775 2276 859 2339 adsit
874 2277 1030 2359 exceptio,
1054 2277 1138 2340 idem
1160 2299 1223 2341 non

80 2387 167 2469 fieri3
197 2390 232 2450 ut
254 2386 333 2450 haec
355 2387 397 2451 sit
419 2387 542 2451 Iasonis
566 2387 741 2450 sententia:
758 2460 762 2463 μ
780 2394 825 2451 vel
847 2399 932 2450 terra
955 2395 1105 2452 occultari
1127 2395 1172 2451 ael
1194 2396 1225 2451 ia

80 2506 159 2561 aera
181 2504 305 2561 avolare
326 2519 392 2560 eom
416 2510 541 2577 oportet,
568 2505 628 2562 atsi
648 2509 753 2577 sperat
774 2519 806 2561 se
828 2504 1006 2577 impunitam
1024 2502 1114 2575 sore;
1146 2505 1228 2576 qrcoa

80 2577 190 2672 e⁸oatrc
217 2614 245 2671 si
263 2622 380 2688 sperat,
414 2629 473 2671 reon
502 2621 618 2687 oportet
645 2629 711 2672 eom
742 2618 828 2672 terra
856 2614 1006 2672 occultari
1028 2615 1073 2672 vel
1095 2616 1126 2672 ia
1148 2618 1226 2671 oe'ro

82 2724 218 2781 revolare.
264 2716 335 2782 Hoc
363 2721 459 2801 pacto
482 2740 552 2781 cum
576 2719 749 2782 necessitas
771 2719 821 2782 vel
844 2722 930 2782 terra
953 2740 1021 2782 sese
1043 2719 1225 2782 occult-andi

81 2828 133 2891 vel
156 2828 190 2891 in
215 2832 288 2891 atra
311 2828 460 2892 avolandi
482 2829 621 2912 pendeat
644 2851 682 2892 ex
705 2828 836 2893 Medeae
860 2830 1114 2912 exspectatione,
1145 2852 1225 2912 quae

84 2941 182 3022 prout
204 2942 259 3002 aut
281 2939 444 3022 impunem
467 2960 500 3002 se
523 2940 591 3003 fore
614 2944 720 3022 speret
743 2944 798 3004 aut
819 2939 967 3022 punitum
990 2940 1039 3021 iri,
1064 2944 1120 3003 aut
1142 2939 1226 3003 adsit

80 3049 141 3111 illa
162 3049 336 3112 necessitas
360 3052 416 3112 aut
443 3071 508 3113 non
532 3049 629 3113 adsit:
667 3049 801 3113 ridicula
830 3049 999 3112 admodum
1026 3049 1127 3112 oritur
1154 3072 1223 3112 sen-

80 3159 195 3221 tentia.
242 3158 326 3222 Nam
348 3180 414 3222 non
436 3162 543 3241 potest
565 3160 738 3222 necessitas
766 3159 822 3222 illa
845 3162 921 3248 apta
945 3180 1013 3222 esse
1036 3181 1073 3221 ex
1097 3182 1224 3242 exspec-

80 3268 205 3332 tatione
227 3269 368 3352 Medeae,
393 3269 447 3332 sed
471 3290 509 3333 ex
531 3269 648 3333 iudicio
670 3269 803 3352 Iasonis,
828 3270 910 3353 quod
934 3291 1004 3332 curn
1028 3272 1148 3333 eertum
1171 3270 1224 3351 sit,

80 3377 179 3442 etiam
212 3380 385 3443 necessitas
417 3380 474 3442 illa
506 3383 671 3463 tamquam
701 3384 810 3443 certa
838 3380 995 3464 quaedam
1033 3379 1222 3443 declaratur.

80 3488 154 3551 laso
177 3488 262 3552 enim
284 3489 362 3554 illud
385 3513 450 3554 aon
473 3491 541 3553 vult
569 3492 605 3554 in
627 3490 730 3554 medio
753 3490 948 3574 relinquere,
979 3493 1084 3552 utrum
1113 3491 1224 3573 punia-

51 3603 135 3690 ‚tur
156 3598 269 3662 Medea
296 3621 415 3681 necne,
443 3600 498 3664 sed
526 3622 649 3684 poenas
677 3601 805 3664 sceleris
835 3601 944 3663 datum
972 3599 1012 3662 iri
1039 3622 1224 3683 persuasum

78 3709 188 3791 habet,
212 3731 344 3794 eamque
366 3710 559 3775 sententiam
581 3711 642 3773 hac
664 3711 768 3773 forma
791 3711 896 3774 effert:
927 3732 987 3774 raon
1010 3718 1136 3791 effante!
1150 3734 1224 3790 poe-

78 3841 154 3892 nas·
179 3827 261 3898 qaod
281 3828 309 3884 si
328 3831 428 3883 tamea
451 3833 570 3899 sperat,
594 3827 742 3885 miraculo
765 3828 866 3900 riliqao
890 3843 965 3900 opas
986 3833 1040 3885 ese.
1085 3822 1135 3885 Ex
1158 3823 1224 3905 qui-

79 3931 140 3993 bus
170 3934 303 4013 apparet
331 3931 357 3996 εἰ
379 3933 419 4011 μή
442 3931 607 4014 particulis
636 3932 740 3995 locum
763 3953 830 3995 esse
853 3931 992 4014 nullum,
1021 3930 1075 3994 sed
1100 3935 1224 3995 contra-

78 4040 163 4103 riam
184 4039 219 4103 in
242 4044 366 4123 partem
395 4042 658 4104 conformandam
684 4041 782 4105 scrisse
811 4041 1022 4105 sententiam:
1057 4046 1105 4107 δεῖ
1132 4063 1181 4107 νιν
1205 4045 1224 4121 ἢ

76 4155 138 4229 γῆ(
160 4151 246 4214 κάτω
269 4157 449 4231 κρυφθῆναι
471 4153 489 4230 ἢ
513 4152 557 4217 εἰ(
579 4153 689 4231 αἰθέρα
711 4152 859 4231 ἀρθῆναι,
889 4153 915 4216 εἰ
938 4123 1092 4218 πέπαιθέν
1115 4153 1222 4236 ἀθῷοι
1242 4167 1271 4214 ar

77 4261 257 4343 spedistana.
301 4259 501 4343 Quapropter
528 4262 636 4324 nescio
667 4283 708 4323 arr
738 4265 824 4325 recte
853 4261 1031 4325 coniciatur
1058 4263 1104 4325 sic
1127 4263 1224 4345 scrip-

74 4376 148 4449 tum
171 4370 270 4433 fuisse
293 4371 485 4454 antiquitus:
