2970 4996
139 421 142 423 ι
193 393 195 395 ,
224 328 320 401 σιν
599 349 647 398 aa
670 346 843 400 nascerer
865 346 1033 400 vaasrsvs

183 520 231 570 νιν
250 527 402 589 pacorum
430 504 579 568 instituto
607 508 839 568 commentatus
873 507 937 585 cst,
978 503 1033 568 sed
1067 504 1132 568 iam
1165 528 1264 589 supra
1302 507 1398 572 nobis

251 616 415 697 laudatus,
446 636 539 698 quem
562 637 627 678 non
649 618 753 693 θήεειν
777 615 930 696 τρόπαια,
959 614 1014 677 sed
1037 615 1141 694 θήτειν
1164 617 1326 695 ἐτθήματα
1347 617 1397 681 vel

251 727 381 807 λάφυρα
419 725 621 788 coniunxisse
655 746 694 789 ex
729 723 807 808 ipsis
844 725 910 788 eius
947 723 1052 788 verbis
1088 725 1298 790 manifestum
1333 731 1396 791 est:

250 836 405 915 ἐτθήματα
427 836 576 912 ἀναθήτω
598 837 662 915 πρὸ
685 840 751 900 τῶν
773 843 863 901 ναῶν
886 837 925 899 τὰ
951 836 1088 915 λάφυρα.
1132 833 1208 899 Non
1231 835 1314 921 legit
1335 837 1396 921 igi-

248 948 301 1008 tur
322 946 376 1009 ille
391 946 490 1008 ullam
506 948 582 1009 ante
596 947 753 1025 ἐεθήματα
768 946 975 1028 particulam,
999 944 1054 1008 scd
1072 967 1137 1008 nna
1154 946 1394 1010 constructione

249 1056 470 1119 continuatam
503 1054 602 1119 talem
629 1056 900 1135 enuntiationem,
935 1055 1061 1138 qualem
1090 1059 1122 1118 ct
1155 1055 1328 1119 verborum
1360 1059 1394 1118 et

248 1166 428 1229 sentcntiae
451 1165 641 1248 simplicitas
664 1165 866 1229 commendat
887 1169 923 1228 nt
945 1165 1028 1248 quod
1050 1163 1205 1228 maxime:
1307 1202 1310 1206 ·

422 1330 601 1407 μήλοιειν
625 1327 819 1406 αἱμάετων
842 1328 924 1391 τόθ’
947 1327 1074 1391 {trior
1097 1331 1199 1393 Θεῶν

422 1440 554 1517 θήεειν
577 1441 748 1516 τροπαῖα
771 1438 893 1501 δαῖων
918 1438 1111 1516 ἐτθήματα

249 1598 280 1662 h.
299 1620 326 1663 e.
350 1598 465 1662 nuntia
487 1597 639 1661 victoriae
660 1619 710 1661 mc
731 1598 892 1661 facturum
911 1597 1103 1661 vestimenta
1125 1596 1278 1661 hostium.
1316 1597 1390 1679 Vbi,

248 1713 284 1772 ut
315 1710 355 1773 in
383 1708 555 1790 adiectivo,
589 1709 689 1771 multo
719 1708 817 1772 etiam
851 1709 966 1772 certius
999 1730 1093 1790 quam
1123 1708 1392 1772 insubstantiva

249 1807 545 1899 τιροπεριτπαττεόν
578 1818 751 1882 secundum
778 1822 921 1881 veterum
948 1818 1175 1901 magistrorum
1207 1822 1390 1902 praecepta,

249 1929 289 1992 dc
316 1930 430 2012 quibus
460 1928 673 2011 contemptius
701 1949 796 2011 quam
825 1951 884 2011 par
912 1932 981 1991 crat
1003 1927 1174 1990 Elmslcius
1197 1928 1393 1992 existimavit

249 2039 284 2102 in
306 2037 495 2101 Heraclidas
517 2061 552 2109 ν.Ι
570 2038 643 2101 403.
690 2037 892 2101 Adiectivum
914 2059 979 2101 non
1002 2036 1037 2100 in
1064 2036 1127 2099 illis
1150 2039 1280 2100 tantum
1302 2037 1393 2101 Euri-

248 2148 344 2232 pidiis
372 2148 497 2212 habetis
525 2150 631 2227 Ζηνὸ(
659 2148 797 2226 speetu
826 2149 937 2227 βρέτα(
965 2152 1121 2226 τροτιαῑον
1148 2150 1181 2210 et
1207 2148 1291 2212 Διὸ(
1320 2170 1391 2228 τρα-

248 2263 347 2325 παῑον
368 2259 496 2323 ἵεταταν
513 2260 624 2338 βρέτα(
639 2256 885 2320 Phoenissamm
902 2280 930 2320 ν.
952 2258 1042 2321 1251.
1062 2258 1153 2338 1473,
1177 2279 1314 2340 ιμιοιιιια
1329 2258 1392 2321 rim

249 2389 317 2431 esse
341 2368 524 2451 ambiguam
552 2367 694 2447 sentitis,
724 2367 779 2430 sed
808 2367 963 2449 imprimis
988 2366 1050 2430 huc
1072 2367 1221 2450 apposito
1243 2368 1390 2450 exemplo

249 2477 398 2541 Electrae
432 2500 461 2539 v.
493 2479 574 2540 1174
606 2481 746 2557 τροπαῖα
779 2478 922 2555 δείγματ’
960 2477 1093 2544 ἀθλίων,
1118 2480 1390 2557 προεφαγμὰτων.

250 2585 313 2649 Pro
340 2587 540 2649 substantivo
574 2591 681 2650 autem
714 2586 824 2650 haberi
855 2590 1001 2669 coeptum
1033 2586 1068 2649 in
1097 2586 1272 2670 Aeschylio
1301 2608 1392 2651 versu

250 2699 389 2776 τροπαῖα
422 2696 527 2759 effecit
558 2699 594 2759 ut
627 2697 676 2760 vel
710 2699 745 2761 δὲ
777 2699 828 2760 vel
860 2718 893 2761 τε
926 2696 1083 2779 particula
1116 2696 1242 2760 intrusa
1276 2719 1392 2761 novam

250 2809 442 2870 structuram
464 2806 679 2889 proximorum
694 2807 861 2870 verborum
881 2806 1212 2887 comminiscerentur,
1237 2806 1335 2889 plane
1357 2811 1392 2870 ut

250 2916 342 2980 huius
365 2916 494 2979 fabulae
509 2938 601 2980 versu
616 2917 680 2982 340
700 2917 822 2980 factum
846 2917 951 2980 estin
970 2919 1084 2996 πικρὸν
1106 2918 1139 2980 δ’
1162 2915 1247 2994 ὄμμα
1270 2917 1391 2980 verbis:

249 3046 327 3109 quos
343 3048 451 3090 versus
472 3049 624 3090 unacum
646 3026 816 3110 strophicis
832 3049 903 3090 cum
919 3027 993 3090 olim
1017 3025 1191 3109 diximus*)
1214 3029 1285 3090 tum
1306 3050 1392 3091 nuuc

251 3135 406 3199 credimus
429 3137 475 3201 sic
497 3136 712 3200 emendandos
735 3159 818 3200 csse:
1338 3135 1340 3139 ’

355 3310 548 3388 κορκορυγαὶ
569 3309 601 3373 δ’
623 3309 680 3374 ἀν’
702 3309 778 3373 ἄττα
800 3307 893 3387 προτί
915 3309 948 3372 θ’
971 3307 1093 3389 ὁρκάνᾳ
1115 3311 1284 3391 πυργωτᾷ·

355 3419 436 3497 πρὸ(
459 3419 579 3496 ἀνδρὸς
601 3421 634 3482 δ’
657 3418 738 3499 ἀνὴρ
761 3420 849 3498 δορεὶ
871 3420 1018 3483 καίνεται.

354 3604 563 3670 παντοδαπὰ(
585 3606 621 3669 δὲ
643 3605 764 3684 καρπὸς
787 3606 920 3684 χαμάδις
941 3607 1048 3670 πεεὼν
1071 3604 1202 3682 ἀλγύνει

355 3716 469 3794 κύρια(
491 3717 605 3795 πικρὸν
628 3713 712 3794 ὄμμα
733 3717 982 3795 θαλαμηπόλων.

249 3887 319 3956 Nisi
342 3890 440 3977 quod,
470 3890 523 3978 qui
546 3890 783 3958 accuratissime
806 3899 1014 3978 exaequatam
1043 3892 1240 3976 syllabarum
1262 3916 1398 3981 respon·

248 4003 371 4066 sionem
400 4008 529 4087 expetat
558 4027 630 4068 cum
656 4004 787 4089 Engero
816 4004 837 4066 l.
863 4026 887 4066 s
913 4027 937 4066 s.
961 4027 992 4086 p.
1016 4004 1074 4085 51,
1106 4004 1227 4086 poterit
1254 4005 1398 4073 fortasse

248 4114 357 4193 δόρατι
377 4135 436 4197 pro
458 4115 553 4192 δορεί.
1100 4105 1103 4110 ’

249 4278 450 4287 ——---——

316 4375 340 4441 *l
360 4374 400 4443 [In
418 4373 520 4428 Diariis
539 4374 592 4429 litt.
614 4374 774 4430 lenensibus
793 4393 817 4431 a.
841 4380 904 4432 18:30
922 4394 957 4431 m.
978 4373 1057 4434 Febr.
1077 4392 1103 4446 p.
1124 4374 1195 4450 aot]
