2948 4996
143 389 146 395 Ι
209 326 239 373 α.
256 326 400 382 narsmn
416 325 688 374 nurnnonmouns
712 325 747 371 ru
763 325 935 373 nuscum
951 325 1202 372 νποππτπανπ.
1233 308 1296 373 379

156 481 310 559 mitono<
332 509 376 536 =
396 482 563 558 τηλοῡροτ.
612 478 789 562 Vtrumque
817 476 910 541 huius
934 479 1021 541 vocis
1049 481 1234 561 accentum,
1264 481 1297 542 et

156 611 290 673 pravum
313 593 345 652 et
367 611 486 671 verum,
510 590 601 653 novit
622 588 812 672 Hesychius.

241 699 282 764 V.
316 700 358 763 49
393 698 528 792 Stanleii
560 699 688 784 quidem
720 700 842 778 ἐπαχθῆ
879 698 994 761 mirere
1030 698 1157 781 placere
1194 699 1295 763 doctis

155 810 338 874 homiuibus
360 810 510 892 potuisse.
557 810 733 874 Offensioni
762 814 811 874 est
836 809 984 894 ignotum
1005 808 1139 893 tragicis
1161 810 1296 873 vocabu-

156 921 222 984 lum
229 972 238 1002 ,
273 921 386 1004 quibus
408 921 560 984 usitatum
583 921 739 1001 ἀχθεινότ.
786 920 846 985 Sed
870 919 999 1004 gravius
1021 919 1092 1001 hoc,
1121 919 1204 1002 quod
1226 919 1296 983 irri-

156 1031 252 1094 dendi
275 1031 337 1094 ista
360 1030 518 1095 acerbitas
540 1053 601 1095 uec
629 1031 715 1094 cadit
737 1031 772 1094 in
794 1029 931 1094 Roboris
952 1030 1091 1093 ferreum
1114 1033 1240 1112 pectus,
1265 1033 1297 1093 et

157 1163 233 1205 vero
261 1141 366 1204 aliena
395 1144 443 1205 est
470 1141 511 1204 ab
538 1163 623 1204 nexu
651 1163 842 1205 sermonum.
887 1140 1038 1205 Irridcnti
1069 1140 1155 1204 enim
1177 1139 1297 1203 Robori

156 1273 224 1314 non
247 1255 295 1315 est
318 1274 373 1315 cur
395 1273 460 1315 non
482 1252 622 1335 potuerit
643 1252 836 1336 respondere
857 1250 1037 1315 Vulcanus:
1067 1254 1101 1314 at
1123 1251 1219 1316 οὐδὲν
1243 1250 1297 1316 ἀν-

156 1365 276 1427 τειπεῖν
309 1363 381 1442 ἔχει.
425 1360 613 1425 Extremum
640 1362 766 1445 aliquod
796 1365 1020 1447 argumentum
1044 1365 1113 1424 erat
1134 1362 1297 1445 proferen-

155 1470 242 1552 dum,
267 1472 349 1556 quod
372 1472 551 1557 expugnari
573 1494 639 1535 non
661 1472 782 1536 liceret.
827 1472 906 1536 Tale
929 1476 1036 1535 autem
1058 1471 1118 1536 hoc
1142 1475 1205 1535 est:

332 1633 452 1699 ἅπαντ’
476 1635 660 1714 ἐκράνθη,
682 1637 767 1714 πλὴν
790 1638 887 1699 θεοῑει
912 1633 1123 1718 κοιρανεῖν.*)

155 1796 295 1873 κραίνειν
328 1795 367 1858 de
400 1795 461 1858 fati
488 1795 695 1877 necessitate,
730 1796 768 1859 de
799 1796 884 1860 Iovis
918 1795 1053 1859 decretis
1080 1795 1179 1858 habes
1213 1795 1296 1878 aprrd
1315 1803 1374 1852 xxn

156 1904 343 1988 Euripidem
366 1905 485 1970 Electr.
513 1906 603 1969 1248.
635 1905 796 1990 Frequens
820 1910 926 1969 autem
947 1906 1107 1970 veteribus
1128 1905 1296 1988 monitum,

156 2014 245 2078 cuius
269 2015 333 2078 vim
355 2016 478 2079 nullum
500 2020 665 2099 superaret
692 2019 932 2100 argumentum,
968 2018 1108 2096 ττέργειν
1136 2017 1175 2080 τὰ
1204 2037 1297 2094 κραν-

155 2126 267 2202 θέντα,
291 2129 327 2188 ut
348 2129 397 2189 est
418 2126 494 2189 Eur.
520 2126 624 2191 Orest.
652 2127 742 2189 1021.
788 2126 849 2191 Sed
877 2148 918 2190 ne
945 2127 1016 2210 quis
1045 2149 1083 2189 ex
1106 2125 1297 2189 scholiastae

154 2235 324 2299 notatione
347 2238 453 2302 πάντα
475 2238 509 2301 ἐκ
531 2242 652 2317 μοιρῶν
677 2238 836 2301 δέδοται
859 2237 1036 2320 perfectum
1063 2240 1188 2319 tempus
1212 2236 1297 2299 coui-

156 2345 224 2407 ciat
250 2345 348 2409 fnisse
371 2347 525 2429 positum,
557 2347 753 2410 consimilem
781 2347 1032 2430 discrepantiam
1062 2346 1298 2410 animadvertat

155 2477 187 2517 v.
211 2455 288 2518 653:
316 2457 499 2545 τέθαλπται]
529 2458 688 2536 ἐξεκαύθη.
734 2457 881 2522 Aoristus
910 2460 1016 2521 autem
1046 2461 1095 2521 est
1122 2457 1296 2540 narrant-ie,

155 2572 193 2627 ut
220 2569 293 2647 post
320 2566 494 2630 debellatos
517 2567 651 2630 Titanas
671 2556 699 2630 va
730 2567 805 2631 love
839 2571 955 2632 cuncta
982 2567 1049 2631 sint
1076 2568 1230 2653 disposita
1260 2590 1298 2632 ac

157 2675 345 2738 constituta.

243 2784 283 2848 V.
307 2786 348 2851 66
371 2787 436 2851 αἰαῖ
458 2787 627 2871 coniunge.

244 2893 284 2957 V.
317 2895 377 2960 155
414 2897 592 2960 rationibus
624 2897 659 2960 in
687 2919 822 2961 censura
857 2899 1005 2962 editionis
1038 2899 1318 2962 Wellauerianae

158 3002 308 3090 [Ephem.
331 3005 394 3071 litt.
418 3007 545 3070 lenens.
571 3030 600 3070 a.
620 3008 700 3070 1824
723 3030 764 3070 m.
783 3007 875 3071 Febr.
899 3032 931 3092 p.
948 3009 1024 3094 229]
1048 3009 1199 3092 expositis
1224 3029 1296 3071 con-

155 3119 313 3179 sentanea
335 3120 384 3179 cst
404 3116 485 3180 haec
506 3118 702 3181 emendatio:
737 3122 787 3182 ὼ(
809 3121 853 3198 μή
876 3140 933 3184 τι(
956 3122 1045 3184 θεὸς
1066 3122 1191 3184 roicb'
1213 3120 1297 3212 ἐπε-

154 3227 277 3303 γήθει.

244 3334 284 3398 V.
311 3336 369 3399 188
399 3337 543 3401 conicere
566 3337 642 3401 licet
664 3338 709 3402 sic
732 3339 887 3421 scriptum
909 3339 1085 3422 antiquitus
1107 3339 1220 3404 fuisse:

403 3475 442 3538 τὸ
466 3475 588 3540 δίκαιον
611 3474 697 3553 ἔχων
720 3475 811 3540 Ζεύτ.
856 3476 931 3538 ἀλλ’
953 3475 1054 3554 ἔμπα(

405 3583 464 3647 οἴω
488 3585 604 3649 πάλιν
627 3584 672 3648 αὖ
695 3587 959 3664 μαλακογνώμων
983 3613 1038 3647 —:

154 3724 242 3810 quod
264 3747 329 3788 nou
351 3725 485 3789 nimium
507 3728 627 3791 recedit
650 3729 691 3792 ab
713 3729 826 3793 vicinis
848 3730 990 3814 syllabis.

226 4022 251 4089 ⁸)
270 4021 395 4076 Eandem
420 4022 449 4076 in
476 4024 644 4078 sententiam
661 4025 692 4078 B.
711 4028 742 4079 Α.
763 4027 988 4096 Toepelmannus
1014 4026 1099 4080 vertit
1128 4025 1232 4081 Comm.
1262 4026 1297 4084 de

153 4114 290 4183 Aeschyli
306 4115 473 4170 Prometheo
492 4117 611 4186 [Lipsiae
630 4136 655 4172 u.
677 4122 752 4188 1829]
770 4138 796 4189 p.
817 4126 862 4173 85:

373 4234 521 4289 Bestimmt
537 4235 575 4289 ist
592 4238 667 4291 Alles
686 4241 818 4293 uusser'nr
836 4239 1081 4308 thterregiment.

152 4351 249 4406 Vertit
267 4353 361 4406 autem
379 4341 481 4422 ἐτάχθη
501 4355 544 4423 [ac
562 4354 685 4412 debebat
703 4357 803 4415 saltem
821 4364 894 4414 ward
910 4371 960 4431 pro
981 4361 1031 4431 πθ.
