2896 4996
201 439 203 441 ¹
236 363 300 427 660
619 380 665 425 on
690 379 759 426 oao
783 379 827 424 aa
850 379 992 426 camna.

238 553 353 615 operae
386 532 507 595 instare
540 531 582 594 ab
614 531 695 594 alius
729 531 892 595 cuiusdam
926 530 972 594 rei
1004 532 1159 594 memoria
1189 531 1317 595 vixdum
1344 534 1374 596 in

237 645 423 705 transcursu
446 662 542 724 supra
565 640 777 726 significatae.
823 640 954 705 Scilicet
976 641 1033 706 Ori
1055 641 1174 705 Milesii
1198 647 1375 722 Etymolopi-

237 774 304 817 cam
335 752 465 835 reliquis
500 751 585 815 illius
618 751 808 835 Orionisque
841 751 969 835 scriptis
1002 751 1170 816 Fabricius
1204 745 1321 816 adiecit
1344 753 1375 816 in

236 861 321 925 Bibl.
346 884 395 946 gr.
418 860 466 925 VI
488 884 520 944 p.
537 863 609 926 374,
632 862 694 926 603
717 861 809 925 Harl.
855 860 913 926 Oui
936 861 982 925 rei
1005 863 1031 925 si
1054 862 1133 926 fides
1155 862 1305 926 habenda
1326 863 1374 942 sit,

236 972 343 1035 hercle
367 972 406 1035 ad
429 971 555 1034 irritum
578 970 672 1035 cadat
694 994 824 1036 necesse
847 976 895 1036 est
916 994 1036 1057 magna
1058 994 1135 1055 pars
1151 973 1256 1037 adhuc
1277 973 1374 1056 dispu-

235 1085 387 1146 tatorum.
432 1081 483 1145 Ita
511 1083 599 1145 enim
626 1083 701 1165 quid
729 1106 807 1166 opus
835 1082 932 1145 fuerit
958 1082 997 1145 de
1020 1082 1248 1166 dispertiendis
1271 1084 1306 1147 in
1327 1104 1374 1167 ge

236 1214 315 1256 nera
337 1196 369 1255 et
397 1193 514 1256 classes
541 1193 734 1276 fragmentis
763 1193 986 1274 commentari,
1018 1214 1098 1277 quae
1127 1193 1374 1258 commodissime

236 1302 271 1366 in
293 1301 519 1387 Etymologica
540 1303 695 1367 transisse
718 1325 756 1365 ex
778 1302 1001 1386 Etymologieo
1024 1303 1136 1366 dicas?
1169 1302 1260 1388 Ergo
1283 1305 1375 1388 igitur

236 1413 271 1475 in
297 1413 383 1480 illius
409 1413 533 1476 fontem
561 1413 732 1476 memoriae
760 1416 793 1476 et
820 1414 1043 1477 auctoritatem
1077 1413 1304 1496 inquirendum
1332 1417 1374 1478 est

236 1522 419 1606 diligenter.
464 1523 589 1586 Nititur
617 1527 724 1586 autem
751 1545 788 1586 ea
815 1543 881 1586 una
908 1522 1044 1606 quadam
1073 1522 1177 1586 Fulvii
1207 1523 1318 1587 Vrsini
1344 1525 1373 1587 in

236 1632 365 1696 Festum
388 1633 613 1715 adnotatione,
644 1634 728 1717 apud
752 1633 1007 1696 Lindemannum
1029 1656 1060 1716 p.
1085 1634 1164 1715 359,
1195 1657 1293 1717 quam
1314 1635 1373 1718 qui·

235 1742 307 1806 dem
329 1743 381 1806 hic
404 1744 569 1807 subiunxi:
594 1750 711 1808 Cibus
751 1748 829 1807 Orus
851 1747 986 1808 Milesius
1007 1751 1039 1807 ia
1064 1749 1275 1824 Etymoloqr'co
1297 1751 1375 1825 opud

234 1875 280 1917 me
302 1861 525 1933 manuscripto:
564 1856 714 1934 Κιβωτὸε,
737 1862 844 1934 inquit,
870 1855 989 1935 ὤφειλε
1013 1856 1064 1918 διὰ
1085 1858 1145 1919 τοῦ
1168 1876 1197 1919 ει
1220 1861 1306 1936 διφθ.
1328 1857 1374 1920 διὰ

235 1967 272 2029 τὸ
288 1968 411 2030 4κεῑεθοιι
438 1966 478 2029 ἐν’
502 1965 581 2048 αὐτῇ
610 1977 665 2028 etc.
710 1965 786 2028 leuc
813 1967 848 2029 δὲ
877 1967 963 2044 παρὰ
991 1966 1030 2029 τὸ
1061 1964 1148 2043 uilloc
1177 1967 1331 2044 γέγονεν,
1357 1967 1372 2027 ὃ

158 2137 164 2146 ,
236 2076 375 2153 (ημαίνει
403 2078 462 2154 τήν
490 2078 635 2156 τροφὴν,
665 2077 714 2139 καὶ
741 2075 855 2153 κίβηειε
878 2076 896 2153 ἡ
919 2076 1019 2154 πήρα,
1048 2076 1271 2155 ἢὴκιβωτό(
1294 2079 1377 2155 παρὰ

234 2187 272 2249 τὸ
294 2189 410 2250 κεῑεθαι
433 2186 497 2251 ἐκεῖ
518 2188 575 2263 τὴν
600 2186 696 2264 βόειν.
742 2183 833 2247 Haec
861 2183 925 2247 ille.
970 2183 1116 2247 Vniusne
1145 2184 1249 2268 igitur
1270 2185 1373 2249 Vrsini

236 2295 406 2378 ancipiti
435 2295 619 2358 testimonio
652 2295 729 2358 illud
765 2294 889 2377 credes,
928 2295 1015 2358 cuius
1043 2316 1102 2358 neo
1131 2294 1165 2356 in
1196 2299 1246 2358 tot
1269 2281 1373 2359 biblio

234 2405 337 2468 thecis
360 2405 472 2469 horum
488 2404 566 2471 CCL
581 2427 738 2469 annorum
756 2405 861 2488 spatio
883 2405 1065 2488 perquisitis
1087 2403 1138 2467 vel
1155 2407 1373 2470 tenuissimum

234 2515 407 2599 vestigium
429 2520 590 2599 repertum
617 2538 685 2579 esse
715 2516 854 2600 catalogi
877 2519 1032 2599 arguunt,
1061 2536 1121 2578 nec
1143 2514 1179 2578 in
1202 2520 1261 2579 tot'
1275 2539 1373 2601 gram-

234 2626 423 2689 maticorum
438 2626 528 2689 libris
543 2627 661 2690 totiens
676 2626 772 2690 Orum
790 2625 949 2689 Milesium
964 2625 1199 2689 antestantium
1215 2627 1268 2690 vel
1283 2626 1372 2692 semel

233 2735 370 2798 vidimus
392 2737 588 2800 mentionem
603 2736 696 2799 fieri?
724 2737 855 2819 Anceps
878 2736 963 2799 enim
978 2735 1053 2817 dixi,
1077 2734 1161 2818 quod
1184 2758 1227 2799 nc
1250 2759 1373 2801 neccsse

234 2846 361 2930 quidem
390 2847 454 2909 ullo
481 2850 576 2930 pacto
605 2851 653 2910 est
675 2847 731 2910 Ori
758 2847 863 2930 potius
884 2846 984 2929 ipsius
1006 2845 1270 2929 Etymologieum
1292 2848 1373 2911 Vrsi-

234 2980 293 3020 nus
323 2956 432 3021 citarit
459 2979 554 3041 quarn
582 2957 617 3019 in
646 2957 756 3041 quovis
785 2956 847 3019 alio
870 2955 1091 3040 Etymolegico
1120 2955 1177 3019 illa
1202 2958 1260 3021 Ori
1285 2960 1374 3023 verba

233 3072 359 3131 exstare
392 3067 595 3152 significarit.
641 3067 685 3130 Et
707 3067 742 3130 in
764 3067 849 3131 hanc
877 3066 1003 3150 quidem
1025 3066 1224 3131 sententiam
1247 3091 1283 3132 re
1305 3091 1373 3133 vera

182 3192 214 3240 72
233 3176 509 3261 interpretandam
543 3199 610 3240 esse
638 3177 749 3241 Vrsini
782 3176 997 3260 notationem,
1033 3198 1103 3240 cum
1137 3178 1187 3240 vel
1222 3179 1374 3265 Magnum

232 3287 491 3372 Etymologicum
513 3288 647 3351 suadeat
675 3292 708 3351 et
730 3287 928 3369 Gudianum,
961 3291 1029 3351 tum
1052 3286 1296 3354 evidentissime
1323 3290 1374 3354 Zo-

232 3420 328 3462 naras
351 3398 486 3480 evincit,
518 3397 630 3461 eadem
652 3399 853 3481 perscribens
880 3421 912 3482 p.
940 3397 1021 3460 1210
1047 3419 1128 3481 quac
1156 3400 1270 3480 posuit
1293 3400 1374 3464 Vrsi-

231 3532 302 3573 nus.
336 3548 378 3556 —
415 3508 477 3573 Sed
509 3508 594 3571 idem
627 3508 775 3572 videlicet
808 3509 865 3572 Ori
898 3507 1014 3572 Milesii
1046 3507 1312 3594 Etymologicum
1345 3512 1375 3574 in

232 3619 340 3683 codice
368 3619 584 3702 Neapolitano
617 3623 742 3682 exstare
770 3619 934 3682 Harlesius
964 3618 1101 3682 coniecit
1133 3616 1223 3685 Bibl.
1252 3644 1304 3707 gr.
1333 3620 1375 3686 w

229 3751 261 3812 p.
286 3730 348 3794 603
376 3734 409 3793 et
437 3729 520 3814 Vp.
546 3730 618 3795 786.
667 3729 828 3794 Nimirum
856 3728 938 3813 quod
966 3729 1142 3812 posteriore
1177 3730 1251 3795 loeo
1280 3733 1376 3817 speci·

229 3839 326 3903 minis
349 3862 461 3904 caussa
483 3840 618 3924 protulit
640 3840 768 3904 initium
790 3840 964 3921 (litterae,
988 3838 1188 3903 simillimum
1212 3847 1264 3906 est
1286 3844 1376 3908 initio

230 3949 283 4012 Et.
308 3950 431 4035 Magni,
455 3972 584 4033 prorsus
607 3955 715 4015 autem
736 3973 796 4034 par
818 3949 962 4014 Zonarae
984 3949 1144 4013 notationi
1167 3973 1202 4034 p.
1226 3954 1376 4018 59211011

229 4059 271 4121 ab
294 4059 387 4123 initio
409 4061 550 4144 positae,
580 4083 620 4124 ne
648 4084 712 4124 una
741 4061 868 4144 quidem
895 4059 1004 4123 littera
1030 4059 1220 4143 discrepans
1243 4065 1287 4127 ab
1311 4066 1377 4149 ipsc

229 4169 322 4233 initio
346 4168 629 4254 Gudianip.155,
655 4172 702 4235 12.
749 4170 839 4246 Quod
861 4170 1036 4254 praeterire
1059 4192 1124 4233 non
1147 4170 1292 4237 debebat
1316 4174 1376 4238 Gu-

179 4352 182 4356 y
229 4279 317 4343 eliani
341 4280 495 4345 editorem
517 4280 693 4365 Sturzium,
724 4302 781 4346 noa
805 4288 884 4346 male
904 4287 1079 4346 Harlesiam
1104 4290 1276 4347 coniecisse
1298 4284 1375 4347 iudi·

231 4395 357 4458 cantem
379 4393 481 4481 praef.
506 4393 541 4458 in
563 4391 715 4459 Orionem
737 4417 769 4481 p.
794 4391 841 4458 Vl
864 4393 937 4457 adn.
962 4393 1013 4458 25.
