2948 4996
498 319 618 366 anuvu
642 317 905 367 scarrronmvs.
1202 298 1265 362 455

125 476 210 539 haud
239 475 340 538 multo
366 472 471 536 minor
498 474 577 534 natu
605 468 812 533 Philochorus
842 467 893 555 [fr.
920 468 979 532 103
1002 466 1123 555 Muell.]
1147 466 1263 550 posuit,

125 586 270 649 videmur
296 581 572 667 Agathonioorum
605 601 675 663 cap.
700 578 730 643 V
764 576 871 666 [supra
893 601 925 661 p.
942 578 1004 642 415
1020 576 1101 665 sqq.]
1136 577 1264 640 demon-

125 700 260 777 strasse,
290 695 322 757 et
349 692 494 755 videmur
521 690 618 754 etiam
642 711 728 753 nunc
755 691 828 772 post
860 709 898 751 ea
930 709 1010 771 quae
1042 687 1077 750 in
1108 687 1171 750 alia
1200 708 1264 749 om-

125 806 181 871 nia
203 803 403 868 discedentes
424 801 641 865 disseruerunt
663 799 831 865 Clintonus
859 797 945 860 Fast.
974 793 1049 860 hell.
1073 820 1105 879 p.
1129 797 1191 860 238
1214 796 1262 860 ed.

125 915 259 999 Krueg,
288 911 442 976 Krebsius
468 910 656 974 Lectionum
683 908 813 973 Diodor.
844 930 875 990 p.
903 907 962 971 159
990 929 1070 990 sqq,
1105 928 1143 1000 ex
1172 909 1264 989 parte

46 1069 48 1072 <
126 1026 224 1090 etiam
257 1021 436 1086 Boeckhius
469 1019 563 1103 Oorp.
593 1019 688 1082 inscr.
713 1040 762 1103 gr.
786 1017 819 1080 ΙΙ
841 1039 872 1100 p.
889 1017 962 1081 341.
1016 1015 1107 1091 Quod
1121 1001 1195 1080 hon
1217 1023 1266 1079 est

125 1136 218 1199 huius
248 1134 309 1197 loci
338 1131 464 1195 uberius
492 1129 649 1214 persequi.
701 1126 913 1214 [Philippensi
940 1126 1111 1190 Muellerus
1145 1131 1177 1190 et
1204 1127 1264 1190 hoe

125 1245 344 1328 fragmentum
365 1240 480 1304 tribuit
501 1263 533 1323 p.
555 1239 598 1303 45
621 1241 653 1302 et
673 1236 900 1322 proximumV
920 1237 1047 1302 dubitat
1068 1259 1100 1321 p.
1123 1238 1165 1302 43
1188 1259 1265 1301 num

125 1355 168 1418 sit
190 1354 273 1417 forte
295 1348 522 1437 tribuendum]

211 1462 269 1549 (V)
299 1462 406 1545 Atque
428 1460 487 1524 has
509 1458 659 1522 historias
682 1458 873 1541 pertinuisse
902 1480 960 1541 per
982 1458 1059 1522 duos
1081 1458 1178 1522 libros
1201 1458 1264 1542 pri:

124 1595 193 1639 mos
229 1571 460 1636 Macedonieon
494 1572 527 1633 et
561 1572 685 1652 partem
721 1568 857 1631 sortasse
891 1568 996 1650 tertii,
1035 1568 1196 1653 colligitur
1225 1590 1263 1632 011
1320 1560 1321 1563 “

124 1681 287 1746 Athenaei
308 1681 364 1745 lib.
387 1679 595 1763 1111111629
618 1684 660 1742 D:
684 1679 873 1744 τελεςιάς·
903 1680 1104 1760 Μακεδονικὴ
1128 1680 1166 1743 δ”
1181 1680 1262 1744 ἐιτὶν

124 1793 205 1872 αὕτη
228 1791 372 1873 ὄρχηςις,
408 1793 427 1874 ᾗ
456 1790 647 1870 χρηςάμενοι
677 1789 706 1853 οἱ
734 1790 805 1869 περὶ
827 1789 1029 1868 Πτολεμαῖον
1053 1789 1262 1870 Ἀλέξανδρον

123 1905 182 1968 τὸν
216 1901 377 1966 Φιλίππου
410 1900 554 1981 ἀδελφὸν
590 1898 736 1972 ἀνεῖλον,
771 1898 816 1963 ῶς
847 1898 964 1977 tempo
998 1899 1183 1978 Μαρςύας
1222 1900 1263 1966 ἐν

124 2013 241 2095 τρίτῳ
260 2013 554 2077 Μακεδονικῶν.
577 2006 641 2071 Vix
657 2008 774 2092 dignus
792 2011 840 2071 est
856 2008 943 2072 cuius
960 2009 1009 2072 vel
1025 2030 1112 2072 error
1134 2012 1263 2074 notetur

124 2120 351 2187 Santacrucius
373 2120 411 2183 de
434 2118 584 2202 Philippo
600 2117 739 2193 Aridaeo
761 2118 925 2182 somnians
940 2117 1054 2182 Eram.
1079 2119 1149 2182 0111.
1173 2142 1205 2203 p.
1221 2121 1263 2186 45

104 2211 173 2296 ed.
197 2232 270 2295 alt:
293 2233 385 2293 tanta
408 2229 475 2292 eius
496 2228 529 2291 in
553 2227 614 2291 hac
638 2249 749 2290 caussa
764 2227 878 2291 levitas
893 2227 965 2292 fuit.
996 2228 1150 2312 Loquitur
1164 2229 1263 2293 Athe·

123 2363 224 2405 naeus
246 2341 285 2403 de
301 2339 484 2402 Alexandro
499 2337 531 2401 Π
547 2338 709 2422 Amyntae
731 2337 808 2420 filio,
833 2336 974 2422 Philippi
997 2342 1104 2402 autem
1127 2340 1262 2404 celeber-

123 2451 197 2514 rimi
218 2450 330 2530 fratre,
354 2458 489 2532 quem'a
511 2446 694 2511 Ptolemaeo
711 2447 837 2511 Alorita
859 2447 1086 2532 interemptum
1109 2449 1262 2516 archonte

122 2560 310 2645 Nausigene
332 2558 364 2622 h.
389 2580 416 2622 e.
441 2559 559 2641 olymp.
585 2557 656 2640 103,
683 2560 698 2620 1
723 2556 880 2621 Diodorus
904 2557 975 2641 XV,
1000 2560 1037 2623 71
1062 2559 1212 2643 prodidit.

209 2669 282 2755 (VI)
321 2667 510 2732 Paucissimi
542 2667 627 2731 inter
660 2666 720 2731 hoc
753 2671 878 2751 tempus
911 2672 944 2732 et
975 2669 1074 2753 ipsius
1107 2669 1296 2757 Philippi,e

123 2781 225 2865 patris
252 2776 430 2843 Alexandri
459 2778 515 2859 M,
552 2799 689 2861 regnum
720 2778 798 2840 anni
832 2777 993 2843 interiecti
1027 2784 1117 2844 sunt:
1155 2802 1171 2845 e
1200 2804 1262 2865 quo

124 2890 327 2974 consequitur
354 2889 389 2952 111
418 2891 531 2972 quarto
558 2887 640 2951 libro
668 2887 830 2972 Marsyam
858 2888 922 2952 iarn
956 2910 1023 2953 esse
1057 2890 1092 2953 in
1118 2890 1261 2975 Philippi

122 3000 218 3064 rebus
239 2999 339 3083 gestis
361 3002 532 3062 versatum.
564 2997 684 3061 Earum
699 3001 805 3061 autem
821 2999 1068 3082 enarrationem,
1092 3000 1155 3063 nisi
1177 3000 1260 3064 10110

121 3110 266 3191 ulterim,
291 3111 376 3173 certe
398 3109 438 3171 ad
462 3108 577 3171 librum
600 3109 769 3190 septimum
791 3110 993 3192 pertinuisse,
1019 3131 1089 3172 cum
1111 3132 1260 3175 numerus

122 3219 272 3283 denarius
301 3218 600 3283 commentariorum
622 3217 918 3300 Macedonicorum,
947 3219 1059 3302 quibus
1085 3241 1191 3283 rerum
1219 3221 1260 3284 ab
1375 3240 1379 3247 ’

122 3328 307 3392 Alexandro
340 3330 384 3392 M.
419 3333 584 3411 gestarum
610 3329 777 3392 minimam
809 3333 934 3411 partem
967 3329 1104 3411 scriptor
1137 3331 1258 3415 attigit,

119 3438 203 3502 facit
225 3441 261 3501 ut
282 3438 418 3501 libenter
441 3438 622 3518 credamus,
649 3440 719 3501 tum
746 3438 878 3501 suadere
900 3437 1114 3521 Harpocratio
1136 3440 1261 3504 videtur

123 3548 306 3630 compositis
324 3547 471 3630 Marsyae
493 3549 526 3611 01
545 3546 861 3630 Philippicorum
883 3548 1047 3631 scriptoris
1068 3549 1260 3614 testimoniis

122 3679 152 3718 r.
169 3654 393 3737 Μύρταύον·
416 3659 622 3737 Δημοςθένης
639 3657 720 3737 ὑπὲρ
738 3658 968 3739 Κτηςιφῶντος.
993 3660 1152 3740 φρούριον
1167 3660 1206 3740 ἦν
1223 3661 1259 3727 ἐν

121 3767 247 3851 Θρᾴκῃ,
267 3767 509 3846 ῶςΜαρςύαε
531 3768 833 3847 ὸπρεςβύτερος
856 3769 896 3833 ἐν
920 3770 1065 3853 ἑβδόμη
1089 3771 1259 3836 Μακεδο-

119 3881 241 3942 νικῶν
263 3878 314 3942 sul
328 3878 528 3956 Ἀναξιμένης
550 3878 585 3942 ἐν
602 3878 802 3942 Φιλιππικῶν
820 3904 845 3941 ι.
890 3877 954 3942 Vbi
970 3880 1184 3959 πρεςβύτερος
1201 3903 1259 3963 pro

118 3986 253 4069 vulgato
268 3985 344 4049 olim
359 3987 533 4066 πρεεβύτης
546 3987 643 4049 etiam
659 3986 757 4049 codex
767 3985 1043 4072 cantabrigiensis
1059 3989 1258 4054 academicus
1320 3981 1324 3990 ’

118 4093 188 4177 (Dd
209 4094 246 4176 4,
270 4094 343 4178 63),
377 4095 519 4175 upecssuf'
553 4094 830 4179 Cantabrigiensis
859 4097 985 4180 collegii
1008 4096 1064 4169 SS.
1088 4099 1258 4163 Trinitatis

117 4205 162 4288 (Ο
190 4206 217 4286 1,
241 4203 275 4287 5)
304 4203 380 4267 olim
403 4204 564 4267 Galeanus
591 4208 696 4286 tenet,
725 4207 861 4288 uterque
885 4207 983 4269 etiam
1011 4204 1038 4275 Z'
1064 4211 1256 4296 ρ1οόγδόη,

115 4313 175 4378 sed
198 4313 275 4377 item
298 4314 476 4399 Φιλιππικῷ
505 4336 577 4379 cum
598 4313 727 4400 reliquis
749 4315 912 4399 omnibus,
936 4317 1019 4403 quod
1040 4319 1093 4382 diu
1117 4322 1165 4384 est
1187 4342 1258 4385 cum
