3014 5010
415 343 461 389 ua
485 343 578 389 amu.
600 341 704 389 euax.
728 342 772 389 nr
794 341 1009 416 ersrsrasro.
1220 310 1281 388 135

225 495 315 571 Quod
344 498 450 558 autern
478 495 702 560 necessitatem
724 493 904 557 reiciendae
931 493 1081 578 vulgatae
1104 495 1281 578 scripturae

141 628 210 671 esse
232 606 482 670 demonstratam
504 605 636 689 negavi,
666 604 698 668 id
724 603 865 687 pertinet
887 604 928 666 ad
956 603 1180 688 gravissimum
1202 627 1280 668 sane

141 717 261 799 locum,
289 736 384 799 quem
411 715 476 778 iam
503 714 734 798 expediendum
762 713 856 777 nobis
885 736 953 777 esse
981 713 1145 778 sentimus.
1195 714 1281 779 Nam

140 826 224 910 quod
251 825 379 910 quidem
400 823 581 907 Heliodori,
611 825 637 888 si
664 824 860 908 propositam
883 846 902 887 a
924 822 1016 886 nobis
1044 823 1279 907 interpretatio-

108 922 112 928 ’
139 958 215 1000 nem
243 956 391 1015 sequare,
425 937 638 998 commentum
666 957 685 997 a
713 934 830 998 Tzetza
865 932 972 996 dedita
1000 954 1097 1016 opera
1130 933 1280 1017 redargui

139 1045 245 1128 vides,
268 1044 427 1127 idipsum
449 1044 490 1107 ab
513 1042 622 1107 eodem
637 1043 753 1108 Tzetza
775 1048 939 1127 tamquam
953 1065 1043 1106 suam
1065 1043 1104 1106 de
1119 1042 1280 1107 Pisistrati

139 1156 223 1219 curis
252 1145 431 1218 Homericis
458 1153 653 1217 senteutiam
679 1153 757 1217 alibi
789 1153 924 1237 proferri
955 1175 1026 1216 cum
1054 1151 1280 1236 Bernhardyns

138 1265 249 1329 docuit
284 1267 352 1328 tum
385 1263 535 1327 Lehrsius
567 1267 636 1327 tum
669 1264 847 1328 Cramerus.
906 1264 1071 1347 Fugerent
1107 1285 1165 1327 nos
1203 1285 1280 1327 sane

139 1375 275 1439 Taetzae
297 1374 395 1438 rerba
417 1374 450 1437 in
473 1372 612 1457 Exegcsi
634 1373 726 1437 lliad.
750 1396 781 1457 p.
798 1373 841 1438 45
862 1373 972 1437 Herm.
991 1373 1036 1456 (p.
1054 1373 1116 1437 773
1138 1395 1280 1456 nuperae

139 1484 289 1549 editionis
318 1483 616 1569 Bachmaunianac)
644 1487 676 1546 et
708 1483 788 1546 suis
805 1483 839 1546 i11
872 1487 973 1546 semet
999 1483 1128 1546 scholiis
1156 1505 1188 1566 p.
1220 1483 1281 1547 125

139 1594 231 1678 (825)
253 1593 370 1677 posita.
414 1592 501 1657 Hinc
528 1596 636 1657 sutem
663 1594 830 1674 πρόβλημα
858 1592 950 1656 uobis
973 1592 1106 1657 excitari
1135 1592 1281 1657 amiciter

137 1724 268 1767 monere
297 1703 460 1767 Lehrsius:
494 1725 620 1766 omnem
653 1703 933 1767 ratiocinationem
960 1707 1103 1766 nostram
1135 1703 1280 1767 funditus

139 1813 240 1877 everti
263 1813 473 1877 confidentius
495 1812 722 1897 Bernhardyus
745 1834 936 1877 asseverare.
982 1811 1067 1876 Huic
1089 1817 1280 1897 argumento

138 1927 173 1987 ut
210 1922 432 2006 responderet,
476 1923 538 1987 fuit
580 1923 633 2006 qui
671 1922 821 1987 Tzetaam
857 1922 951 1987 initio
988 1922 1101 1987 scholii
1137 1923 1280 1987 Plautini

139 2037 420 2097 commemoratum
442 2055 509 2097 non
531 2054 599 2097 esse
621 2032 792 2115 Ioannem,
815 2033 871 2096 sed
893 2032 1040 2097 Isaacum
1061 2033 1195 2097 fratrem
1217 2034 1280 2098 sibi

138 2144 355 2227 persuaderet.
413 2142 504 2218 Quod
544 2164 658 2226 parum
699 2147 747 2205 est
784 2142 983 2207 considerate
1020 2143 1151 2207 dictum.
1211 2142 1281 2207 Nec

139 2253 258 2336 poterit
290 2252 337 2316 illi
365 2252 508 2336 opinioni
540 2251 734 2336 praesidium
766 2252 840 2315 iude
873 2253 956 2336 peti,
990 2253 1073 2336 quod
1105 2252 1144 2315 de
1176 2253 1280 2336 poesis

139 2363 311 2447 generibus
344 2362 461 2426 similia
494 2384 572 2426 sene
605 2361 733 2426 scholiis
763 2362 921 2427 Plautinis
953 2384 1049 2445 supra
1079 2363 1217 2426 vidimus
1246 2363 1286 2443 in·

140 2473 375 2557 prolegomenis
402 2472 638 2556 Lycophroueis
667 2475 802 2537 exstare.
854 2473 938 2548 Qiros
965 2472 1092 2556 quidem
1120 2473 1154 2536 in
1181 2472 1280 2557 Lyco-

140 2583 302 2666 phronem
325 2582 569 2647 commentarios
596 2584 725 2646 tametsi
753 2582 962 2666 probabiliter
984 2570 1154 2647 Muellerus
1176 2586 1278 2666 praes.

138 2715 171 2776 p.
200 2692 326 2757 XXXII
354 2715 422 2776 sqq.
456 2692 687 2767 demonstravit
713 2692 850 2776 quodam
879 2692 971 2757 modo
1001 2715 1182 2758 communes
1212 2715 1280 2757 esse

139 2802 302 2886 utriusque
330 2803 481 2885 Tzetaae,
515 2803 586 2885 ipsa
614 2805 724 2866 tamen
750 2803 807 2866 illa
833 2803 1061 2888 prolegomena
1089 2804 1183 2867 unius
1211 2826 1279 2867 esse

138 2912 243 2976 lsaaci
281 2913 409 2996 proprie
443 2913 548 2977 verbis
585 2935 681 2995 supra
714 2913 749 2996 (ξ
781 2914 802 2977 3
835 2913 959 2996 adnot.)
997 2913 1103 2977 allatis
1139 2913 1278 2978 loannes

139 3025 277 3086 testatur
299 3022 430 3087 Hesiodi
456 3023 624 3106 interpres.
670 3022 716 3087 Vt
738 3026 844 3087 aretem
870 3028 997 3088 taceam
1020 3023 1150 3086 easdem
1175 3023 1279 3106 poesis
1393 3098 1399 3109 ³

139 3132 342 3196 defimtiones
370 3133 404 3196 in
427 3133 472 3197 eis
499 3132 613 3197 iambis
637 3136 778 3216 exstare,
808 3134 862 3218 qui
884 3156 950 3198 non
979 3137 1054 3196 sunt
1075 3132 1195 3215 Isaaci,
1224 3134 1279 3198 sed

139 3242 288 3307 Ioannis:
314 3242 443 3307 omnino
466 3242 630 3326 aliquanto
652 3245 723 3327 plus
745 3243 780 3306 in
803 3243 863 3307 hoc
885 3264 1002 3327 genere
1025 3242 1279 3306 testimoniorum

140 3352 215 3415 fidei
236 3352 440 3417 tribuendum
462 3357 541 3416 erat.
586 3353 696 3417 Videri
718 3358 853 3437 possunt
867 3353 969 3416 Issaei
993 3356 1100 3436 partes
1123 3353 1279 3436 quaedam
1299 3371 1329 3420 15

74 3465 78 3469 ’
140 3463 239 3525 etiam
259 3463 295 3526 in
317 3461 557 3545 interpretando
579 3463 719 3527 Pindaro
741 3463 854 3526 fuisse:
877 3462 978 3545 quode
999 3462 1070 3534 vide
1091 3462 1278 3527 Muellerum

141 3573 243 3656 praef.
273 3595 305 3656 p.
329 3571 495 3637 XXXVII.
526 3572 665 3637 XXXIX
693 3577 725 3636 et
753 3571 950 3637 Boechhium
983 3574 1084 3656 praef.
1116 3572 1214 3646 schol.
1245 3597 1276 3657 p.
1366 3580 1368 3582 ’

140 3682 284 3746 XXVIII
306 3682 512 3747 disserentes:
542 3683 595 3765 (ac
621 3683 808 3766 prodierunt
831 3685 915 3746 certe
941 3682 980 3746 de
1003 3682 1112 3746 mobis
1134 3682 1279 3753 Pindari-

141 3794 188 3857 cis
201 3792 306 3857 Isaaci
326 3792 424 3856 iambi
444 3793 478 3856 in
493 3793 622 3876 nuperis
641 3793 782 3858 Cremeri
798 3793 920 3856 Anecd.
938 3792 1011 3856 Par.
1035 3793 1049 3855 l
1066 3815 1097 3876 p.
1114 3792 1156 3858 59
1177 3816 1244 3877 sqq.
1256 3795 1278 3879 :)

139 3905 176 3967 in
207 3901 459 3985 Aristophanem
493 3902 641 3986 quicquid
673 3902 917 3967 Tzetzianorum
947 3903 1279 3967 commentariolorum

140 4013 281 4094 exstitit,
315 4012 356 4076 ad
384 4034 482 4076 unum
513 4012 667 4077 Ioannem
695 4013 832 4077 refertur
862 4013 1129 4077 constantissime.
1182 4012 1278 4078 Ouirrs
1368 4004 1371 4011 ⁵

139 4122 188 4187 rei
209 4123 401 4188 documenta
424 4125 576 4206 congesta
598 4122 741 4206 reperies
762 4124 803 4187 ab
826 4124 893 4188 Ott.
918 4123 1112 4188 Schneidero
1134 4123 1173 4187 dc
1195 4124 1276 4187 font.

139 4232 240 4297 schol.
266 4232 367 4296 Arist.
390 4232 500 4315 p.123
523 4255 590 4316 sqq.
617 4234 675 4297 127
697 4241 729 4297 et
750 4232 915 4298 Dindorfio
937 4235 1039 4318 praef.
1062 4234 1160 4298 sohel.
1183 4257 1215 4317 p.
1240 4236 1278 4298 12

139 4364 210 4426 sqq.
235 4341 284 4405 ed.
309 4342 368 4407 Ox.
393 4342 443 4426 (ut
464 4364 548 4406 vane
570 4341 612 4406 sit
626 4342 827 4426 Bernhardyi
847 4367 878 4427 p.
894 4345 956 4408 823
971 4344 1153 4428 dubitatio).
1192 4344 1279 4408 Indi·
