3008 5002
555 343 591 389 iu
614 340 896 391 saisioeuiunn.
1232 323 1307 386 233·

156 497 381 581 Bernhardyus
396 496 481 560 Hist.
504 496 566 560 litt.
590 516 696 579 graec.
715 493 745 577 l,
764 517 795 577 p.
812 495 873 558 367
890 492 1086 558 Callimacho
1101 493 1291 575 tribuenuit,

154 632 220 673 uon
247 609 317 672 sine
345 607 437 693 gravi
461 628 556 670 causa
579 605 618 670 ad
642 627 714 668 eum
739 604 941 668 referendum
967 625 1044 667 esse.
1090 603 1164 668 Non
1191 604 1295 687 potuit

154 724 261 784 autem
289 719 371 782 alius
398 718 428 781 11
455 718 543 781 loeus
566 716 725 801 assignari
754 737 849 798 quam
874 718 909 778 ut
936 715 1021 778 inter
1043 712 1240 778 Zenodotum
1262 719 1294 778 et
1317 754 1320 758 ·

153 829 416 910 Eratosthenem,
439 848 572 911 quornm
587 830 754 910 utrumque
776 825 988 889 bibliothecae
1003 825 1179 908 praefuisse
1194 826 1294 889 tradit

153 940 283 1023 Suidas,
307 939 429 1003 medius
451 937 673 1002 intercederet.
719 937 820 1020 Atqui
836 935 1030 1017 Zenodotus,
1054 958 1148 1019 quem
1171 937 1292 1000 Aristo·

153 1051 276 1134 phanes
292 1049 482 1133 Byzantius,
507 1050 565 1113 sub
586 1047 799 1132 olympiadem
818 1047 876 1111 130
896 1046 1293 1128 natus(cf.Ritsoheliun1

153 1184 185 1244 p.
209 1160 274 1245 79),
299 1182 377 1243 puer
399 1159 537 1241 audivit,
566 1158 750 1222 adolescens
772 1179 837 1221 non
864 1157 1000 1240 amplius
1023 1156 1132 1220 audire
1154 1158 1293 1241 potuisse

152 1270 278 1334 videtur
293 1270 395 1355 (Suid.
412 1294 442 1335 v.
459 1269 647 1353 Ἀριετοφ.),
671 1269 712 1332 ol.
731 1268 791 1332 133
806 1268 856 1332 vel
874 1267 935 1332 134
948 1270 1091 1332 mortuus
1113 1271 1171 1332 est.
1208 1267 1293 1333 Nam

153 1403 210 1445 cur
232 1380 272 1444 ad
293 1380 334 1445 ol.
355 1381 414 1446 135
435 1381 501 1444 eius
524 1381 624 1443 vitam
645 1378 801 1463 producat
816 1377 984 1443 Clintonus
999 1377 1086 1442 Fast.
1108 1377 1194 1442 Hell.
1211 1403 1242 1463 p.
1261 1381 1291 1461 7,

152 1513 219 1555 non
234 1491 325 1554 video
341 1492 458 1555 iustam
474 1512 612 1555 causam.
650 1489 721 1553 Hoc
736 1493 843 1553 autem
866 1492 1008 1572 tempore
1030 1511 1101 1552 cum
1116 1489 1292 1575 Euergetes

151 1622 288 1685 regnum
302 1602 478 1684 susciperet
493 1601 624 1685 (olymp.
644 1601 716 1681 133,
732 1600 778 1686 2),
801 1599 880 1663 nihil
903 1599 1010 1664 obstat
1031 1601 1198 1683 quominus
1214 1601 1292 1665 Era-

150 1711 334 1775 tosthenem
362 1711 523 1775 Zenodoto
551 1714 676 1775 mortuo
705 1711 814 1775 statim
841 1709 1072 1773 Alexandriam
1106 1713 1292 1776 arcessitum

151 1821 364 1886 bibliothecae
390 1822 589 1905 praefectum
617 1843 684 1885 esse
713 1822 864 1884 dicamus
909 1819 978 1895 Quo
1005 1820 1100 1884 simul
1126 1822 1291 1887 11111111-

150 1932 292 2015 quimur,
324 1936 360 1996 ut
388 1954 458 1996 cum
485 1933 561 1996 novi
588 1933 674 2017 regis
703 1931 870 2014 imperium
896 1934 965 1993 tum
992 1952 1106 1995 munus
1128 1933 1221 1996 modo
1244 1955 1290 1997 re-

150 2041 262 2106 lictum
285 2047 395 2126 aptam
418 2064 546 2107 oausam
568 2043 751 2126 praeberet,
776 2063 831 2105 cur
853 2041 1084 2104 Alexandriam
1105 2041 1290 2108 Eratosthe-
1309 2057 1359 2106 253

149 2173 208 2215 nes
236 2156 413 2217 vocaretur.
464 2153 575 2236 Neque
603 2153 733 2216 haerere
763 2151 912 2215 debemus
940 2152 974 2214 in
1002 2162 1055 2234 eo,
1085 2153 1167 2236 quod
1196 2154 1290 2219 Calli-

149 2261 282 2326 machus
304 2262 360 2326 illo
382 2264 502 2327 honore
518 2264 544 2327 si
560 2264 629 2347 quis
651 2263 731 2326 alius
754 2262 961 2346 dignissimus
976 2262 1098 2326 homini
1120 2265 1290 2348 peregrino

148 2372 346 2455 postpositus
374 2374 441 2437 111.1
477 2372 608 2438 Poterat
635 2373 721 2437 enim
748 2373 856 2436 nescio
884 2394 965 2456 quae
996 2388 1092 2437 causa
1120 2395 1204 2456 esse,
1236 2397 1291 2439 cur

148 2481 228 2545 illud
250 2504 380 2565 munus,
410 2484 493 2567 quod
516 2483 609 2567 quale
631 2483 728 2547 fuerit
750 2505 791 2547 ne
815 2486 1011 2567 compertum
1040 2484 1167 2567 quidem
1194 2485 1289 2550 habe·

148 2614 235 2673 mus,
264 2595 321 2655 aut
347 2593 409 2676 ipsi
436 2616 501 2658 non
529 2592 695 2657 offerretur
729 2598 784 2657 aut
810 2594 952 2658 oblatum
981 2595 1022 2658 ab
1051 2616 1087 2659 eo
1115 2618 1180 2660 non
1209 2596 1290 2661 acci-

147 2706 288 2785 peretur.

234 2812 423 2896 Quanquam
444 2813 504 2877 hoc
519 2814 662 2896 quidem,
686 2815 841 2898 siquidem
863 2815 902 2879 de
920 2815 1050 2879 Tabulis
1067 2816 1290 2882 Callimacheis

149 2926 292 3003 constat,
317 2922 381 2986 iam
403 2924 511 3008 exigui
532 2926 686 2988 momenti
709 2928 767 2988 est.
813 2925 949 2990 Gravius
970 2926 1056 2988 enim
1084 2926 1177 3009 illud,
1207 2927 1290 3010 quod

147 3031 210 3095 hoc
239 3033 421 3097 testimonio
444 3038 553 3116 erepto
581 3034 666 3098 aliud
704 3034 747 3098 de
776 3035 1013 3100 Callimachi
1047 3040 1181 3099 aetate
1218 3037 1289 3100 sub-

147 3142 308 3225 stituitur,
332 3143 415 3227 quod
437 3144 581 3226 quamvis
603 3150 699 3208 tenne
715 3146 774 3227 sit,
798 3146 957 3209 tamenin
973 3147 1096 3208 ineerta
1111 3147 1157 3210 rei
1172 3168 1288 3210 memo-

147 3251 198 3314 ria
226 3252 310 3316 haud
339 3254 606 3318 contemnendum
637 3260 694 3319 est.
755 3254 840 3319 Nam
868 3278 939 3319 oum
968 3257 1061 3319 certis
1090 3256 1288 3320 documentis

147 3364 240 3424 aetas
263 3362 322 3425 viri
345 3385 411 3427 non
434 3365 608 3427 constituta
631 3366 689 3449 sit,
719 3366 774 3429 alii
798 3365 960 3429 Zenodoto
983 3366 1116 3448 aliisque
1139 3367 1192 3450 qui
1215 3367 1289 3431 inde

147 3471 191 3535 ab
213 3472 333 3537 ultimis
361 3474 455 3556 primi
477 3474 654 3539 Ptolemaei
682 3476 776 3539 amris
798 3476 972 3539 floruerunt
1000 3476 1164 3559 aequalem
1191 3477 1289 3541 fuisse

146 3581 314 3662 dixerunt,
339 3584 393 3647 alii
415 3586 659 3669 posterioribus,
684 3607 816 3669 quorum
838 3586 936 3650 etiam
958 3608 1015 3671 per
1029 3586 1210 3671 Euergetas
1232 3588 1289 3651 im·

146 3691 271 3774 perium
294 3693 397 3777 glon'a
419 3695 589 3778 pertinuit,
618 3719 689 3759 eum
712 3696 935 3760 adiunxerant.
981 3696 1119 3771 Quorum
1147 3698 1288 3772 rationes

146 3805 184 3864 ut
205 3802 441 3885 perspiciantur
456 3809 488 3869 et
510 3829 586 3869 num
609 3807 684 3889 quid
707 3808 860 3870 momenti
883 3807 1034 3879 1111111111,
1052 3808 1135 3889 parti
1152 3831 1189 3872 ex
1205 3831 1288 3872 novo

145 3910 338 3975 docimiento
366 3915 497 3979 accedat
526 3916 743 4001 intelligatur,
778 3917 900 4001 reliqua
933 3917 1118 3981 testimonia
1146 3921 1178 3980 et
1207 3940 1287 4000 quae

145 4019 186 4083 111
216 4021 363 4085 nituntur
390 4026 567 4089 sententias
596 4027 772 4090 exammari
799 4048 928 4091 necesse
951 4031 1008 4090 111.
1055 4028 1105 4090 Ad
1134 4027 1288 4091 Zenodoti

145 4131 248 4214 igitur
276 4136 431 4215 aetatem,
461 4141 496 4198 ut
525 4136 559 4198 in
586 4137 817 4201 recentioribus
839 4138 1026 4218 subsistam,
1057 4136 1287 4202 Callimachum

143 4245 338 4304 revocarunt
360 4242 555 4309 Ritsohelius
577 4246 616 4309 de
639 4246 737 4310 schol.
761 4246 866 4310 Plaut.
891 4270 923 4330 p.
946 4246 997 4329 86,
1021 4247 1076 4331 qui
1099 4247 1139 4310 ab
1161 4247 1203 4311 ol.
1228 4249 1287 4311 114

143 4370 245 4433 usque
269 4349 308 4413 ad
331 4351 372 4414 ol.
399 4353 459 4417 135
482 4355 548 4418 eius
570 4356 670 4419 vitam
698 4357 889 4438 pertinuisse
916 4357 1093 4441 existimat,
1122 4356 1286 4422 Heokerus
