3014 5010
427 333 475 378 na
498 332 589 379 arna.
612 332 717 379 anax.
740 332 785 378 ar
807 331 1022 380 Prsrs‘rarro.
1234 317 1295 381 145

149 485 269 548 natos?
317 482 378 558 Qui
406 483 457 546 vel
484 483 530 547 sic
559 484 661 546 bonae
692 483 795 568 frugis
824 504 892 546 esse
919 482 1096 566 plenissimi
1123 488 1295 567 potuenmt

149 613 369 676 summamque
403 592 577 655 utilitatem
609 592 722 655 afferre
749 591 956 657 Callimacho.
1006 591 1081 656 Non
1113 615 1197 677 nego
1230 594 1294 657 ullo

149 703 244 766 modo
272 703 340 765 eius
366 700 451 765 modi
481 701 604 765 indices
626 700 658 763 h.
682 722 709 764 e.
735 702 869 766 πίνακα(
895 702 1021 784 saepius
1049 722 1116 765 esse
1139 703 1235 766 etiam
1260 704 1293 767 in

150 812 294 894 privatos
316 833 391 874 usus
413 811 605 893 descriptos:
629 810 688 874 hoc
704 811 790 892 dico,
815 811 937 874 nullam
959 831 1066 874 eorum
1088 812 1293 893 mentionem,

150 919 416 1005 quemadmodum
452 919 622 1002 plurimam
658 920 960 1001 Callimacheorum,
1003 920 1072 984 fieri
1113 926 1293 1005 propterea,

150 1030 234 1114 quod
257 1029 419 1093 rationum
433 1029 631 1112 expositione
654 1030 849 1113 carerent*).
880 1028 970 1092 ldem
992 1033 1099 1093 autem
1119 1030 1295 1095 transferre

150 1139 185 1202 in
208 1138 405 1202 Zenodotum
432 1138 524 1220 licet,
555 1138 608 1221 qui
635 1141 745 1201 tantos
767 1138 930 1220 scrupulos
953 1137 1162 1222 Bemhardyo
1184 1142 1292 1204 movit.

151 1248 211 1312 Cui
233 1252 270 1310 ut
298 1248 472 1330 largiamur
498 1268 569 1310 eam
595 1247 694 1311 fuisse
716 1246 889 1311 Zenodotei
916 1247 1055 1311 nominis
1078 1248 1295 1326 celebritatem

151 1378 281 1440 prorsus
298 1356 492 1420 tralaticiam
507 1377 568 1420 nec
581 1356 649 1419 fere
665 1356 706 1419 ab
718 1356 956 1420 Alexandrinae
971 1358 1087 1420 aetatis
1100 1358 1295 1441 cogitatione

151 1466 345 1548 seiunctam,
376 1468 411 1528 ut
439 1486 458 1528 a
486 1465 713 1548 posterioribus
737 1465 834 1528 etiam
860 1487 922 1548 quo
950 1487 1016 1530 non
1040 1466 1217 1549 pertineret
1238 1468 1295 1530 ali-

149 1575 274 1659 quoties
297 1574 527 1638 intruderetur:
549 1578 659 1637 tamen
682 1574 742 1638 hoc
764 1574 915 1657 quoniam
929 1596 996 1638 non
1017 1575 1095 1638 item
1116 1575 1152 1638 in
1174 1576 1294 1640 socium

149 1683 371 1748 Alexandrum
385 1683 536 1766 quadrat,
561 1683 702 1747 alienum
716 1683 810 1747 debet
831 1684 872 1747 ab
893 1684 954 1748 hac
976 1685 1161 1767 quaestione
1183 1686 1293 1749 videri.

149 1793 323 1857 Praeterea
344 1792 427 1876 quod
448 1794 591 1869 γλώεεαε
614 1793 790 1876 quidemst
811 1794 1022 1873 ὑπομνήματα
1043 1794 1180 1874 ἱετορικά
1196 1794 1294 1859 Zeno·

150 1903 217 1966 doti
234 1902 475 1966 commemorari
497 1902 559 1965 ait:
582 1901 621 1965 de
643 1901 756 1985 quibus
776 1902 848 1965 vide
864 1901 1200 1988 Schweighaeuserum
1215 1906 1294 1968 Ani·

148 2011 256 2075 madv.
282 2012 316 2075 in
338 2010 458 2075 Athen.
475 2012 537 2074 vol.
562 2009 608 2075 IX
629 2032 661 2093 p.
679 2010 757 2075 218:
787 2010 868 2074 nihil
896 2014 1002 2075 autem
1025 2034 1174 2096 umquam
1202 2013 1294 2078 istius

149 2122 237 2184 modi
271 2119 586 2202 commentariorum,
620 2119 805 2202 responderi
841 2120 1012 2203 dupliciter
1043 2125 1160 2204 potest.
1209 2121 1295 2186 Nam

150 2230 235 2294 idem
257 2230 312 2293 ille
327 2229 513 2294 Homericos
530 2229 772 2292 commentarios
788 2233 845 2292 aut
859 2229 988 2313 scripsit
1003 2234 1139 2294 autnon
1154 2231 1293 2314 scripsit.

149 2338 269 2415 Quodsi
293 2339 437 2421 scripsit,
465 2337 719 2421 respondendum
741 2359 782 2402 ne
804 2337 916 2402 horum
938 2339 1065 2422 quidem
1086 2361 1144 2423 per
1165 2341 1294 2424 amplis-

150 2450 232 2512 sima
259 2470 341 2532 quae
368 2450 538 2531 supersunt
564 2447 686 2511 scholia
708 2447 806 2511 ullam
828 2448 1021 2512 mentionem
1050 2449 1128 2513 fieri.
1174 2449 1294 2514 Contra

150 2558 178 2621 si
201 2558 290 2621 nullo
312 2558 511 2637 ὑπομνήματι
533 2556 727 2620 illustratam
743 2557 867 2622 ἔκδοειν
889 2559 1058 2638 Ὁμηρικήν
1080 2559 1239 2642 vulgavit:
1263 2561 1293 2623 id

150 2666 234 2750 quod
257 2670 330 2749 post
351 2665 504 2729 Wolfium
525 2664 704 2749 Prolegom.
729 2688 760 2749 p.
778 2664 891 2731 CCXV
914 2666 1007 2730 hodie
1028 2667 1096 2743 fere
1118 2689 1184 2731 uon
1207 2668 1295 2732 dubi-

149 2778 254 2838 tatur:
283 2774 358 2858 quid
387 2777 435 2838 est
458 2796 513 2838 cur
534 2795 600 2838 non
621 2775 699 2838 item
726 2775 760 2837 in
787 2775 887 2839 altero
914 2776 970 2839 illo
997 2797 1115 2861 genere
1143 2777 1296 2860 primaria

150 2905 249 2967 opera
272 2887 456 2947 contentum
482 2883 581 2946 fuisse
608 2905 739 2967 parcum
762 2883 921 2948 scribendi
944 2885 1046 2948 virum
1075 2885 1293 2969 concedamus,
1306 2893 1345 2958 '27

149 3014 340 3076 suorumque
366 2992 507 3056 indicum
534 2993 784 3057 enarrandorum
812 3015 921 3058 curam
948 2994 1113 3057 credamus
1146 2993 1217 3057 aliis
1248 3016 1294 3057 re-

149 3103 296 3184 liquisse:
330 3124 425 3185 quam
456 3100 583 3184 quidem
613 3123 702 3185 spem
730 3123 796 3165 non
829 3102 1009 3167 destituisse
1042 3107 1185 3186 posteros
1217 3103 1294 3186 ipsis

149 3210 356 3292 Callimachi,
387 3209 631 3293 Aristophanis,
662 3211 841 3276 Aristarchi
869 3212 1021 3295 exemplis
1049 3215 1192 3295 apparet.
1238 3211 1293 3276 Ce-

148 3325 255 3382 lerum
278 3320 305 3382 si
327 3341 347 3382 a
368 3325 564 3403 διορθωτικῷ
587 3341 705 3404 genere
720 3320 770 3383 vel
792 3321 1004 3384 alienissimus
1019 3322 1188 3404 Lycophro
1201 3319 1293 3385 Chal-

149 3428 290 3493 cidensis
305 3428 416 3492 fuerit:
439 3429 518 3492 satis
534 3450 680 3512 caussae,
705 3451 760 3493 our
781 3429 864 3493 istuc
885 3430 1061 3495 aCrameri
1084 3430 1295 3515 grammatico

149 3585 354 3593 ...n-m*-

213 3681 239 3746 *)
252 3680 337 3734 Recte
350 3679 462 3747 quidem
473 3679 596 3734 Naekius
608 3680 681 3735 Dias.
695 3680 729 3735 de
740 3679 846 3735 Gallim.
861 3681 964 3736 Hecale
977 3699 1004 3751 p.
1017 3689 1033 3736 5
1047 3682 1197 3751 [Opusc.ll‚
1207 3688 1223 3738 8
1233 3684 1296 3752 sq.]:

148 3777 226 3838 Quod
249 3779 413 3841 longissimam
437 3793 501 3841 opus
520 3777 665 3826 Callimachi
685 3779 768 3841 sitisse
788 3784 877 3842 pules,
899 3775 1010 3828 l'llvuru
1027 3783 1066 3828 vel
1082 3776 1208 3830 l'livuxuc
1226 3793 1294 3829 παν-

147 3867 286 3919 τοδαπῶν
305 3866 541 3933 (υΠραμμάτων,
560 3873 690 3934 seipsam
709 3871 806 3934 quidem
828 3872 924 3920 enomni
939 3871 1021 3932 fuisse
1039 3873 1194 3936 lonpitadine
1216 3874 1296 3922 existi

147 3963 282 4024 auserim,
305 3976 358 4009 cum
381 3961 452 4023 libri,
480 3961 568 4026 quitus
590 3963 654 4010 illud
676 3961 755 4011 Suida
783 3970 846 4011 leste
873 3964 998 4021 constitit,
1026 3972 1121 4013 centnm
1148 3973 1174 4014 el
1199 3950 1294 4027 alpina,

148 4061 247 4119 quanto
269 4054 362 4117 stupidi
387 4052 478 4102 ambitu
499 4053 610 4114 sarmul.
634 4056 778 4117 ignoretur,
806 4063 831 4104 el
854 4070 918 4120 qnae
941 4056 1086 4119 offeramur
1107 4073 1142 4106 ex
1164 4072 1194 4106 eo
1216 4071 1295 4120 opere

147 4149 187 4196 ila
209 4152 359 4208 comparata
381 4147 445 4206 siat,
469 4152 494 4194 ul
518 4146 634 4209 Catolopl
655 4147 801 4196 brevitatem
828 4147 945 4197 latuisse
975 4155 1051 4198 lolam
1079 4165 1142 4213 opus
1169 4149 1294 4202 videatur.

147 4236 237 4288 Recte
254 4234 325 4287 haec
336 4233 395 4286 ille:
415 4232 464 4287 sed
480 4238 589 4299 tamen,
607 4235 638 4287 ut
656 4251 742 4301 usque
755 4251 864 4302 quoque
877 4253 955 4290 suum
969 4237 1152 4291 Callimachus
1163 4237 1295 4290 iudicium

146 4326 362 4395 interposuerit,
380 4326 409 4378 id
427 4325 502 4393 quod
519 4344 534 4380 e
552 4327 717 4393 fragmentis
736 4328 896 4394 planissime
915 4331 1089 4401 perspicitur.

201 4431 244 4467 aa.
259 4429 424 4463 sisse-asari
444 4428 589 4463 causeum
610 4431 627 4465 ι,
1052 4416 1091 4478 10
