3222 5098
591 399 733 448 sanarer
757 397 904 446 sarira
1257 379 1320 444 113

178 576 371 642 quamquam
395 553 500 637 potuit
520 554 664 636 profecto
687 552 752 614 iam
773 551 814 614 01.
840 549 930 614 Xon
946 573 975 613 a.
992 549 1088 613 tertio
1110 551 1263 633 quartove
1286 549 1320 612 in

179 664 401 731 Macedoniam
423 661 612 747 migrare.*)

264 775 426 850 Quantum
454 775 561 836 autem
587 771 740 854 temporis
763 771 848 853 apud
870 770 1065 834 Archelaum
1088 769 1322 852 consumpserit

179 889 291 969 poeta,
321 906 387 947 non
415 881 494 946 satis
521 883 721 965 exploratum
749 883 808 944 est.
853 879 1014 944 Mortuum
1041 901 1110 943 esse
1137 879 1193 942 illo
1224 878 1320 942 etium

179 999 258 1059 tuno
279 995 439 1078 regnante
461 991 496 1055 in
518 991 724 1072 Macedonia,
748 990 939 1054 scholiastae
961 990 1066 1053 verbis
1089 1011 1185 1073 supra
1207 988 1321 1072 positis

181 1102 394 1169 demonstrari
416 1101 556 1165 arbitror
577 1100 772 1184 planissime.
803 1099 876 1164 Etsi
892 1099 977 1164 enim
999 1101 1088 1180 μέχρι
1112 1098 1190 1187 [τῆς]
1213 1101 1321 1165 τελευ-

180 1220 236 1294 τῆε
258 1214 355 1277 verba
378 1211 456 1275 adeo
479 1232 548 1274 esse
570 1211 702 1274 obscure
724 1210 829 1293 posite
853 1214 886 1274 et
906 1209 1056 1294 ambigue
1071 1210 1140 1274 visa
1161 1212 1236 1273 sunt
1255 1230 1322 1272 non

180 1323 294 1405 nullis,
323 1321 411 1385 velut
433 1320 552 1385 Wolfio
573 1321 595 1384 1.
621 1343 660 1405 a,
685 1323 721 1384 ut
752 1319 906 1384 Archelai
928 1343 970 1383 an
993 1323 1107 1403 poetae
1129 1319 1235 1383 obitus
1258 1319 1321 1402 sig-

180 1434 365 1497 nificaretur
392 1453 520 1514 prorsus
547 1431 649 1496 latere
671 1433 853 1514 putaretur:
875 1435 984 1494 tamen
1006 1429 1062 1492 illa
1085 1428 1229 1513 equidem
1251 1450 1321 1512 per-

180 1565 308 1606 suasum
330 1541 432 1606 habeo
455 1541 496 1604 ad
517 1541 694 1604 subiectmu
716 1540 947 1604 enlmtiationis
963 1539 1220 1625 grammaticum,
1238 1538 1322 1623 quod

182 1653 291 1716 estin
320 1655 417 1730 (υνῆν
444 1652 556 1733 verbo,
592 1671 660 1714 esse
693 1650 876 1714 referenda:
914 1672 994 1734 quae
1023 1649 1151 1734 quidem
1179 1652 1321 1714 constru-

181 1762 256 1826 endi
282 1761 365 1825 ratio
396 1781 457 1824 nec
483 1760 541 1824 ulli
569 1762 729 1844 repugnat
759 1760 923 1844 scriptoris
953 1759 1153 1842 testimonie,
1184 1763 1217 1823 et
1243 1760 1321 1822 adeo

63 1931 69 1936 .
183 1875 399 1935 consentanea
421 1874 470 1934 est
491 1870 642 1954 loquendi
670 1869 870 1953 simplicitati
891 1869 1163 1954 intellegendique
1186 1890 1321 1932 commo-

181 1981 292 2064 ditati,
322 1984 359 2044 ut
385 2002 451 2044 non
478 1980 572 2044 modo
599 1979 775 2063 simplicius
803 1979 930 2044 institui
957 1999 1022 2044 non
1045 1979 1186 2063 potuerit
1208 1979 1320 2060 oratio,

181 2090 236 2154 sed
259 2093 383 2171 contra,
406 2090 433 2153 si
448 2089 534 2174 regis
549 2111 635 2152 mors
650 2089 863 2174 significanda
884 2088 1009 2172 fuisset,
1033 2089 1133 2153 αὐτοῦ
1155 2088 1323 2173 genetivus

182 2201 291 2264 deesse
319 2199 408 2263 nullo
435 2199 529 2263 modo
556 2199 723 2283 potuisset.
773 2197 859 2263 Nam
886 2199 969 2283 quod
997 2198 1091 2262 multi
1117 2197 1324 2262 vehementer

182 2310 216 2372 in
243 2331 281 2373 eo
309 2308 371 2374 sibi
398 2309 548 2392 placentq
579 2311 615 2372 ut
647 2309 883 2393 grammaticis,
915 2308 1097 2373 scholiastis
1131 2307 1263 2391 aliisque
1290 2308 1323 2371 id

182 2441 284 2503 genus
307 2418 516 2501 scriptoribus
538 2418 660 2482 nullam
682 2419 832 2503 loquendi
853 2419 1104 2504 neglegentiam,
1128 2418 1251 2482 nullam
1274 2439 1323 2481 co·

181 2527 308 2612 gibaudi
342 2528 585 2610 perversitatem
613 2550 679 2592 non
714 2550 782 2592 esse
815 2529 948 2614 dignam
975 2549 1200 2614 usquequaque
1232 2528 1323 2592 iacti-

180 2641 253 2701 tent
277 2637 359 2701 mira
381 2637 528 2720 levitate,
553 2659 649 2721 saepe
673 2639 766 2702 credo
789 2639 987 2703 stomachum
1009 2641 1179 2703 moverunt
1200 2636 1322 2722 peritis.

181 2747 300 2822 Quodsi
328 2749 360 2810 et
381 2747 442 2811 hoc
465 2751 586 2811 certum
609 2753 782 2831 nancaei,
812 2771 878 2812 non
906 2753 979 2833 post
1001 2749 1042 2812 ol.
1066 2747 1170 2830 XOV,
1196 2750 1212 2811 1
1242 2770 1323 2812 mor·
1341 2763 1374 2810 11

182 2860 273 2920 tuum
296 2877 364 2920 esse
388 2856 609 2941 Agatheam,
638 2880 698 2922 nec
720 2858 799 2922 illud
820 2843 991 2943 repugnat,
1015 2835 1098 2943 quod
1120 2858 1236 2922 multos
1259 2857 1324 2921 iam

183 2987 287 3030 annos
315 2966 453 3030 Athenis
480 2965 612 3050 Agatho
636 2967 754 3031 afuisse
776 2968 893 3032 dicitur
919 2971 1024 3051 priore
1052 2967 1108 3030 illa
1137 2966 1323 3050 Apollodori

182 3074 268 3158 apud
290 3075 459 3140 Platonem
480 3077 665 3140 narratione
692 3076 823 3162 (quippe
845 3098 925 3161 quae
948 3077 1011 3140 alio
1033 3077 1171 3140 termino
1193 3076 1324 3139 delinia-

181 3188 235 3248 tur
257 3185 360 3268 nullo,
384 3185 447 3249 nisi
470 3185 553 3269 quod
575 3188 706 3250 etanta
728 3186 911 3271 Agathouis
933 3191 1083 3269 mortem,
1112 3185 1150 3249 de
1173 3208 1235 3269 qua
1257 3187 1323 3270 qui-

183 3295 256 3358 dem
285 3317 372 3358 nunc
393 3295 571 3379 quaeritur,
601 3298 633 3358 et
661 3300 736 3360 ante
759 3296 881 3360 obitum
904 3295 1061 3378 Socratis,
1089 3295 1150 3360 hoc
1178 3298 1324 3358 estante

253 3565 277 3634 ⁹⁶)
297 3564 399 3633 [Vnum
416 3565 502 3620 totius
525 3565 744 3620 ratiocinationis
767 3582 859 3630 rusae,
882 3565 932 3620 sed
951 3583 1013 3620 eum
1032 3566 1210 3632 acerrimum,
1228 3565 1324 3620 adver·

184 3657 289 3712 sarium
308 3659 437 3727 expertus
455 3677 528 3726 sum,
546 3660 689 3713 Ranarum
707 3657 843 3712 editorem
861 3658 1088 3713 Fritzsohium
1106 3678 1132 3728 p.
1153 3665 1183 3712 41
1204 3676 1274 3727 sqq,
1297 3659 1324 3712 in

181 3750 377 3820 Aristophanis
400 3752 493 3807 verbis
515 3769 571 3808 non
594 3751 684 3806 minus
708 3769 792 3819 quam
815 3751 844 3806 in
866 3752 1017 3807 Platonicis
1042 3751 1261 3822 interpretandis
1284 3752 1325 3805 ita
1365 3733 1373 3742 ⁸

183 3846 351 3910 versantem,
368 3847 401 3897 ut
412 3845 470 3900 fere
483 3846 517 3900 de
531 3845 646 3914 singulis
660 3845 829 3900 contrariam
841 3848 925 3913 atque
944 3863 1028 3913 quam
1046 3861 1099 3914 ego
1118 3845 1325 3914 proposuissem

181 3937 350 3992 sententiam
369 3939 538 4005 sequeretur.
576 3937 658 3992 Cuius
677 3940 843 4008 argumenta
861 3956 915 4008 quo
934 3915 1044 4008 saepius
1062 3939 1119 4006 legi
1137 3937 1233 4006 relegi,
1252 3937 1326 4004 cogi·

180 4030 240 4083 tavi
257 4029 418 4098 recogitavi,
436 4047 470 4086 eo
488 4031 590 4085 certius
607 4030 732 4085 intellexi
749 4031 817 4086 nihil
829 4034 886 4086 fere
898 4049 916 4084 a
928 4031 1079 4085 Fritzschio
1098 4032 1238 4100 prolatum
1256 4047 1325 4094 esse,

181 4123 256 4188 quod
274 4139 330 4176 11011
348 4123 397 4176 aut
414 4125 529 4177 rationis
554 4123 593 4176 ris
618 4127 646 4178 et
667 4123 820 4179 necessitas
838 4124 991 4193 redarguat
1009 4126 1058 4178 aut
1076 4124 1239 4193 simplicitas
1256 4122 1324 4175 iudi-

181 4215 265 4268 candi
283 4215 475 4284 sentiendique
494 4215 599 4270 sanitas
618 4216 785 4271 dissuadeat.
806 4249 838 4256 —
857 4217 985 4272 Ceterum
1004 4215 1168 4271 daPlatone
1186 4217 1325 4286 1110011111-

180 4307 258 4362 ribus
281 4311 426 4362 exsecutus
453 4312 497 4364 est
518 4309 652 4378 Iosephus
671 4309 840 4379 Spillcrus
857 4310 886 4363 in
906 4310 1141 4364 commentatione
1159 4309 1326 4363 scholastica

181 4399 369 4456 Gleiwitcensi
387 4401 454 4456 anni
473 4405 549 4469 1841,
568 4419 639 4468 quoe
657 4405 701 4456 est
718 4403 765 4456 ‘de
782 4403 955 4472 temporibus
974 4402 1098 4458 Convivii
1115 4402 1282 4474 Platonici’.]

236 4506 282 4543 ra.
303 4505 467 4542 nrrscaann
488 4504 672 4550 0111100111,
1080 4489 1121 4556 28
