2896 4996
434 429 437 435 s
516 365 564 417 nn
587 370 658 419 oao
681 368 726 417 sn
749 367 890 419 omonn.
1212 350 1275 420 639

127 525 168 590 τὰ
192 524 317 604 Γάγγρα
339 525 506 604 παρῆκται.
551 522 672 598 Quibus
694 524 762 607 ipse
785 522 968 607 Stephanus
990 522 1166 588 subnectit:
1192 525 1275 590 ἀλλὰ

126 637 181 701 καὶ
202 639 347 714 θηλυκῶτ
370 636 493 711 λέγεται
514 635 534 712 ἡ
558 636 578 698 Γ
580 636 683 713 άγγρα
706 655 733 697 e.
750 656 780 718 q.
800 655 825 696 s.
871 634 1028 719 Congruit
1050 635 1085 698 in
1107 633 1164 699 uri
1185 656 1275 718 prae-

128 747 259 828 ceptum
274 745 436 824 Δωρηνόε
451 744 570 825 forma,
595 765 633 808 cx
650 744 705 807 illo
720 744 857 808 fortasse
873 745 943 828 ipsa
958 745 1061 828 petita
1077 767 1095 808 a
1111 744 1275 827 Stephano

126 877 159 937 p.
186 855 264 937 166,
290 856 340 919 17.
393 855 541 918 Ceterum
570 853 761 918 emendandi
788 855 891 918 viam
920 855 991 918 aliis
1019 856 1154 939 probare
1182 855 1274 939 cupio

126 965 371 1048 restitutamque
393 965 604 1047 sententiam,
627 965 755 1049 singrda
775 965 873 1029 verba
895 965 1072 1053 minimc.*)
1086 1004 1129 1016 —-
1149 965 1189 1030 In
1204 965 1274 1030 loco

212 1236 237 1304 *)
257 1235 312 1304 [De
330 1235 383 1289 hac
400 1234 615 1305 impeditissima
633 1236 797 1304 quaestione
818 1252 875 1291 non
892 1236 961 1291 mihi
982 1240 1109 1308 tempero
1128 1237 1194 1306 quin
1212 1236 1274 1292 sub-

127 1329 287 1384 tilissimam
309 1328 443 1383 Lohrsii
467 1328 685 1399 disputationem
708 1330 843 1384 subiciam
866 1330 1005 1386 Censurae
1027 1350 1055 1401 p.
1073 1338 1124 1386 455
1147 1349 1188 1400 sq,
1212 1348 1275 1402 per-

106 1425 249 1490 textam,
267 1422 343 1476 ouius
361 1440 412 1478 nec
426 1424 584 1487 ‚Lobeckins
602 1424 768 1478 meminerat
785 1424 971 1492 Pathologiac
990 1425 1068 1479 elem.
1086 1425 1098 1478 1
1116 1443 1144 1494 p.
1165 1429 1212 1479 198
1231 1442 1272 1492 sq.

125 1534 179 1570 nec
200 1516 356 1571 Meinekins
379 1498 514 1585 Stephani
538 1516 579 1570 sui
601 1535 628 1586 p.
651 1524 689 1570 17.
714 1548 746 1555 -
769 1517 933 1571 ‘Ritsehelio
956 1518 1074 1572 debetur
1098 1519 1114 1571 Γ
1116 1520 1285 1586 ερμαρηνόε,

127 1627 180 1679 pro
201 1611 356 1678 Γερμανὸε,
378 1609 446 1664 item
472 1613 516 1664 rut
540 1612 576 1664 τὰ
596 1611 720 1677 Γέρμαρα
737 1613 802 1680 post
819 1612 855 1664 τὰ
873 1611 1025 1679 Θυάτειρα,
1048 1613 1077 1666 et
1094 1614 1131 1666 τὰ
1149 1614 1185 1679 μή
1204 1617 1246 1679 τῷ
1265 1630 1274 1665 ι

126 1720 179 1771 pro
196 1705 233 1757 τὰ
251 1705 360 1772 μέντοι,
379 1702 499 1770 deniqne
516 1703 604 1757 verba
621 1706 698 1771 πλὴν
716 1708 776 1758 τῶν
795 1705 834 1758 εἰ(
852 1722 871 1758 α
887 1706 1060 1772 οὐδετέρων,
1083 1706 1183 1759 lacuna
1200 1703 1274 1758 enim

125 1798 192 1865 post
211 1797 256 1850 καί
274 1795 362 1851 estin
387 1795 592 1864 Rehdigerano.
630 1795 684 1850 Sed
706 1797 827 1866 primum
848 1797 917 1852 levis
930 1794 1069 1853 ‘remansit
1091 1800 1202 1853 macula
1219 1800 1273 1852 δια·

127 1895 250 1956 φοροῑτο
267 1907 318 1958 pro
337 1892 494 1957 θιφοροῑτο,
513 1889 581 1944 item
600 1893 768 1958 Βοετρανόε,
786 1908 853 1944 nam
870 1908 888 1944 a
906 1894 1014 1959 Βόετρα
1027 1909 1082 1947 non
1099 1895 1144 1946 est
1156 1895 1273 1960 Βοετρα-

125 1985 190 2050 voc,
217 1983 265 2036 sed
289 1985 461 2051 Βοετρηνὸε,
483 2002 508 2037 v.
534 1982 629 2052 Steph.
654 2002 675 2036 s.
700 1985 821 2052 Βόετρα,
847 1986 966 2054 [dr-spo,
992 1987 1099 2053 Γάδαρα
1122 1986 1152 2039 et
1173 1986 1271 2052 Ἔγραε

56 2061 59 2065 ⁴
127 2075 202 2129 undo
221 2075 301 2129 simul
319 2079 400 2145 patet
417 2076 470 2130 hoc
487 2077 653 2130 vocabulum
671 2076 765 2130 autin
782 2077 874 2130 locum
892 2095 947 2131 non
972 2096 1050 2131 suum
1068 2078 1206 2146 migrasse
1224 2081 1273 2132 aut

125 2169 240 2237 omnino
263 2186 319 2224 non
342 2187 403 2224 esse
426 2187 444 2224 a
467 2167 618 2239 Stephano.
655 2170 750 2236 Tertio
773 2170 835 2224 loco
859 2188 915 2224 non
932 2171 1060 2240 procedit
1082 2171 1162 2226 ratio.
1199 2171 1272 2225 Nam

125 2279 198 2329 quae
217 2280 234 2329 ρ
252 2265 316 2316 ante
335 2266 489 2317 extremam
507 2264 625 2330 habent,
644 2281 678 2318 ea
694 2281 750 2317 non
768 2280 840 2332 pura
856 2266 933 2317 sunt:
951 2281 1041 2332 neque
1057 2264 1143 2334 igitur
1154 2267 1273 2334 possunt

126 2354 218 2424 excipi
236 2373 269 2410 cx
286 2357 370 2425 puris.
407 2356 514 2410 Deinde
532 2357 619 2411 verba
638 2358 677 2411 εἰ(
695 2375 713 2411 α
731 2359 806 2411 certe
824 2357 998 2411 incommode
1016 2358 1108 2424 illata,
1127 2376 1193 2412 nam
1211 2360 1273 2412 tota

125 2449 225 2517 regula
242 2467 298 2503 non
321 2452 364 2503 est
385 2449 439 2503 nisi
462 2449 496 2504 dc
518 2449 552 2502 iis
571 2467 642 2517 quae
665 2454 729 2504 sunt
751 2450 780 2503 in
798 2468 823 2504 α.
859 2451 985 2518 Denique
1008 2451 1075 2518 quid
1098 2454 1141 2506 est
1162 2454 1199 2506 τὰ
1222 2454 1272 2518 μὲν

124 2544 275 2610 aspiretis
293 2544 455 2611 Ἀγκυρανθ
479 2544 528 2597 aut
544 2543 738 2610 requirebatur
754 2546 790 2598 τὸ
808 2537 871 2612 μέν,
891 2547 967 2613 παρὰ
984 2547 1038 2612 τὴν
1056 2547 1211 2613 Ἄγκυραν,
1233 2562 1270 2598 sc.

125 2637 175 2703 ὄν,
199 2635 366 2697 αυῒίῒοκυιυ
387 2637 488 2690 lacuna
509 2635 658 2690 indicanda
679 2639 745 2706 post
767 2639 916 2704 Ἄγκυραν.
955 2638 1014 2692 Νοο
1034 2638 1088 2692 hoc
1110 2637 1272 2708 expeditum

124 2731 183 2797 est,
207 2745 255 2782 cur
273 2728 348 2784 dicat
373 2731 545 2799 Ἀγκυρανὸε
567 2730 793 2785 accommodasse
816 2748 846 2785 se
869 2730 905 2785 ad
924 2731 1066 2798 (ωρανὸε;
1092 2734 1206 2801 poterat
1227 2748 1271 2786 eo·

124 2822 191 2876 dem
208 2823 268 2877 iure
285 2823 344 2877 viee
363 2840 443 2879 versa
461 2824 593 2891 (ωρανὸε
612 2825 854 2879 accommodatum
871 2824 962 2878 dicere
980 2825 1017 2878 ad
1035 2826 1220 2893 Ἀγκυρανὸε,
1243 2824 1269 2879 h.

124 2934 148 2971 c.
168 2920 298 2970 neutrum
319 2920 444 2986 poterat:
466 2934 532 2971 nam
551 2919 722 2986 Ἀγκυρανόε
740 2921 769 2972 et
788 2919 921 2986 (ωρανὸε
939 2918 1039 2972 eadem
1060 2920 1159 2987 regula
1175 2921 1271 2972 tenen·

123 3013 178 3063 tur.
210 3010 285 3077 Non,
302 3011 428 3078 inquam,
446 3011 606 3080 expeditum
625 3015 679 3065 est:
698 3011 830 3081 expedias
848 3012 968 3066 fortasse
986 3012 1033 3078 sic,
1051 3014 1082 3064 ut
1099 3013 1198 3081 regula
1214 3029 1270 3065 non

124 3103 269 3158 contineat
290 3104 388 3158 Italica
416 3105 478 3171 (nec
500 3104 653 3159 Herodiani
679 3105 778 3173 regula
806 3105 953 3177 continet),
980 3122 1098 3172 quorum
1124 3105 1270 3160 character

123 3196 216 3250 estin
233 3200 311 3265 ανόε,
330 3197 358 3250 in
376 3197 446 3251 haee
463 3197 557 3265 igitur,
576 3215 647 3265 quae
665 3216 720 3252 uno
738 3199 835 3253 Italico
854 3198 981 3268 exemplo
998 3197 1163 3264 indicantur,
1180 3198 1269 3252 incur·

123 3290 194 3343 risse
213 3289 288 3345 dicat
307 3292 492 3360 Ἀγκυρανὸε,
513 3292 572 3345 fere
590 3292 621 3345 ut
638 3290 734 3361 Steph.
754 3292 788 3346 de
808 3292 903 3359 (ώρα,
922 3297 1061 3346 Pleoem'cr‘a
1083 3291 1164 3358 urbe,
1188 3291 1268 3345 dicit:

122 3385 159 3437 τὸ
177 3385 288 3438 ἐθνικὸν
307 3385 455 3454 (ωρανόε,
478 3387 517 3439 dic
541 3387 685 3439 Νωλανὸε.
719 3386 780 3439 Iam
802 3385 826 3438 si
843 3385 904 3451 quis
926 3402 944 3438 a
961 3402 1005 3439 me
1027 3383 1088 3454 ipso
1111 3386 1269 3453 expostulet

123 3479 157 3528 ut
173 3477 320 3531 emendem
338 3478 413 3545 quod
431 3481 460 3533 et
476 3477 505 3530 in
523 3478 691 3532 editionibus
711 3477 949 3547 corruptissimum
971 3481 1015 3532 est
1032 3496 1083 3533 nec
1100 3478 1136 3532 ab
1155 3481 1268 3533 auctore

123 3571 222 3624 nostro
239 3572 335 3639 potest
352 3574 481 3625 sanatum
498 3571 600 3639 videri,
621 3589 706 3625 uuum
728 3589 818 3641 paene
835 3588 887 3641 pro
906 3574 982 3625 certo
1004 3570 1212 3640 affirmaverim,
1230 3573 1267 3626 ab

121 3662 203 3717 initio
226 3680 259 3717 ca
281 3663 389 3718 ratione
407 3664 614 3734 procedendum
636 3683 697 3720 esse
716 3683 800 3733 quam
818 3665 957 3733 signifieat
973 3664 1042 3718 illud
1064 3665 1209 3734 vulgatum
1231 3668 1268 3720 τὰ

122 3758 219 3824 μέντοι
243 3759 327 3824 (solus
350 3759 561 3826 ltehdigcranus
585 3760 657 3812 αὐτά
675 3776 726 3826 pro
744 3761 790 3826 τά)
808 3761 838 3813 ct
856 3760 1001 3813 confirmat
1022 3759 1138 3814 lacunae
1157 3758 1267 3827 signum

122 3850 199 3916 quod
216 3850 245 3904 in
263 3851 395 3906 Perusino
418 3854 462 3906 est
484 3856 550 3921 post
571 3852 670 3918 Ὦροεε
695 3854 711 3905 ὁ
733 3855 763 3906 δὲ
780 3853 865 3921 Ὧροε
888 3855 924 3906 τὰ
949 3855 998 3917 μὲν
1017 3856 1054 3920 μὴ
1073 3855 1268 3920 καθαρεύοντα

122 3984 209 3997 .....
227 3947 264 3998 τὰ
283 3947 377 4011 μέντοι
395 3947 592 4013 καθαρεύοντα
608 3951 651 4015 τῷ
669 3964 687 4013 η
706 3948 780 4000 θέλει
792 3948 1010 4014 παραλήγεεθαι,
1028 3949 1113 4013 χωρὶε
1132 3947 1205 4013 εἰμὴ
1224 3951 1266 4014 τῷ

120 4054 140 4105 ρ
158 4040 389 4105 παρεδρευὸμενα
407 4042 561 4108 διφοροῑτο.
596 4039 725 4107 Reliqua,
745 4056 816 4106 quae
834 4057 976 4106 nunquam
995 4042 1072 4094 certa
1089 4040 1181 4106 crunt,
1204 4056 1267 4092 cum

119 4131 151 4184 in
168 4131 272 4185 talibus
291 4131 455 4189 eliciendum
474 4133 511 4186 sit
529 4133 594 4201 quid
611 4132 735 4202 potuerit
753 4117 886 4201 seriptum
904 4134 1000 4201 inisse,
1024 4132 1127 4202 duplici
1144 4132 1190 4186 via
1207 4135 1265 4185 ten·

120 4224 214 4291 taboz„
229 4225 296 4292 quid
317 4242 335 4279 a
351 4227 503 4281 Ritsohelio
526 4228 622 4295 petam
644 4245 677 4281 ex
695 4227 833 4296 prioribus
858 4227 950 4281 videre
968 4228 1045 4282 licet:
1070 4228 1197 4294 καθάπερ
1219 4227 1266 4279 ἐπὶ

118 4322 175 4371 τοῦ
196 4319 366 4387 Ἀγκυρανὸε
385 4325 429 4375 καί
448 4323 533 4374 πάλιν
550 4322 753 4390 Θυατειρηνόε,
774 4322 949 4389 Γερμαρηνόε
968 4323 1013 4375 καὶ
1033 4321 1205 4388 Γαγγρηνὸε·
1223 4320 1264 4372 ὼν

117 4414 157 4468 τὸ
176 4413 240 4479 μέν,
260 4416 336 4480 παρὰ
352 4418 407 4481 τὴν
425 4417 581 4482 Ἄγκυραν,
600 4416 781 4483 ευνεξέδραμε
799 4421 841 4482 τῷ
862 4415 1008 4483 (aparte,
1030 4417 1067 4469 τὰ
1089 4415 1119 4468 δὲ
1136 4415 1194 4468 ἀπὸ
1211 4416 1263 4466 τοθ
