2924 4996
414 303 572 351 morien
594 302 947 352 arnicassrssansrs.
1190 290 1253 354 519

108 457 149 519 de
163 456 225 519 fide
241 454 369 519 maioris
388 454 423 517 in
438 454 597 518 Vrbinate
618 454 817 539 integritatis
841 454 1024 519 coniectura
1045 457 1124 519 fieri.
1156 456 1253 520 Velut

109 586 220 628 omnes
247 565 282 627 in
310 587 343 628 se
371 564 515 629 veritatis
549 586 697 629 numeros
729 586 823 628 nemo
851 567 928 648 puto
956 564 1146 629 diffitebitur
1173 567 1253 631 haec

108 675 239 757 habere,
264 695 344 757 quae
366 673 453 738 infra
476 676 577 758 posui,
601 674 695 738 unius
710 674 879 738 Vrbinatis
901 674 1133 759 supplementa.
1164 676 1253 740 Libri

109 783 176 867 111,
200 785 255 847 72:
292 786 475 864 διηγήτομαι
503 788 539 849 δὲ
566 787 615 849 καὶ
641 786 700 850 τὸν
722 789 778 865 τῆ(
806 785 977 864 ἐπιβουλή(
1004 786 1128 866 τρόπον
1159 783 1251 871 [ἀπὸ

109 898 175 972 τῆ(
198 894 355 973 πρώτη(
378 895 659 974 ἐπιχειρήεεωτ
681 893 812 958 αὐτῶν
829 893 1074 979 ἀρξάμενοι]
1104 896 1253 975 ὁΝέβιοε

109 1005 232 1068 ἐκεῖνοτ
261 1006 324 1068 κτλ.
346 1041 388 1051 -
415 1002 478 1085 IV,
502 1004 560 1067 57:
594 1005 773 1083 ἐγέγραπτο
796 1005 830 1067 δ’
852 1003 887 1068 ἐν
914 1003 1008 1086 αὐτῇ·
1036 1005 1167 1082 μάλιττα
1195 1006 1252 1084 μὲν

109 1117 216 1178 ζῶντα
247 1117 448 1190 παραδοῦναι
480 1114 538 1177 τὸν
572 1113 643 1177 υἱὸν
677 1112 764 1196 αὐτῷ
798 1113 873 1195 [καὶ
907 1113 1128 1190 κομίζετθαι
1154 1116 1252 1199 τοὺτ

109 1223 491 1300 διωμολογημένον(
513 1222 707 1304 μιεθού(,]
737 1222 794 1286 ἐὰν
818 1223 853 1285 δὲ
875 1222 1033 1286 ἀδύνατοι
1056 1225 1091 1306 ᾖ,
1122 1224 1179 1302 τήν
1203 1245 1251 1299 κι-

109 1332 218 1410 φαλὴν
246 1331 450 1410 ἀποτεμόντα
476 1332 600 1410 πέμψαι
626 1331 722 1415 αὐτῷ.
745 1314 749 1320 ’
773 1329 837 1393 Vbi
860 1330 943 1413 quod
971 1329 1075 1394 deleto
1102 1332 1189 1415 αὐτῷ
1217 1333 1251 1394 in

109 1444 139 1502 B
155 1443 204 1502 est
219 1440 379 1504 ἀδύνατοι
394 1442 414 1523 ᾑ
430 1443 526 1505 τοῦτο
549 1442 618 1522 τὴν,
642 1440 702 1503 hoo
725 1439 853 1522 quidem
875 1439 1019 1522 exemplo
1042 1461 1110 1503 esse
1133 1443 1249 1523 potest,

107 1547 196 1631 quali
224 1548 262 1611 de
288 1570 407 1633 genere
439 1547 506 1611 sint
538 1571 617 1633 quas
646 1548 693 1611 illi
725 1548 806 1611 libro
840 1551 1036 1612 correcturas
1069 1549 1252 1631 tribuimus3

107 1658 247 1721 offensus
277 1657 362 1720 enim
395 1658 474 1721 satis
508 1658 662 1743 languido
694 1658 782 1743 αὐτῷ
815 1658 1004 1741 pronomine
1037 1659 1153 1741 voluit,
1187 1659 1250 1722 nisi

107 1767 267 1849 fallimur,
296 1766 447 1852 librarius
477 1768 535 1831 ἐὰν
564 1770 600 1831 δὲ
627 1767 805 1832 ἀδύνατον
836 1769 992 1851 ῄτοῦτο,
1022 1771 1078 1845 τὴν
1106 1771 1249 1847 κεφαλὴν

107 1875 312 1954 ἀποτεμόντα
345 1878 482 1957 πέμψαι;
514 1876 572 1940 sed
596 1876 684 1959 prius
712 1876 966 1940 additamentum
1000 1877 1078 1939 illud
1111 1877 1250 1951 serravit

108 1985 255 2068 profecto
277 2005 317 2047 ex
339 1986 512 2069 archetypo
535 1987 640 2071 su0.*)
655 2023 698 2036 n
719 1984 795 2049 Non
810 1986 918 2069 dispar
939 1987 1052 2049 horum
1074 1986 1156 2059 ratio
1178 2009 1250 2069 sup-

57 2113 62 2123 ·
107 2094 351 2178 piamentomm,
375 2116 456 2178 quae
478 2095 537 2158 soli
560 2102 584 2159 C
605 2117 675 2159 eum
692 2100 721 2158 B
743 2096 933 2178 communia,
958 2118 996 2159 ex
1019 2095 1159 2160 eiusdem
1181 2097 1249 2159 fon·

106 2204 167 2284 tis,
201 2203 316 2267 diversi
343 2226 362 2267 a
394 2203 537 2269 Chisiani
571 2205 681 2286 fonte,
716 2205 916 2288 praestantia
952 2205 1125 2288 repetenda
1163 2207 1248 2268 sunt.

105 2314 133 2394 1,
163 2313 219 2378 54:
257 2314 326 2378 ἐπεὶ
353 2316 434 2393 φέρε
462 2313 550 2380 τίνα(
577 2316 616 2379 ἂν
639 2314 737 2379 αἰτία(
765 2315 835 2394 ἔχοι
860 2335 906 2378 τι(
928 2315 1102 2381 ὑποθέεθαι
1123 2319 1190 2379 τῶν
1213 2316 1248 2379 ἐν

107 2423 221 2506 Ἰταλίᾳ
249 2423 348 2488 αὐτοῦ
370 2424 558 2506 μνημάτων,
592 2423 638 2504 [εἰ
664 2425 756 2502 μήτε
785 2424 875 2503 ἦρξε
902 2425 1056 2489 τούτων
1079 2428 1157 2489 τῶν
1181 2445 1249 2504 χω-

107 2534 201 2612 ρίων
223 2534 315 2611 μήτε
337 2533 625 2609 καταγωγὰεέν
641 2534 777 2598 αὐτοῖο
800 2534 1012 2612 ἐποιήεατο
1035 2535 1122 2612 μήθ’
1144 2533 1249 2597 δλωτ

107 2643 285 2719 ἐγνώεθη
312 2644 409 2722 πρὸ(
444 2641 612 2727 αὐτῶνι]
648 2644 723 2707 ἀλλ’
751 2643 831 2721 ὑπὲρ
866 2645 923 2721 μὲν
957 2644 1083 2708 τούτων
1117 2646 1179 2707 κτλ.
1206 2680 1249 2691 —

105 2751 167 2832 HI,
190 2752 247 2816 39:
270 2752 348 2829 μετὰ
369 2756 466 2816 τοῦτο
488 2752 632 2827 γίνονται
653 2753 799 2818 Λατίνων
820 2772 854 2816 τε
869 2755 919 2816 καὶ
935 2753 1101 2831 Ῥωμαίων
1126 2753 1248 2835 [μεγά-

106 2864 193 2924 λαι(
215 2861 402 2939 δυνάμεει
425 2863 782 2944 παραταξαμένων]
807 2861 905 2940 μάχαι
926 2863 1032 2927 διτταί.
1053 2899 1095 2909 -
1118 2860 1175 2941 IV,
1194 2860 1247 2923 15³

106 2970 153 3033 ὡ(
175 2973 211 3034 δὲ
233 2971 415 3036 Οὐενώνιοτ
435 2970 613 3050 ἱττόρηκεν,
642 2972 686 3036 εἰ(
708 2972 780 3050 μίαν
803 2993 837 3037 τε
860 2973 910 3036 καὶ
931 2973 1111 3051 τριάκοντα,
1137 2969 1248 3052 [titre

105 3080 177 3143 (ὺν
204 3082 286 3144 ταῑτ
314 3082 409 3144 κατὰ
438 3081 555 3144 πόλιν
585 3081 722 3146 οὔτοι(
752 3082 1080 3160 ἐκπεπληρῶιθαι
1103 3080 1171 3143 τὰ(
1193 3078 1248 3142 ἔτι

104 3190 170 3253 καὶ
192 3189 246 3254 εἰ(
266 3190 363 3268 ἡμᾶς
386 3189 640 3268 ὑπαρχούεα(
663 3192 875 3270 τριάκοντα
902 3191 962 3254 καὶ
984 3189 1119 3270 πέντε]
1143 3188 1247 3267 φυλάς

103 3301 171 3362 κτλ.
194 3335 234 3344 -
256 3297 313 3380 IV,
337 3299 393 3362 39:
422 3300 461 3363 τὰ
483 3300 561 3377 μετὰ
582 3304 682 3364 ταῦτα
704 3301 791 3365 δεινὰ
813 3302 870 3380 μὲν
893 3300 1083 3376 ἀκουτθῆναι
1112 3298 1137 3380 [,
1161 3303 1247 3360 θαυ-

101 3408 228 3487 ματτὰ
249 3409 291 3472 δὲ
312 3409 374 3472 καὶ
395 3407 538 3473 ἄπιττα
560 3411 801 3492 πραχθῆναι]
830 3413 886 3486 τῆ(
913 3407 1043 3472 ἀνοτίατ
1070 3406 1170 3470 αι’ποῡ
1192 3410 1246 3468 θυ-
1336 3477 1338 3483 y

100 3517 224 3595 γατρότ
246 3517 324 3596 ἔργα
345 3518 561 3596 παραδίδοται.

639 3690 659 3765 ξ
681 3687 712 3749 3.

192 3818 262 3883 Orsi
287 3841 393 3883 sumus
416 3841 435 3882 a
458 3819 701 3903 simplicissimis
725 3819 887 3902 exemplis.
928 3818 973 3880 At
988 3817 1074 3881 enim
1089 3816 1138 3878 vel
1154 3817 1260 3897 haee,-

95 3928 219 4014 quibus
248 3950 325 3992 sane
353 3929 423 3992 sine
450 3950 569 4013 magno
598 3927 647 3991 vel
675 3949 780 3991 rerum
808 3927 857 3990 vel
886 3927 1118 3990 sententiarum
1151 3925 1246 3988 detri-

171 4207 197 4272 *)
221 4207 271 4275 [Ex
293 4206 507 4275 interpolatione
534 4223 595 4260 esso
615 4207 695 4272 αὐτῷ
724 4203 839 4258 vitiosus
865 4203 893 4256 in
918 4204 1024 4269 πέμψαι
1048 4204 1127 4270 αὐτῷ
1153 4201 1246 4256 hiatus

90 4298 219 4370 arguit]
278 4350 285 4362 ,
333 4326 337 4334 »
