3008 5002
530 313 566 359 κγ
588 311 870 360 λιιτοτονκλυιτιιτ.
1203 293 1266 357 209

126 469 227 532 αὐτὸν
250 466 475 544 ἀπατήςαντες.
520 465 614 528 Ἀλλὰ
638 464 752 542 ῥητέον
774 465 823 527 καὶ
852 463 880 526 τί
901 469 946 546 τῷ
978 462 1035 545 βίιμ
1058 467 1156 526 ταῦτα
1184 466 1265 527 λυςι-
1286 476 1334 522 120

126 580 218 642 τελεῖ.
248 577 284 639 (Η
308 575 468 656 τραγῳδία
491 574 558 638 λύει
573 575 631 637 τὸν
655 574 740 653 βίον·
762 572 946 654 ήκωμῷδία
963 574 999 636 δὲ
1015 577 1151 654 ςυνιςτῷ
1175 579 1265 650 θυμε-

127 689 226 751 λικοῖς
249 687 285 748 δὲ
307 685 464 748 τοιούτοις
487 684 518 747 οἱ
540 684 667 761 ςάτυροι
689 683 907 760 καθηδύνουςι.
942 683 1060 760 λυρικοὶ
1083 683 1136 758 δὲ,
1162 683 1194 744 οἳ
1216 683 1266 745 καὶ

127 795 269 859 κυκλικοὶ
296 796 345 857 καὶ
373 794 573 872 διθύραμβοι,
601 794 620 870 ή
650 795 751 876 ᾔνουν
781 791 984 855 κυδαίνοντες
1007 791 1144 868 άθλητάς
1167 791 1265 866 ἀγῶςι

98 909 287 970 ὀνικῶντας
320 905 338 980 ἢ
372 902 494 981 ὕμνουν
527 903 688 966 Διόνυςον
722 903 741 979 ἢ
776 902 825 964 καὶ
862 901 990 979 ἑτέρους
1027 901 1129 964 θεούς.
1184 900 1267 964 Ἐπεὶ

127 1017 268 1077 τοςαιῖτα
298 1017 409 1092 ςαφῶς
438 1012 511 1089 ἡμῖν
541 1012 590 1074 καὶ
618 1011 781 1094 ςυντόμως
814 1010 945 1088 ἐρρήθη,
979 1011 1059 1088 φέρε
1093 1011 1143 1072 καὶ
1175 1008 1266 1072 ὅπως

128 1127 229 1186 ταῦτα
251 1123 291 1185 τὰ
313 1121 454 1200 δράματα
476 1122 666 1193 ἐδιδάςκετο,
689 1120 854 1183 διδακτέον
875 1140 936 1197 μοι.

213 1232 244 1293 4.
275 1232 414 1309 Πρῶτον
443 1233 500 1308 μὲν
528 1231 563 1294 ἐν
592 1230 709 1313 ἐαρινῷ
737 1235 835 1312 καιρῷ
870 1229 1133 1293 πολυαναλῶτοις
1165 1229 1265 1292 δαπά·

128 1361 199 1407 ναις
221 1340 497 1417 κατεςκευάῑετοή
520 1341 615 1417 ςκηνή
632 1339 826 1418 τριωρόφοις
843 1338 1080 1416 οἰκοδομήματι,
1103 1341 1264 1402 πεποικιλ-

81 1472 111 1508 ιο
127 1453 207 1529 μένη
230 1449 488 1527 παραπετάςμαςι
504 1449 553 1511 καὶ
576 1447 706 1511 ὀθόναις
729 1441 853 1512 λευκαῖς
869 1448 918 1511 καὶ
940 1447 1116 1524 μελαίναις,
1140 1448 1266 1526 βύρςαις

126 1581 161 1623 τε
178 1558 391 1634 παταγούςαις
407 1559 456 1621 καὶ
472 1557 695 1641 χειροτινάκτιμ
710 1559 794 1634 πυρὶ,
812 1557 963 1635 ὀρύγμαςί
978 1577 1011 1620 τε
1028 1557 1265 1632 καταγαίοιςκαῖ

125 1668 314 1747 ὑπογαίοις,
337 1670 386 1731 καὶ
401 1667 528 1731 ὑδάτων
550 1669 734 1744 δεξαμεναῖς
749 1666 793 1729 εἰς
813 1666 915 1730 τύπον
936 1666 1089 1743 θαλάςςης
1107 1667 1267 1744 ταρτάρου

127 1779 211 1859 ᾅδου
232 1772 398 1865 κεραυνῶν
419 1778 468 1840 καὶ
490 1780 648 1855 βροντῶν,
669 1780 728 1852 γῆς
748 1775 798 1838 καὶ
820 1776 951 1850 νυκτὸς,
974 1775 1128 1853 ούρανοῦ,
1149 1776 1267 1854 ἡμέρας

126 1889 179 1950 καὶ
202 1886 391 1964 ἀνακτόρων
415 1887 464 1948 καὶ
491 1886 624 1949 πάντων
653 1885 777 1948 ἁπλῶς·
806 1884 906 1948 αὐλάς
927 1905 961 1948 τε
985 1884 1024 1948 ού
1046 1886 1155 1963 μικρὰς
1180 1884 1266 1963 εἶχεν

82 2017 112 2055 1⁵
130 1996 369 2073 ἐξειργαςμένας
392 1995 442 2058 καὶ
464 1994 581 2072 ἀψῖδας
605 1994 647 2058 εἰς
677 1994 780 2058 τύπον
810 1993 906 2058 ὁδῶν.
950 1993 1015 2056 Διὰ
1037 1996 1094 2071 μὲν
1118 1993 1177 2058 οὖν
1200 1994 1266 2074 άρι-

127 2107 239 2184 ςτεράς
262 2104 379 2182 ἀψῖδας
401 2105 558 2182 ἐχώρουν,
581 2104 620 2167 ἂν
644 2104 688 2166 ῶς
711 2104 746 2167 ἐκ
769 2102 896 2166 πόλεως
924 2102 1002 2180 ήςαν
1027 2103 1199 2168 ὁδεύοντες
1222 2104 1266 2167 ῶς

126 2215 211 2291 πρὸς
234 2213 354 2290 ἀγροὺς
377 2213 426 2276 καὶ
447 2214 577 2291 θέατρα·
602 2213 642 2276 ἂν
665 2214 700 2276 δέ
723 2213 805 2291 πρὸς
828 2211 923 2275 πόλιν
947 2211 992 2274 ὡς
1020 2212 1055 2274 ἐκ
1081 2213 1224 2292 θεάτρων
1246 2214 1265 2290 ἢ

127 2323 184 2385 ἀπ’
206 2323 318 2399 ἀγροῦ,
341 2323 392 2384 διά
415 2324 524 2385 δεξιᾶς.
569 2322 708 2385 Τοιαῦτα
730 2323 787 2398 μὲν
810 2321 829 2398 ἡ
852 2324 907 2398 τῆς
930 2324 1043 2398 ςκηνής
1066 2322 1201 2401 ἐργαςῖα.

206 2430 237 2493 5.
254 2431 301 2494 Τὰ
314 2431 440 2509 ςκηνικὰ
455 2433 483 2493 δ’
498 2429 552 2493 ἀπ’
564 2432 660 2508 αὐτῆς
676 2431 857 2507 καλούμενα
872 2430 1015 2509 δράματα
1029 2432 1078 2494 καὶ
1089 2435 1267 2511 πρακτικῶς

82 2559 112 2596 20
128 2541 268 2604 ἐτελεῖτο
292 2540 341 2602 καὶ
363 2541 506 2615 λογικῶς,
544 2540 687 2603 (ύςταςις
710 2542 745 2604 δὲ
766 2540 892 2604 τούτων
909 2540 1031 2618 ὑπῆρχε
1054 2541 1092 2604 τὰ
1106 2545 1171 2604 τῶν
1190 2541 1266 2605 ύπο-

126 2653 245 2727 κριτῶν
260 2652 441 2727 πρόςωπο·
455 2648 613 2726 πρύςωπα
635 2651 681 2711 δέ
692 2652 758 2712 τοῖς
780 2650 838 2726 μὲν
853 2653 1011 2727 τραγικοῖς
1026 2651 1076 2713 καὶ
1091 2654 1267 2729 ςατυρικοῖς

127 2758 194 2820 ἀνὰ
216 2760 325 2822 δεκαέξ
347 2757 439 2835 ήςαν·
461 2758 480 2821 ὁ
504 2759 639 2836 κωμικὸς
661 2758 696 2821 δέ
722 2756 808 2836 εἶχεν
830 2744 881 2822 κδ·
910 2758 1109 2838 ἃπράςωπα
1138 2761 1266 2839 ὑποκρι-

127 2867 201 2929 τικὰ
227 2873 293 2949 τῶν
322 2870 421 2946 τριῶν
450 2872 603 2945 ςκηνικῶν
631 2867 827 2944 ποιημάτων,
855 2860 894 2930 τά
922 2867 1021 2931 οἰκεῖα
1047 2874 1092 2951 τῷ
1120 2870 1193 2931 καθ’
1220 2868 1267 2932 ἑνὶ

127 2975 239 3039 αὐτῶν
270 2978 321 3040 καὶ
343 2976 460 3058 οἰκείῳ
492 2977 705 3055 ἠθροιςμένως
739 2997 767 3040 τι
801 2980 944 3055 δρῶντα,
982 2978 1081 3056 χορὸς
1113 2977 1265 3041 ἐκαλεῖτο.

84 3104 112 3143 25
129 3086 308 3162 Διαιρεθεὶς
324 3087 359 3149 δὲ
381 3086 399 3149 ὁ
415 3086 513 3164 χορὸς
529 3085 571 3149 εἰς
587 3087 643 3163 μὲν
659 3086 800 3164 τμήματα
815 3086 885 3161 δύο,
907 3085 1053 3165 ἡμιχόρια
1069 3086 1266 3164 ὠνομάζετο,

127 3200 389 3273 παραχρηςτικῶς
417 3197 451 3258 δὲ
480 3195 528 3258 καὶ
557 3195 667 3272 χορός·
702 3194 728 3257 εἰ
757 3197 791 3259 δὲ
820 3195 863 3259 εἰς
892 3195 950 3258 ἕνα
978 3195 1035 3259 ἕνα
1067 3196 1181 3273 ἐτμήθη
1217 3195 1267 3258 καὶ

128 3304 269 3380 μερικὸν,
285 3302 450 3380 ὑποκριταὶ
465 3303 576 3366 ἁπλῶς
591 3305 768 3368 ἐκαλοῦντο
783 3309 881 3386 κοινῷ
896 3311 942 3388 τῷ
955 3304 1097 3382 ὀνόματι,
1114 3306 1213 3368 διὰτὸ
1226 3305 1265 3382 μὴ

128 3412 279 3475 δύναςθαι
295 3416 349 3493 μιᾷ
370 3412 472 3490 κλήςει
495 3415 742 3492 περιληφθῆναι,
760 3412 838 3476 ῶςὸ
860 3413 959 3490 χορὸς
981 3414 1090 3477 καὶτὰ
1112 3413 1266 3492 ἡμιχόρια.
1335 3394 1339 3401 ’

129 3521 341 3596 Διαιροῦνται
362 3521 423 3599 γάρ
445 3522 484 3586 τὰ
506 3523 615 3600 μερικὰ
637 3526 736 3585 ταῦτα
751 3521 794 3585 εἰς
817 3521 915 3591 πόςα;
938 3522 981 3585 εἰς
1003 3522 1266 3600 προλογίζοντας,

86 3653 114 3690 το
130 3629 174 3693 εἰς
199 3627 348 3705 ἄγγελον,
375 3630 416 3694 εἰς
440 3631 622 3706 ἐξάγγελον,
645 3631 688 3695 εἰς
710 3621 944 3708 καταςκόπους,
972 3632 1014 3696 εἰς
1037 3632 1198 3712 φύλακας,
1223 3632 1266 3696 εἰς

126 3737 254 3818 ἥρωας,
278 3738 323 3802 εἰς
345 3740 453 3816 θεοὺς,
475 3739 518 3804 εἰς
534 3739 616 3803 ἄλλα
631 3740 731 3820 μυρία.
761 3741 895 3805 Τούτων
911 3740 971 3806 οὖν
992 3745 1058 3805 τῶν
1080 3741 1265 3819 προςώπων
1286 3749 1332 3796 121

126 3848 166 3910 τὸ
200 3846 279 3911 ὅλον
313 3846 480 3926 ἄθροιςμα,
514 3849 532 3911 ὃ
567 3851 617 3913 καὶ
650 3851 748 3928 χορὸς
781 3850 936 3926 ἐκαλεῖτο,
969 3849 1108 3914 είςελθὸν
1137 3850 1179 3914 εἰς
1208 3853 1266 3929 τήν

127 3956 320 4034 ὀρχήςτραν,
343 3958 382 4033 ἣν
405 3957 528 4036 ἔφαςαν
550 3960 600 4021 καῖ
623 3962 752 4035 λογεῖον
773 3997 813 4006 -
829 3961 888 4037 τήν
907 3961 942 4022 δέ
962 3958 1128 4023 εἰςέλευςιν
1148 3960 1265 4037 ταύτην

195 4218 339 4272 meod.
392 4228 414 4275 3.
429 4220 455 4275 ol
468 4218 527 4276 cod.
584 4217 921 4292 [θοίκοδωμήμαςιοοά]
976 4228 1014 4276 14.
1028 4219 1192 4289 ἀνακτόροις
1206 4217 1266 4276 cod.

124 4311 178 4380 [26.
198 4312 249 4364 ἕνα
267 4314 335 4363 καθ’
352 4312 418 4365 ἕναῖ
452 4314 482 4367 F.
502 4315 544 4383 λλ]
1103 4334 1105 4337 ’

179 4414 226 4449 οτι.
248 4413 412 4450 maenum
433 4416 578 4453 ornacum.
599 4421 617 4460 ι,
1026 4404 1065 4464 14
