<?xml version="1.0" encoding="UTF-8"?>
<!DOCTYPE html PUBLIC "-//W3C//DTD XHTML 1.0 Transitional//EN"
    "http://www.w3.org/TR/xhtml1/DTD/xhtml1-transitional.dtd">
<html xmlns="http://www.w3.org/1999/xhtml" xml:lang="en" lang="en">
 <head>
  <title>
</title>
<meta http-equiv="Content-Type" content="text/html;charset=utf-8" />
  <meta name='ocr-system' content='tesseract 3.04.00' />
  <meta name='ocr-capabilities' content='ocr_page ocr_carea ocr_par ocr_line ocrx_word'/>
</head>
<body>
  <div class='ocr_page' id='page_1' title='image "./fridericiritsch04wachgoog_0660.png"; bbox 0 0 2896 4996; ppageno 0'>
   <div class='ocr_carea' id='block_1_1' title="bbox 471 347 1226 410">
    <p class='ocr_par' dir='ltr' id='par_1_1' title="bbox 471 347 1226 410">
     <span class='ocr_line' id='line_1_1' title="bbox 471 347 1226 410; baseline 0.003 -2"><span class='ocrx_word' id='word_1_1' title='bbox 471 363 517 409; x_wconf 82' lang='lat' dir='ltr'><strong>ou</strong></span> <span class='ocrx_word' id='word_1_2' title='bbox 541 360 610 407; x_wconf 83' lang='lat' dir='ltr'><strong>ouo</strong></span> <span class='ocrx_word' id='word_1_3' title='bbox 634 362 679 409; x_wconf 80' lang='lat' dir='ltr'><strong>uu</strong></span> <span class='ocrx_word' id='word_1_4' title='bbox 701 361 842 408; x_wconf 81' lang='grc' dir='ltr'>οιιιοιιο.</span> <span class='ocrx_word' id='word_1_5' title='bbox 1164 347 1226 410; x_wconf 80' lang='grc'><strong>647</strong></span> 
     </span>
    </p>
   </div>
   <div class='ocr_carea' id='block_1_2' title="bbox 71 515 1339 4476">
    <p class='ocr_par' dir='ltr' id='par_1_2' title="bbox 71 515 1339 4476">
     <span class='ocr_line' id='line_1_2' title="bbox 83 515 1227 599; baseline -0.001 -18"><span class='ocrx_word' id='word_1_6' title='bbox 83 522 167 581; x_wconf 89' lang='lat' dir='ltr'><strong>rent.</strong></span> <span class='ocrx_word' id='word_1_7' title='bbox 191 518 311 581; x_wconf 87' lang='lat' dir='ltr'><strong>—Ori</strong></span> <span class='ocrx_word' id='word_1_8' title='bbox 333 538 449 580; x_wconf 84' lang='lat' dir='ltr'><strong>nomen</strong></span> <span class='ocrx_word' id='word_1_9' title='bbox 466 515 630 599; x_wconf 77' lang='lat' dir='ltr'><strong>Stephano</strong></span> <span class='ocrx_word' id='word_1_10' title='bbox 652 517 857 579; x_wconf 72' lang='lat' dir='ltr'><strong>restituturus</strong></span> <span class='ocrx_word' id='word_1_11' title='bbox 879 515 1051 599; x_wconf 88' lang='lat' dir='ltr'><strong>aliquando</strong></span> <span class='ocrx_word' id='word_1_12' title='bbox 1074 516 1170 579; x_wconf 86' lang='lat' dir='ltr'><strong>etiarn</strong></span> <span class='ocrx_word' id='word_1_13' title='bbox 1193 518 1227 580; x_wconf 90' lang='lat' dir='ltr'><strong>in</strong></span> 
     </span>
     <span class='ocr_line' id='line_1_3' title="bbox 83 626 1276 711; baseline -0.001 -19"><span class='ocrx_word' id='word_1_14' title='bbox 83 629 135 692; x_wconf 90' lang='lat' dir='ltr'><strong>his</strong></span> <span class='ocrx_word' id='word_1_15' title='bbox 151 650 238 691; x_wconf 88' lang='lat' dir='ltr'><strong>eram</strong></span> <span class='ocrx_word' id='word_1_16' title='bbox 253 651 284 711; x_wconf 89' lang='lat' dir='ltr'><strong>p.</strong></span> <span class='ocrx_word' id='word_1_17' title='bbox 301 629 333 710; x_wconf 84' lang='lat'><strong>4,</strong></span> <span class='ocrx_word' id='word_1_18' title='bbox 350 628 406 692; x_wconf 76' lang='lat'><strong>32:</strong></span> <span class='ocrx_word' id='word_1_19' title='bbox 422 630 590 708; x_wconf 83' lang='grc' dir='ltr'>Ἄβαρνοε,</span> <span class='ocrx_word' id='word_1_20' title='bbox 606 629 699 691; x_wconf 85' lang='grc' dir='ltr'>πόλιε</span> <span class='ocrx_word' id='word_1_21' title='bbox 715 629 764 690; x_wconf 85' lang='grc' dir='ltr'><strong>καὶ</strong></span> <span class='ocrx_word' id='word_1_22' title='bbox 779 629 870 706; x_wconf 86' lang='grc' dir='ltr'>χώρα</span> <span class='ocrx_word' id='word_1_23' title='bbox 885 626 967 706; x_wconf 87' lang='grc' dir='ltr'>ἄκρα</span> <span class='ocrx_word' id='word_1_24' title='bbox 981 630 1037 705; x_wconf 78' lang='grc' dir='ltr'><strong>τῆ(</strong></span> <span class='ocrx_word' id='word_1_25' title='bbox 1052 629 1226 706; x_wconf 84' lang='grc' dir='ltr'>Παριανῆε.</span> <span class='ocrx_word' id='word_1_26' title='bbox 1274 630 1276 633; x_wconf 78' lang='grc'><strong>’</strong></span> 
     </span>
     <span class='ocr_line' id='line_1_4' title="bbox 82 737 1227 822; baseline -0.001 -19"><span class='ocrx_word' id='word_1_27' title='bbox 82 739 260 818; x_wconf 75' lang='grc' dir='ltr'>Ἡρόδοτοι</span> <span class='ocrx_word' id='word_1_28' title='bbox 288 741 323 803; x_wconf 81' lang='grc' dir='ltr'><strong>δὲ</strong></span> <span class='ocrx_word' id='word_1_29' title='bbox 350 739 386 803; x_wconf 78' lang='grc' dir='ltr'><strong>ἐν</strong></span> <span class='ocrx_word' id='word_1_30' title='bbox 413 740 546 822; x_wconf 88' lang='grc' dir='ltr'>τετάρτῃ</span> <span class='ocrx_word' id='word_1_31' title='bbox 575 739 689 819; x_wconf 83' lang='grc' dir='ltr'>ῳηελν,</span> <span class='ocrx_word' id='word_1_32' title='bbox 723 737 771 801; x_wconf 88' lang='grc' dir='ltr'>ὅτι</span> <span class='ocrx_word' id='word_1_33' title='bbox 799 738 943 818; x_wconf 84' lang='grc' dir='ltr'>Ἀβαρνίε</span> <span class='ocrx_word' id='word_1_34' title='bbox 969 739 1103 814; x_wconf 86' lang='grc' dir='ltr'>λέγεται.</span> <span class='ocrx_word' id='word_1_35' title='bbox 1145 739 1227 802; x_wconf 87' lang='grc' dir='ltr'>ἀλλὰ</span> 
     </span>
     <span class='ocr_line' id='line_1_5' title="bbox 83 830 1227 931; baseline -0.002 -17"><span class='ocrx_word' id='word_1_36' title='bbox 83 852 136 914; x_wconf 89' lang='grc' dir='ltr'><strong>καὶ</strong></span> <span class='ocrx_word' id='word_1_37' title='bbox 158 850 202 914; x_wconf 84' lang='grc' dir='ltr'><strong>ελε</strong></span> <span class='ocrx_word' id='word_1_38' title='bbox 224 870 269 914; x_wconf 85' lang='grc' dir='ltr'><strong>οε.</strong></span> <span class='ocrx_word' id='word_1_39' title='bbox 314 848 443 913; x_wconf 86' lang='lat' dir='ltr'><strong>Falsum</strong></span> <span class='ocrx_word' id='word_1_40' title='bbox 465 847 621 912; x_wconf 75' lang='lat' dir='ltr'><strong>Herodoti</strong></span> <span class='ocrx_word' id='word_1_41' title='bbox 649 830 867 911; x_wconf 79' lang='lat' dir='ltr'><strong>testimonium</strong></span> <span class='ocrx_word' id='word_1_42' title='bbox 889 848 1044 931; x_wconf 87' lang='lat' dir='ltr'><strong>putabam</strong></span> <span class='ocrx_word' id='word_1_43' title='bbox 1066 848 1113 911; x_wconf 85' lang='lat' dir='ltr'><strong>sio</strong></span> <span class='ocrx_word' id='word_1_44' title='bbox 1134 870 1227 931; x_wconf 88' lang='lat' dir='ltr'><strong>posse</strong></span> 
     </span>
     <span class='ocr_line' id='line_1_6' title="bbox 83 956 1227 1043; baseline 0 -21"><span class='ocrx_word' id='word_1_45' title='bbox 83 959 255 1023; x_wconf 87' lang='lat' dir='ltr'><strong>removeri:</strong></span> <span class='ocrx_word' id='word_1_46' title='bbox 271 959 377 1039; x_wconf 84' lang='grc' dir='ltr'>Ὦροε</span> <span class='ocrx_word' id='word_1_47' title='bbox 393 962 428 1024; x_wconf 81' lang='grc' dir='ltr'><strong>δὲ</strong></span> <span class='ocrx_word' id='word_1_48' title='bbox 443 961 479 1025; x_wconf 87' lang='grc' dir='ltr'><strong>ἐν</strong></span> <span class='ocrx_word' id='word_1_49' title='bbox 494 961 627 1043; x_wconf 85' lang='grc' dir='ltr'>τετάρτῃ</span> <span class='ocrx_word' id='word_1_50' title='bbox 652 959 759 1039; x_wconf 75' lang='grc' dir='ltr'>φηείνῑ</span> <span class='ocrx_word' id='word_1_51' title='bbox 783 956 901 1041; x_wconf 86' lang='lat' dir='ltr'><strong>quippe</strong></span> <span class='ocrx_word' id='word_1_52' title='bbox 923 958 1068 1040; x_wconf 84' lang='grc' dir='ltr'>Ἀβαρνίε</span> <span class='ocrx_word' id='word_1_53' title='bbox 1090 958 1227 1022; x_wconf 88' lang='lat' dir='ltr'><strong>formam</strong></span> 
     </span>
     <span class='ocr_line' id='line_1_7' title="bbox 84 1068 1225 1154; baseline 0.001 -21"><span class='ocrx_word' id='word_1_54' title='bbox 84 1092 197 1154; x_wconf 79' lang='lat' dir='ltr'>reapse</span> <span class='ocrx_word' id='word_1_55' title='bbox 230 1070 287 1135; x_wconf 90' lang='lat' dir='ltr'><strong>Ori</strong></span> <span class='ocrx_word' id='word_1_56' title='bbox 316 1069 507 1134; x_wconf 83' lang='lat' dir='ltr'><strong>auctoritate</strong></span> <span class='ocrx_word' id='word_1_57' title='bbox 540 1072 754 1133; x_wconf 79' lang='lat' dir='ltr'><strong>contestatam</strong></span> <span class='ocrx_word' id='word_1_58' title='bbox 786 1068 941 1133; x_wconf 89' lang='lat' dir='ltr'><strong>habemus</strong></span> <span class='ocrx_word' id='word_1_59' title='bbox 972 1069 1006 1132; x_wconf 93' lang='lat' dir='ltr'><strong>in</strong></span> <span class='ocrx_word' id='word_1_60' title='bbox 1039 1069 1147 1153; x_wconf 83' lang='lat' dir='ltr'><strong>Etym.</strong></span> <span class='ocrx_word' id='word_1_61' title='bbox 1180 1070 1225 1134; x_wconf 89' lang='lat' dir='ltr'><strong>M.</strong></span> 
     </span>
     <span class='ocr_line' id='line_1_8' title="bbox 84 1180 1227 1263; baseline 0.003 -20"><span class='ocrx_word' id='word_1_62' title='bbox 84 1204 116 1263; x_wconf 92' lang='lat' dir='ltr'><strong>p.</strong></span> <span class='ocrx_word' id='word_1_63' title='bbox 141 1180 177 1262; x_wconf 98' lang='grc'><strong>2,</strong></span> <span class='ocrx_word' id='word_1_64' title='bbox 204 1181 252 1244; x_wconf 86' lang='grc'><strong>13.</strong></span> <span class='ocrx_word' id='word_1_65' title='bbox 282 1181 339 1244; x_wconf 79' lang='lat'><strong>26:</strong></span> <span class='ocrx_word' id='word_1_66' title='bbox 376 1182 425 1245; x_wconf 86' lang='grc' dir='ltr'><strong>καὶ</strong></span> <span class='ocrx_word' id='word_1_67' title='bbox 456 1181 522 1245; x_wconf 86' lang='grc' dir='ltr'><strong>ἀπὸ</strong></span> <span class='ocrx_word' id='word_1_68' title='bbox 546 1180 668 1261; x_wconf 84' lang='grc' dir='ltr'>τούτου</span> <span class='ocrx_word' id='word_1_69' title='bbox 692 1181 864 1258; x_wconf 88' lang='grc' dir='ltr'>Ἀπαρνίδα</span> <span class='ocrx_word' id='word_1_70' title='bbox 892 1184 1060 1259; x_wconf 84' lang='grc' dir='ltr'>κληθῆναι,</span> <span class='ocrx_word' id='word_1_71' title='bbox 1091 1181 1170 1245; x_wconf 88' lang='grc' dir='ltr'>κατὰ</span> <span class='ocrx_word' id='word_1_72' title='bbox 1191 1183 1227 1246; x_wconf 84' lang='grc' dir='ltr'><strong>δὲ</strong></span> 
     </span>
     <span class='ocr_line' id='line_1_9' title="bbox 84 1289 1226 1375; baseline 0.002 -20"><span class='ocrx_word' id='word_1_73' title='bbox 84 1293 265 1371; x_wconf 84' lang='grc' dir='ltr'>ἐναλλαγὴν</span> <span class='ocrx_word' id='word_1_74' title='bbox 294 1296 353 1356; x_wconf 81' lang='grc' dir='ltr'><strong>τοῦ</strong></span> <span class='ocrx_word' id='word_1_75' title='bbox 383 1291 539 1371; x_wconf 83' lang='grc' dir='ltr'>ετοιχείου</span> <span class='ocrx_word' id='word_1_76' title='bbox 569 1290 737 1370; x_wconf 80' lang='grc' dir='ltr'>Ἀβαρνίδα</span> <span class='ocrx_word' id='word_1_77' title='bbox 764 1289 833 1373; x_wconf 83' lang='lat' dir='ltr'><strong>(ubi</strong></span> <span class='ocrx_word' id='word_1_78' title='bbox 861 1290 1012 1375; x_wconf 86' lang='lat' dir='ltr'><strong>vulgatur</strong></span> <span class='ocrx_word' id='word_1_79' title='bbox 1033 1292 1226 1372; x_wconf 84' lang='grc' dir='ltr'>Ἀπαρνίδην</span> 
     </span>
     <span class='ocr_line' id='line_1_10' title="bbox 84 1401 1226 1485; baseline 0.002 -21"><span class='ocrx_word' id='word_1_80' title='bbox 84 1405 117 1464; x_wconf 88' lang='lat' dir='ltr'><strong>et</strong></span> <span class='ocrx_word' id='word_1_81' title='bbox 145 1402 355 1485; x_wconf 83' lang='grc' dir='ltr'>Ἀβαρνίδην).</span> <span class='ocrx_word' id='word_1_82' title='bbox 401 1401 471 1476; x_wconf 78' lang='lat' dir='ltr'><strong>Qua</strong></span> <span class='ocrx_word' id='word_1_83' title='bbox 500 1401 684 1465; x_wconf 82' lang='lat' dir='ltr'><strong>coniectura</strong></span> <span class='ocrx_word' id='word_1_84' title='bbox 712 1402 856 1484; x_wconf 87' lang='lat' dir='ltr'><strong>quamvis</strong></span> <span class='ocrx_word' id='word_1_85' title='bbox 884 1404 1070 1484; x_wconf 85' lang='lat' dir='ltr'><strong>exoptatum</strong></span> <span class='ocrx_word' id='word_1_86' title='bbox 1099 1403 1226 1466; x_wconf 84' lang='lat' dir='ltr'><strong>nancis-</strong></span> 
     </span>
     <span class='ocr_line' id='line_1_11' title="bbox 84 1511 1227 1597; baseline 0.002 -22"><span class='ocrx_word' id='word_1_87' title='bbox 84 1533 196 1575; x_wconf 82' lang='lat' dir='ltr'><strong>camur</strong></span> <span class='ocrx_word' id='word_1_88' title='bbox 226 1512 322 1575; x_wconf 88' lang='lat' dir='ltr'><strong>libri</strong></span> <span class='ocrx_word' id='word_1_89' title='bbox 350 1511 514 1575; x_wconf 81' lang='lat' dir='ltr'><strong>Etlrnioon</strong></span> <span class='ocrx_word' id='word_1_90' title='bbox 543 1512 677 1595; x_wconf 88' lang='lat' dir='ltr'><strong>quarti</strong></span> <span class='ocrx_word' id='word_1_91' title='bbox 707 1512 940 1594; x_wconf 85' lang='lat' dir='ltr'><strong>testimonium,</strong></span> <span class='ocrx_word' id='word_1_92' title='bbox 975 1512 1015 1576; x_wconf 91' lang='lat' dir='ltr'><strong>ad</strong></span> <span class='ocrx_word' id='word_1_93' title='bbox 1042 1512 1227 1597; x_wconf 79' lang='lat' dir='ltr'><strong>fragmenta</strong></span> 
     </span>
     <span class='ocr_line' id='line_1_12' title="bbox 83 1622 1226 1708; baseline 0.004 -25"><span class='ocrx_word' id='word_1_94' title='bbox 83 1623 149 1684; x_wconf 83' lang='lat' dir='ltr'><strong>suis</strong></span> <span class='ocrx_word' id='word_1_95' title='bbox 172 1622 299 1705; x_wconf 82' lang='lat' dir='ltr'><strong>singula</strong></span> <span class='ocrx_word' id='word_1_96' title='bbox 322 1622 399 1685; x_wconf 86' lang='lat' dir='ltr'><strong>loeis</strong></span> <span class='ocrx_word' id='word_1_97' title='bbox 420 1622 641 1686; x_wconf 87' lang='lat' dir='ltr'><strong>distribuenda</strong></span> <span class='ocrx_word' id='word_1_98' title='bbox 663 1622 879 1705; x_wconf 87' lang='lat' dir='ltr'><strong>utilissimum,</strong></span> <span class='ocrx_word' id='word_1_99' title='bbox 902 1627 1012 1687; x_wconf 88' lang='lat' dir='ltr'><strong>tamen</strong></span> <span class='ocrx_word' id='word_1_100' title='bbox 1035 1645 1069 1687; x_wconf 90' lang='lat' dir='ltr'><strong>re</strong></span> <span class='ocrx_word' id='word_1_101' title='bbox 1092 1623 1226 1708; x_wconf 88' lang='lat' dir='ltr'><strong>diligen-</strong></span> 
     </span>
     <span class='ocr_line' id='line_1_13' title="bbox 83 1732 1227 1830; baseline 0.003 -37"><span class='ocrx_word' id='word_1_102' title='bbox 83 1732 148 1794; x_wconf 84' lang='lat' dir='ltr'><strong>tius</strong></span> <span class='ocrx_word' id='word_1_103' title='bbox 171 1733 333 1814; x_wconf 82' lang='lat' dir='ltr'><strong>pensitato</strong></span> <span class='ocrx_word' id='word_1_104' title='bbox 356 1733 389 1795; x_wconf 91' lang='lat' dir='ltr'><strong>in</strong></span> <span class='ocrx_word' id='word_1_105' title='bbox 412 1732 574 1796; x_wconf 87' lang='lat' dir='ltr'><strong>Holstenii</strong></span> <span class='ocrx_word' id='word_1_106' title='bbox 597 1733 792 1796; x_wconf 88' lang='lat' dir='ltr'><strong>sententiam</strong></span> <span class='ocrx_word' id='word_1_107' title='bbox 808 1735 1005 1813; x_wconf 85' lang='grc' dir='ltr'>Ἡρωδιανότ</span> <span class='ocrx_word' id='word_1_108' title='bbox 1027 1734 1227 1830; x_wconf 81' lang='lat' dir='ltr'><strong>restituentis</strong></span> 
     </span>
     <span class='ocr_line' id='line_1_14' title="bbox 84 1842 1226 1929; baseline 0.003 -24"><span class='ocrx_word' id='word_1_109' title='bbox 84 1842 224 1905; x_wconf 83' lang='lat' dir='ltr'><strong>concedo</strong></span> <span class='ocrx_word' id='word_1_110' title='bbox 247 1864 318 1906; x_wconf 87' lang='lat' dir='ltr'><strong>oum</strong></span> <span class='ocrx_word' id='word_1_111' title='bbox 341 1843 473 1908; x_wconf 82' lang='lat' dir='ltr'><strong>Osanno</strong></span> <span class='ocrx_word' id='word_1_112' title='bbox 501 1843 536 1906; x_wconf 94' lang='lat' dir='ltr'><strong>in</strong></span> <span class='ocrx_word' id='word_1_113' title='bbox 559 1843 694 1908; x_wconf 89' lang='lat' dir='ltr'><strong>Philem.</strong></span> <span class='ocrx_word' id='word_1_114' title='bbox 718 1866 750 1926; x_wconf 91' lang='lat' dir='ltr'><strong>p.</strong></span> <span class='ocrx_word' id='word_1_115' title='bbox 774 1845 854 1927; x_wconf 88' lang='grc'>306,</span> <span class='ocrx_word' id='word_1_116' title='bbox 884 1847 939 1907; x_wconf 88' lang='lat' dir='ltr'><strong>sed</strong></span> <span class='ocrx_word' id='word_1_117' title='bbox 968 1845 1053 1908; x_wconf 85' lang='lat' dir='ltr'><strong>hano</strong></span> <span class='ocrx_word' id='word_1_118' title='bbox 1081 1845 1226 1929; x_wconf 81' lang='lat' dir='ltr'><strong>equidem</strong></span> 
     </span>
     <span class='ocr_line' id='line_1_15' title="bbox 82 1953 1226 2037; baseline 0.003 -22"><span class='ocrx_word' id='word_1_119' title='bbox 82 1953 125 2015; x_wconf 91' lang='lat' dir='ltr'><strong>ob</strong></span> <span class='ocrx_word' id='word_1_120' title='bbox 148 1975 306 2034; x_wconf 80' lang='lat' dir='ltr'><strong>caussam,</strong></span> <span class='ocrx_word' id='word_1_121' title='bbox 331 1953 414 2037; x_wconf 88' lang='lat' dir='ltr'><strong>quod</strong></span> <span class='ocrx_word' id='word_1_122' title='bbox 437 1954 471 2017; x_wconf 93' lang='lat' dir='ltr'><strong>in</strong></span> <span class='ocrx_word' id='word_1_123' title='bbox 494 1954 564 2037; x_wconf 88' lang='lat' dir='ltr'><strong>ipso</strong></span> <span class='ocrx_word' id='word_1_124' title='bbox 586 1957 727 2037; x_wconf 89' lang='lat' dir='ltr'><strong>quarto</strong></span> <span class='ocrx_word' id='word_1_125' title='bbox 748 1959 805 2034; x_wconf 83' lang='grc' dir='ltr'><strong>τῆτ</strong></span> <span class='ocrx_word' id='word_1_126' title='bbox 827 1956 968 2020; x_wconf 83' lang='grc' dir='ltr'>καθόλου</span> <span class='ocrx_word' id='word_1_127' title='bbox 989 1955 1071 2018; x_wconf 90' lang='lat' dir='ltr'><strong>libro</strong></span> <span class='ocrx_word' id='word_1_128' title='bbox 1094 1956 1226 2019; x_wconf 88' lang='lat' dir='ltr'><strong>nomina</strong></span> 
     </span>
     <span class='ocr_line' id='line_1_16' title="bbox 82 2064 1226 2130; baseline 0.003 -4"><span class='ocrx_word' id='word_1_129' title='bbox 82 2064 115 2126; x_wconf 93' lang='lat' dir='ltr'><strong>in</strong></span> <span class='ocrx_word' id='word_1_130' title='bbox 147 2085 195 2128; x_wconf 84' lang='grc' dir='ltr'>νιε</span> <span class='ocrx_word' id='word_1_131' title='bbox 223 2064 404 2128; x_wconf 76' lang='lat' dir='ltr'><strong>desinentia</strong></span> <span class='ocrx_word' id='word_1_132' title='bbox 432 2066 473 2127; x_wconf 87' lang='lat' dir='ltr'><strong>ab</strong></span> <span class='ocrx_word' id='word_1_133' title='bbox 501 2064 685 2128; x_wconf 86' lang='lat' dir='ltr'><strong>Herodiano</strong></span> <span class='ocrx_word' id='word_1_134' title='bbox 712 2065 811 2128; x_wconf 89' lang='lat' dir='ltr'><strong>fuisse</strong></span> <span class='ocrx_word' id='word_1_135' title='bbox 838 2068 979 2129; x_wconf 75' lang='lat' dir='ltr'><strong>tractata</strong></span> <span class='ocrx_word' id='word_1_136' title='bbox 1009 2066 1154 2130; x_wconf 86' lang='lat' dir='ltr'><strong>novimus</strong></span> <span class='ocrx_word' id='word_1_137' title='bbox 1187 2089 1226 2130; x_wconf 86' lang='lat' dir='ltr'><strong>ex</strong></span> 
     </span>
     <span class='ocr_line' id='line_1_17' title="bbox 81 2173 1277 2259; baseline 0.003 -24"><span class='ocrx_word' id='word_1_138' title='bbox 81 2173 216 2236; x_wconf 86' lang='lat' dir='ltr'><strong>Arcadii</strong></span> <span class='ocrx_word' id='word_1_139' title='bbox 248 2176 430 2239; x_wconf 89' lang='lat' dir='ltr'><strong>summario.</strong></span> <span class='ocrx_word' id='word_1_140' title='bbox 477 2174 624 2240; x_wconf 81' lang='lat' dir='ltr'><strong>Ceterum</strong></span> <span class='ocrx_word' id='word_1_141' title='bbox 652 2176 849 2256; x_wconf 88' lang='grc' dir='ltr'>Ἡρωδιανόε</span> <span class='ocrx_word' id='word_1_142' title='bbox 883 2198 941 2259; x_wconf 90' lang='lat' dir='ltr'><strong>pro</strong></span> <span class='ocrx_word' id='word_1_143' title='bbox 969 2177 1144 2255; x_wconf 73' lang='grc' dir='ltr'>Ἡρόδοτοι</span> <span class='ocrx_word' id='word_1_144' title='bbox 1176 2177 1227 2240; x_wconf 89' lang='lat' dir='ltr'><strong>vel</strong></span> <span class='ocrx_word' id='word_1_145' title='bbox 1244 2187 1277 2235; x_wconf 79' lang='lat'><strong>59</strong></span> 
     </span>
     <span class='ocr_line' id='line_1_18' title="bbox 80 2284 1224 2370; baseline 0.003 -22"><span class='ocrx_word' id='word_1_146' title='bbox 80 2285 266 2363; x_wconf 85' lang='grc' dir='ltr'>Ἡρώδοτοε</span> <span class='ocrx_word' id='word_1_147' title='bbox 289 2286 481 2369; x_wconf 85' lang='lat' dir='ltr'><strong>quinquiens</strong></span> <span class='ocrx_word' id='word_1_148' title='bbox 503 2284 599 2348; x_wconf 90' lang='lat' dir='ltr'><strong>redde</strong></span> <span class='ocrx_word' id='word_1_149' title='bbox 616 2286 763 2350; x_wconf 87' lang='lat' dir='ltr'><strong>Gudiano</strong></span> <span class='ocrx_word' id='word_1_150' title='bbox 786 2309 816 2370; x_wconf 92' lang='lat' dir='ltr'><strong>p.</strong></span> <span class='ocrx_word' id='word_1_151' title='bbox 834 2287 887 2368; x_wconf 83' lang='lat'><strong>83,</strong></span> <span class='ocrx_word' id='word_1_152' title='bbox 903 2287 954 2351; x_wconf 87' lang='lat'><strong>53.</strong></span> <span class='ocrx_word' id='word_1_153' title='bbox 978 2285 1052 2370; x_wconf 86' lang='grc'>232,</span> <span class='ocrx_word' id='word_1_154' title='bbox 1075 2286 1127 2349; x_wconf 85' lang='grc'><strong>42.</strong></span> <span class='ocrx_word' id='word_1_155' title='bbox 1151 2287 1224 2370; x_wconf 87' lang='grc'>239,</span> 
     </span>
     <span class='ocr_line' id='line_1_19' title="bbox 79 2396 1225 2480; baseline 0.003 -22"><span class='ocrx_word' id='word_1_156' title='bbox 79 2396 112 2458; x_wconf 83' lang='lat'><strong>5.</strong></span> <span class='ocrx_word' id='word_1_157' title='bbox 141 2396 189 2457; x_wconf 88' lang='lat'><strong>14.</strong></span> <span class='ocrx_word' id='word_1_158' title='bbox 217 2397 264 2459; x_wconf 89' lang='grc'><strong>16.</strong></span> <span class='ocrx_word' id='word_1_159' title='bbox 288 2434 330 2444; x_wconf 86' lang='grc'>-</span> <span class='ocrx_word' id='word_1_160' title='bbox 353 2396 406 2459; x_wconf 76' lang='lat' dir='ltr'><strong>Sic</strong></span> <span class='ocrx_word' id='word_1_161' title='bbox 428 2396 627 2474; x_wconf 85' lang='lat' dir='ltr'><strong>revertimur,</strong></span> <span class='ocrx_word' id='word_1_162' title='bbox 650 2419 669 2459; x_wconf 90' lang='lat' dir='ltr'><strong>a</strong></span> <span class='ocrx_word' id='word_1_163' title='bbox 692 2418 753 2480; x_wconf 91' lang='lat' dir='ltr'><strong>quo</strong></span> <span class='ocrx_word' id='word_1_164' title='bbox 775 2396 1032 2480; x_wconf 82' lang='lat' dir='ltr'><strong>exordiebamur,</strong></span> <span class='ocrx_word' id='word_1_165' title='bbox 1062 2397 1103 2460; x_wconf 90' lang='lat' dir='ltr'><strong>ad</strong></span> <span class='ocrx_word' id='word_1_166' title='bbox 1125 2397 1225 2461; x_wconf 89' lang='lat' dir='ltr'><strong>Hero·</strong></span> 
     </span>
     <span class='ocr_line' id='line_1_20' title="bbox 81 2506 1225 2592; baseline 0.003 -24"><span class='ocrx_word' id='word_1_167' title='bbox 81 2506 230 2569; x_wconf 86' lang='lat' dir='ltr'><strong>dianmn:</strong></span> <span class='ocrx_word' id='word_1_168' title='bbox 264 2507 314 2570; x_wconf 88' lang='lat' dir='ltr'><strong>oui</strong></span> <span class='ocrx_word' id='word_1_169' title='bbox 336 2528 402 2570; x_wconf 89' lang='lat' dir='ltr'><strong>non</strong></span> <span class='ocrx_word' id='word_1_170' title='bbox 424 2507 610 2591; x_wconf 69' lang='lat' dir='ltr'><strong>de‘legibus</strong></span> <span class='ocrx_word' id='word_1_171' title='bbox 632 2509 760 2570; x_wconf 82' lang='lat' dir='ltr'><strong>tantum</strong></span> <span class='ocrx_word' id='word_1_172' title='bbox 782 2506 952 2591; x_wconf 82' lang='lat' dir='ltr'><strong>gentilium</strong></span> <span class='ocrx_word' id='word_1_173' title='bbox 973 2507 1225 2592; x_wconf 83' lang='lat' dir='ltr'><strong>formandorum,</strong></span> 
     </span>
     <span class='ocr_line' id='line_1_21' title="bbox 81 2616 1226 2702; baseline 0.003 -23"><span class='ocrx_word' id='word_1_174' title='bbox 81 2616 138 2679; x_wconf 88' lang='lat' dir='ltr'><strong>sed</strong></span> <span class='ocrx_word' id='word_1_175' title='bbox 165 2616 205 2679; x_wconf 90' lang='lat' dir='ltr'><strong>de</strong></span> <span class='ocrx_word' id='word_1_176' title='bbox 238 2616 373 2700; x_wconf 83' lang='lat' dir='ltr'><strong>singulis</strong></span> <span class='ocrx_word' id='word_1_177' title='bbox 404 2639 528 2700; x_wconf 85' lang='lat' dir='ltr'><strong>quoque</strong></span> <span class='ocrx_word' id='word_1_178' title='bbox 557 2617 739 2681; x_wconf 86' lang='lat' dir='ltr'><strong>nominibus</strong></span> <span class='ocrx_word' id='word_1_179' title='bbox 767 2618 850 2683; x_wconf 85' lang='lat' dir='ltr'><strong>Orus</strong></span> <span class='ocrx_word' id='word_1_180' title='bbox 878 2618 1065 2683; x_wconf 85' lang='lat' dir='ltr'><strong>adversatus</strong></span> <span class='ocrx_word' id='word_1_181' title='bbox 1094 2623 1144 2684; x_wconf 82' lang='lat' dir='ltr'><strong>est</strong></span> <span class='ocrx_word' id='word_1_182' title='bbox 1155 2671 1163 2702; x_wconf 95' lang='lat'><strong>,</strong></span> <span class='ocrx_word' id='word_1_183' title='bbox 1199 2621 1226 2684; x_wconf 88' lang='lat' dir='ltr'><strong>si</strong></span> 
     </span>
     <span class='ocr_line' id='line_1_22' title="bbox 82 2726 1339 2813; baseline 0.006 -23"><span class='ocrx_word' id='word_1_184' title='bbox 82 2726 241 2790; x_wconf 86' lang='lat' dir='ltr'><strong>oredimus</strong></span> <span class='ocrx_word' id='word_1_185' title='bbox 264 2726 420 2809; x_wconf 81' lang='lat' dir='ltr'><strong>Stephani</strong></span> <span class='ocrx_word' id='word_1_186' title='bbox 442 2749 507 2790; x_wconf 92' lang='lat' dir='ltr'><strong>non</strong></span> <span class='ocrx_word' id='word_1_187' title='bbox 531 2728 779 2811; x_wconf 87' lang='lat' dir='ltr'><strong>compendifaeti</strong></span> <span class='ocrx_word' id='word_1_188' title='bbox 802 2729 924 2813; x_wconf 85' lang='lat' dir='ltr'><strong>p.1.69,</strong></span> <span class='ocrx_word' id='word_1_189' title='bbox 946 2730 983 2793; x_wconf 87' lang='grc'><strong>13</strong></span> <span class='ocrx_word' id='word_1_190' title='bbox 1006 2730 1044 2794; x_wconf 91' lang='lat' dir='ltr'><strong>de</strong></span> <span class='ocrx_word' id='word_1_191' title='bbox 1067 2733 1226 2796; x_wconf 87' lang='grc' dir='ltr'>Δώτιον</span> <span class='ocrx_word' id='word_1_192' title='bbox 1335 2727 1339 2734; x_wconf 76' lang='grc'><strong>’</strong></span> 
     </span>
     <span class='ocr_line' id='line_1_23' title="bbox 80 2836 1226 2925; baseline 0.004 -26"><span class='ocrx_word' id='word_1_193' title='bbox 80 2836 266 2900; x_wconf 84' lang='lat' dir='ltr'><strong>testimonio</strong></span> <span class='ocrx_word' id='word_1_194' title='bbox 288 2837 386 2900; x_wconf 85' lang='lat' dir='ltr'><strong>variis</strong></span> <span class='ocrx_word' id='word_1_195' title='bbox 408 2837 621 2921; x_wconf 80' lang='lat' dir='ltr'><strong>gravibusque</strong></span> <span class='ocrx_word' id='word_1_196' title='bbox 643 2838 897 2911; x_wconf 85' lang='lat' dir='ltr'><strong>dubitationibus</strong></span> <span class='ocrx_word' id='word_1_197' title='bbox 920 2841 1068 2923; x_wconf 82' lang='lat' dir='ltr'><strong>obnoxio,</strong></span> <span class='ocrx_word' id='word_1_198' title='bbox 1093 2864 1226 2925; x_wconf 89' lang='lat' dir='ltr'><strong>quarum</strong></span> 
     </span>
     <span class='ocr_line' id='line_1_24' title="bbox 81 2947 1225 3035; baseline 0.003 -26"><span class='ocrx_word' id='word_1_199' title='bbox 81 2947 251 3010; x_wconf 86' lang='lat' dir='ltr'><strong>minimam</strong></span> <span class='ocrx_word' id='word_1_200' title='bbox 273 2952 398 3030; x_wconf 88' lang='lat' dir='ltr'><strong>partem</strong></span> <span class='ocrx_word' id='word_1_201' title='bbox 425 2947 511 3011; x_wconf 91' lang='lat' dir='ltr'><strong>idem</strong></span> <span class='ocrx_word' id='word_1_202' title='bbox 533 2948 587 3010; x_wconf 92' lang='lat' dir='ltr'><strong>ille</strong></span> <span class='ocrx_word' id='word_1_203' title='bbox 615 2949 726 3033; x_wconf 81' lang='lat' dir='ltr'><strong>tetigit</strong></span> <span class='ocrx_word' id='word_1_204' title='bbox 753 2951 902 3014; x_wconf 83' lang='lat' dir='ltr'><strong>Osannus</strong></span> <span class='ocrx_word' id='word_1_205' title='bbox 924 2973 957 3033; x_wconf 86' lang='lat' dir='ltr'><strong>p.</strong></span> <span class='ocrx_word' id='word_1_206' title='bbox 981 2952 1044 3015; x_wconf 86' lang='lat'><strong>305</strong></span> <span class='ocrx_word' id='word_1_207' title='bbox 1066 2974 1125 3035; x_wconf 93' lang='lat' dir='ltr'><strong>sq.,</strong></span> <span class='ocrx_word' id='word_1_208' title='bbox 1156 2951 1225 3014; x_wconf 92' lang='lat' dir='ltr'><strong>nul-</strong></span> 
     </span>
     <span class='ocr_line' id='line_1_25' title="bbox 80 3056 1225 3140; baseline 0.005 -20"><span class='ocrx_word' id='word_1_209' title='bbox 80 3058 148 3120; x_wconf 87' lang='lat' dir='ltr'><strong>lam</strong></span> <span class='ocrx_word' id='word_1_210' title='bbox 170 3056 316 3140; x_wconf 85' lang='lat' dir='ltr'><strong>Heynius</strong></span> <span class='ocrx_word' id='word_1_211' title='bbox 339 3059 373 3121; x_wconf 89' lang='lat' dir='ltr'><strong>in</strong></span> <span class='ocrx_word' id='word_1_212' title='bbox 390 3058 500 3122; x_wconf 86' lang='lat' dir='ltr'><strong>Iliadis</strong></span> <span class='ocrx_word' id='word_1_213' title='bbox 524 3059 641 3123; x_wconf 76' lang='lat'>3594:</span> <span class='ocrx_word' id='word_1_214' title='bbox 663 3060 778 3140; x_wconf 84' lang='grc' dir='ltr'>ἐκλήθη</span> <span class='ocrx_word' id='word_1_215' title='bbox 801 3063 837 3126; x_wconf 84' lang='grc' dir='ltr'><strong>δὲ</strong></span> <span class='ocrx_word' id='word_1_216' title='bbox 859 3062 991 3127; x_wconf 87' lang='grc' dir='ltr'>Δώτιον</span> <span class='ocrx_word' id='word_1_217' title='bbox 1014 3062 1081 3127; x_wconf 91' lang='grc' dir='ltr'><strong>άπὸ</strong></span> <span class='ocrx_word' id='word_1_218' title='bbox 1104 3063 1225 3127; x_wconf 87' lang='grc' dir='ltr'>Δώτου</span> 
     </span>
     <span class='ocr_line' id='line_1_26' title="bbox 71 3169 1224 3250; baseline 0.003 -17"><span class='ocrx_word' id='word_1_219' title='bbox 71 3173 142 3239; x_wconf 81' lang='grc' dir='ltr'><strong>,τοῦ</strong></span> <span class='ocrx_word' id='word_1_220' title='bbox 164 3169 333 3244; x_wconf 83' lang='grc' dir='ltr'>Πελαεγοῦ</span> <span class='ocrx_word' id='word_1_221' title='bbox 355 3171 479 3246; x_wconf 83' lang='grc' dir='ltr'>παιδόε,</span> <span class='ocrx_word' id='word_1_222' title='bbox 511 3170 556 3234; x_wconf 88' lang='grc' dir='ltr'><strong>ὼε</strong></span> <span class='ocrx_word' id='word_1_223' title='bbox 578 3172 776 3250; x_wconf 69' lang='grc' dir='ltr'>Ἡρωδιανὸς</span> <span class='ocrx_word' id='word_1_224' title='bbox 798 3172 834 3236; x_wconf 86' lang='grc' dir='ltr'><strong>ἑν</strong></span> <span class='ocrx_word' id='word_1_225' title='bbox 857 3169 898 3250; x_wconf 90' lang='grc' dir='ltr'><strong>η’·</strong></span> <span class='ocrx_word' id='word_1_226' title='bbox 922 3174 1039 3236; x_wconf 88' lang='grc' dir='ltr'>Δώτοε</span> <span class='ocrx_word' id='word_1_227' title='bbox 1062 3173 1081 3236; x_wconf 90' lang='grc' dir='ltr'>ὁ</span> <span class='ocrx_word' id='word_1_228' title='bbox 1102 3174 1224 3237; x_wconf 84' lang='grc' dir='ltr'>Πελαε-</span> 
     </span>
     <span class='ocr_line' id='line_1_27' title="bbox 81 3279 1224 3362; baseline 0.004 -19"><span class='ocrx_word' id='word_1_229' title='bbox 81 3283 161 3356; x_wconf 74' lang='lat' dir='ltr'><strong>rori,</strong></span> <span class='ocrx_word' id='word_1_230' title='bbox 189 3279 252 3359; x_wconf 79' lang='grc' dir='ltr'><strong>ἀφ’</strong></span> <span class='ocrx_word' id='word_1_231' title='bbox 275 3279 315 3343; x_wconf 84' lang='grc' dir='ltr'><strong>οὑ</strong></span> <span class='ocrx_word' id='word_1_232' title='bbox 338 3280 376 3343; x_wconf 84' lang='grc' dir='ltr'><strong>τὸ</strong></span> <span class='ocrx_word' id='word_1_233' title='bbox 399 3282 530 3347; x_wconf 91' lang='grc' dir='ltr'>Δώτιον</span> <span class='ocrx_word' id='word_1_234' title='bbox 552 3282 673 3348; x_wconf 83' lang='grc' dir='ltr'>πεδίον.</span> <span class='ocrx_word' id='word_1_235' title='bbox 701 3281 737 3345; x_wconf 85' lang='grc' dir='ltr'><strong>ἐκ</strong></span> <span class='ocrx_word' id='word_1_236' title='bbox 762 3286 912 3362; x_wconf 84' lang='grc' dir='ltr'>περιττοῦ</span> <span class='ocrx_word' id='word_1_237' title='bbox 934 3282 1044 3348; x_wconf 86' lang='grc' dir='ltr'>τοίνυν</span> <span class='ocrx_word' id='word_1_238' title='bbox 1067 3283 1165 3362; x_wconf 87' lang='grc' dir='ltr'>Ὧροε</span> <span class='ocrx_word' id='word_1_239' title='bbox 1189 3284 1224 3348; x_wconf 89' lang='grc' dir='ltr'><strong>ἐν</strong></span> 
     </span>
     <span class='ocr_line' id='line_1_28' title="bbox 82 3389 1225 3474; baseline 0.003 -20"><span class='ocrx_word' id='word_1_240' title='bbox 82 3393 151 3454; x_wconf 77' lang='grc' dir='ltr'>τοί(</span> <span class='ocrx_word' id='word_1_241' title='bbox 173 3389 309 3453; x_wconf 86' lang='grc' dir='ltr'>ἐθνικοῑε</span> <span class='ocrx_word' id='word_1_242' title='bbox 330 3395 405 3473; x_wconf 78' lang='grc' dir='ltr'>τῇδε</span> <span class='ocrx_word' id='word_1_243' title='bbox 428 3392 558 3471; x_wconf 87' lang='grc' dir='ltr'>γράφει·</span> <span class='ocrx_word' id='word_1_244' title='bbox 580 3394 631 3456; x_wconf 85' lang='grc' dir='ltr'><strong>καὶ</strong></span> <span class='ocrx_word' id='word_1_245' title='bbox 647 3394 686 3456; x_wconf 88' lang='grc' dir='ltr'><strong>τά</strong></span> <span class='ocrx_word' id='word_1_246' title='bbox 701 3394 773 3472; x_wconf 85' lang='grc' dir='ltr'>περί</span> <span class='ocrx_word' id='word_1_247' title='bbox 788 3392 929 3472; x_wconf 87' lang='grc' dir='ltr'>Θάμυριν</span> <span class='ocrx_word' id='word_1_248' title='bbox 952 3398 1225 3474; x_wconf 83' lang='grc' dir='ltr'>παριετοροῦντοε</span> 
     </span>
     <span class='ocr_line' id='line_1_29' title="bbox 82 3501 1225 3586; baseline 0.005 -22"><span class='ocrx_word' id='word_1_249' title='bbox 82 3504 142 3564; x_wconf 83' lang='grc' dir='ltr'><strong>τοῦ</strong></span> <span class='ocrx_word' id='word_1_250' title='bbox 169 3504 305 3578; x_wconf 84' lang='grc' dir='ltr'>ποιητοῦ</span> <span class='ocrx_word' id='word_1_251' title='bbox 332 3501 430 3566; x_wconf 88' lang='grc' dir='ltr'>πάλιν</span> <span class='ocrx_word' id='word_1_252' title='bbox 451 3503 596 3567; x_wconf 84' lang='grc' dir='ltr'>Ήείοδοε</span> <span class='ocrx_word' id='word_1_253' title='bbox 630 3503 749 3584; x_wconf 85' lang='grc' dir='ltr'>Δωτίῳ</span> <span class='ocrx_word' id='word_1_254' title='bbox 778 3503 813 3568; x_wconf 86' lang='grc' dir='ltr'><strong>ἐν</strong></span> <span class='ocrx_word' id='word_1_255' title='bbox 846 3503 946 3586; x_wconf 87' lang='grc' dir='ltr'>πεδίῳ</span> <span class='ocrx_word' id='word_1_256' title='bbox 978 3506 1090 3584; x_wconf 84' lang='grc' dir='ltr'>φάεκει</span> <span class='ocrx_word' id='word_1_257' title='bbox 1125 3505 1225 3570; x_wconf 88' lang='grc' dir='ltr'>αὐτὸν</span> 
     </span>
     <span class='ocr_line' id='line_1_30' title="bbox 81 3595 1296 3696; baseline 0.006 -23"><span class='ocrx_word' id='word_1_258' title='bbox 81 3613 309 3689; x_wconf 85' lang='grc' dir='ltr'>τετυφλώεθαι.</span> <span class='ocrx_word' id='word_1_259' title='bbox 333 3612 493 3678; x_wconf 84' lang='grc' dir='ltr'>ευντάεεει</span> <span class='ocrx_word' id='word_1_260' title='bbox 514 3614 577 3691; x_wconf 85' lang='grc' dir='ltr'><strong>γὰρ</strong></span> <span class='ocrx_word' id='word_1_261' title='bbox 599 3617 696 3678; x_wconf 83' lang='grc' dir='ltr'>τοῦτο</span> <span class='ocrx_word' id='word_1_262' title='bbox 712 3616 780 3678; x_wconf 81' lang='grc' dir='ltr'>τοῑτ</span> <span class='ocrx_word' id='word_1_263' title='bbox 802 3617 1115 3696; x_wconf 84' lang='grc' dir='ltr'>διχογραφονμένοιε</span> <span class='ocrx_word' id='word_1_264' title='bbox 1137 3638 1225 3695; x_wconf 89' lang='grc' dir='ltr'>πρω-</span> <span class='ocrx_word' id='word_1_265' title='bbox 1287 3595 1296 3609; x_wconf 58' lang='grc'><em>’</em></span> 
     </span>
     <span class='ocr_line' id='line_1_31' title="bbox 83 3721 1224 3805; baseline 0.006 -21"><span class='ocrx_word' id='word_1_266' title='bbox 83 3721 238 3784; x_wconf 85' lang='grc' dir='ltr'>τοτιίποιε</span> <span class='ocrx_word' id='word_1_267' title='bbox 259 3724 326 3785; x_wconf 88' lang='grc' dir='ltr'><strong>τῶν</strong></span> <span class='ocrx_word' id='word_1_268' title='bbox 348 3721 491 3789; x_wconf 84' lang='grc' dir='ltr'>ἐθνικῶν.</span> <span class='ocrx_word' id='word_1_269' title='bbox 522 3723 633 3800; x_wconf 86' lang='grc' dir='ltr'>ἐπάγει</span> <span class='ocrx_word' id='word_1_270' title='bbox 648 3726 683 3801; x_wconf 73' lang='grc' dir='ltr'><strong>γ’</strong></span> <span class='ocrx_word' id='word_1_271' title='bbox 698 3723 770 3789; x_wconf 84' lang='grc' dir='ltr'>οὖν·</span> <span class='ocrx_word' id='word_1_272' title='bbox 794 3725 834 3789; x_wconf 84' lang='grc' dir='ltr'><strong>οὐ</strong></span> <span class='ocrx_word' id='word_1_273' title='bbox 855 3726 916 3805; x_wconf 85' lang='grc' dir='ltr'><strong>γάρ</strong></span> <span class='ocrx_word' id='word_1_274' title='bbox 940 3725 985 3790; x_wconf 85' lang='grc' dir='ltr'><strong>ώε</strong></span> <span class='ocrx_word' id='word_1_275' title='bbox 1006 3727 1025 3804; x_wconf 83' lang='grc' dir='ltr'>ἡ</span> <span class='ocrx_word' id='word_1_276' title='bbox 1050 3728 1224 3805; x_wconf 79' lang='grc' dir='ltr'>Χαλκηδών</span> 
     </span>
     <span class='ocr_line' id='line_1_32' title="bbox 80 3831 1300 3927; baseline 0.008 -34"><span class='ocrx_word' id='word_1_277' title='bbox 80 3831 134 3894; x_wconf 88' lang='grc' dir='ltr'><strong>καί</strong></span> <span class='ocrx_word' id='word_1_278' title='bbox 157 3831 331 3910; x_wconf 83' lang='grc' dir='ltr'>Καρχηδών</span> <span class='ocrx_word' id='word_1_279' title='bbox 361 3833 410 3896; x_wconf 88' lang='grc' dir='ltr'><strong>καί</strong></span> <span class='ocrx_word' id='word_1_280' title='bbox 438 3835 478 3897; x_wconf 87' lang='grc' dir='ltr'><strong>τὰ</strong></span> <span class='ocrx_word' id='word_1_281' title='bbox 506 3837 637 3918; x_wconf 82' lang='grc' dir='ltr'>τοιαῦτα</span> <span class='ocrx_word' id='word_1_282' title='bbox 665 3834 797 3910; x_wconf 86' lang='grc' dir='ltr'>λέγεται.</span> <span class='ocrx_word' id='word_1_283' title='bbox 839 3836 858 3913; x_wconf 86' lang='grc' dir='ltr'>ἡ</span> <span class='ocrx_word' id='word_1_284' title='bbox 885 3836 943 3914; x_wconf 84' lang='grc' dir='ltr'><strong>μὲν</strong></span> <span class='ocrx_word' id='word_1_285' title='bbox 965 3838 1029 3914; x_wconf 84' lang='grc' dir='ltr'><strong>γάρ</strong></span> <span class='ocrx_word' id='word_1_286' title='bbox 1051 3838 1103 3902; x_wconf 87' lang='grc' dir='ltr'>διὰ</span> <span class='ocrx_word' id='word_1_287' title='bbox 1125 3842 1183 3902; x_wconf 85' lang='grc' dir='ltr'><strong>τοῦ</strong></span> <span class='ocrx_word' id='word_1_288' title='bbox 1207 3840 1224 3901; x_wconf 90' lang='grc' dir='ltr'>λ</span> <span class='ocrx_word' id='word_1_289' title='bbox 1296 3921 1300 3927; x_wconf 8' lang='grc' dir='ltr'>ῳ</span> 
     </span>
     <span class='ocr_line' id='line_1_33' title="bbox 79 3941 1224 4026; baseline 0.007 -22"><span class='ocrx_word' id='word_1_290' title='bbox 79 3942 155 4019; x_wconf 88' lang='grc' dir='ltr'>περὶ</span> <span class='ocrx_word' id='word_1_291' title='bbox 182 3942 241 4005; x_wconf 88' lang='grc' dir='ltr'><strong>τὸν</strong></span> <span class='ocrx_word' id='word_1_292' title='bbox 263 3941 410 4020; x_wconf 82' lang='grc' dir='ltr'>Πόντον,</span> <span class='ocrx_word' id='word_1_293' title='bbox 438 3945 458 4022; x_wconf 91' lang='grc' dir='ltr'>ἡ</span> <span class='ocrx_word' id='word_1_294' title='bbox 481 3946 516 4009; x_wconf 84' lang='grc' dir='ltr'><strong>δὲ</strong></span> <span class='ocrx_word' id='word_1_295' title='bbox 544 3945 596 4007; x_wconf 89' lang='grc' dir='ltr'>διὰ</span> <span class='ocrx_word' id='word_1_296' title='bbox 623 3949 681 4009; x_wconf 86' lang='grc' dir='ltr'><strong>τοῦ</strong></span> <span class='ocrx_word' id='word_1_297' title='bbox 705 3967 722 4024; x_wconf 92' lang='grc' dir='ltr'>ρ</span> <span class='ocrx_word' id='word_1_298' title='bbox 745 3946 809 4024; x_wconf 86' lang='grc' dir='ltr'><strong>πρὸ</strong></span> <span class='ocrx_word' id='word_1_299' title='bbox 837 3949 893 4024; x_wconf 87' lang='grc' dir='ltr'><strong>τῆε</strong></span> <span class='ocrx_word' id='word_1_300' title='bbox 917 3946 1039 4026; x_wconf 70' lang='grc' dir='ltr'>Λιβύης.</span> <span class='ocrx_word' id='word_1_301' title='bbox 1077 3948 1165 4026; x_wconf 85' lang='grc' dir='ltr'>ἡμεῖε</span> <span class='ocrx_word' id='word_1_302' title='bbox 1188 3969 1224 4023; x_wconf 87' lang='grc' dir='ltr'><strong>γε</strong></span> 
     </span>
     <span class='ocr_line' id='line_1_34' title="bbox 78 4052 1224 4141; baseline 0.005 -25"><span class='ocrx_word' id='word_1_303' title='bbox 78 4052 264 4131; x_wconf 85' lang='grc' dir='ltr'>προῦθεμεν</span> <span class='ocrx_word' id='word_1_304' title='bbox 293 4053 451 4120; x_wconf 69' lang='grc' dir='ltr'>δείξαντες</span> <span class='ocrx_word' id='word_1_305' title='bbox 481 4056 532 4118; x_wconf 89' lang='grc' dir='ltr'>διὰ</span> <span class='ocrx_word' id='word_1_306' title='bbox 558 4058 694 4120; x_wconf 86' lang='grc' dir='ltr'>πολλῶν</span> <span class='ocrx_word' id='word_1_307' title='bbox 729 4061 911 4135; x_wconf 86' lang='grc' dir='ltr'>μαρτυριῶν</span> <span class='ocrx_word' id='word_1_308' title='bbox 940 4057 1052 4136; x_wconf 83' lang='grc' dir='ltr'>ἕτερον</span> <span class='ocrx_word' id='word_1_309' title='bbox 1083 4058 1143 4141; x_wconf 85' lang='grc' dir='ltr'>[τὸ]</span> <span class='ocrx_word' id='word_1_310' title='bbox 1173 4059 1224 4122; x_wconf 89' lang='grc' dir='ltr'>διά</span> 
     </span>
     <span class='ocr_line' id='line_1_35' title="bbox 76 4163 1224 4244; baseline 0.003 -16"><span class='ocrx_word' id='word_1_311' title='bbox 76 4167 141 4228; x_wconf 88' lang='grc' dir='ltr'>τοῦ</span> <span class='ocrx_word' id='word_1_312' title='bbox 164 4184 182 4241; x_wconf 91' lang='grc' dir='ltr'>ρ</span> <span class='ocrx_word' id='word_1_313' title='bbox 206 4163 341 4241; x_wconf 92' lang='grc' dir='ltr'>Δώριον</span> <span class='ocrx_word' id='word_1_314' title='bbox 362 4165 412 4228; x_wconf 88' lang='grc' dir='ltr'><strong>καί</strong></span> <span class='ocrx_word' id='word_1_315' title='bbox 435 4166 547 4244; x_wconf 83' lang='grc' dir='ltr'>ἕτερον</span> <span class='ocrx_word' id='word_1_316' title='bbox 574 4167 611 4230; x_wconf 88' lang='grc' dir='ltr'><strong>τὸ</strong></span> <span class='ocrx_word' id='word_1_317' title='bbox 635 4166 686 4229; x_wconf 89' lang='grc' dir='ltr'>διὰ</span> <span class='ocrx_word' id='word_1_318' title='bbox 708 4170 766 4230; x_wconf 87' lang='grc' dir='ltr'><strong>τοῦ</strong></span> <span class='ocrx_word' id='word_1_319' title='bbox 788 4188 806 4231; x_wconf 93' lang='grc' dir='ltr'>τ</span> <span class='ocrx_word' id='word_1_320' title='bbox 827 4167 968 4232; x_wconf 90' lang='grc' dir='ltr'>Δώτιον.</span> <span class='ocrx_word' id='word_1_321' title='bbox 1012 4166 1153 4231; x_wconf 90' lang='lat' dir='ltr'><strong>Dubium</strong></span> <span class='ocrx_word' id='word_1_322' title='bbox 1176 4173 1224 4232; x_wconf 82' lang='lat' dir='ltr'><strong>est</strong></span> 
     </span>
     <span class='ocr_line' id='line_1_36' title="bbox 75 4271 1223 4361; baseline 0.005 -25"><span class='ocrx_word' id='word_1_323' title='bbox 75 4271 215 4336; x_wconf 88' lang='lat' dir='ltr'><strong>Hesiodi</strong></span> <span class='ocrx_word' id='word_1_324' title='bbox 234 4293 366 4336; x_wconf 88' lang='lat' dir='ltr'><strong>nomen:</strong></span> <span class='ocrx_word' id='word_1_325' title='bbox 391 4274 479 4337; x_wconf 91' lang='lat' dir='ltr'><strong>ouius</strong></span> <span class='ocrx_word' id='word_1_326' title='bbox 502 4275 562 4338; x_wconf 89' lang='lat' dir='ltr'><strong>etsi</strong></span> <span class='ocrx_word' id='word_1_327' title='bbox 577 4277 697 4358; x_wconf 84' lang='grc' dir='ltr'>Δωτίῳ</span> <span class='ocrx_word' id='word_1_328' title='bbox 720 4277 756 4342; x_wconf 89' lang='grc' dir='ltr'><strong>ἐν</strong></span> <span class='ocrx_word' id='word_1_329' title='bbox 779 4277 879 4361; x_wconf 85' lang='grc' dir='ltr'>πεδίῳ</span> <span class='ocrx_word' id='word_1_330' title='bbox 902 4277 999 4341; x_wconf 86' lang='lat' dir='ltr'><strong>verba</strong></span> <span class='ocrx_word' id='word_1_331' title='bbox 1022 4277 1138 4342; x_wconf 82' lang='lat' dir='ltr'><strong>Strabo</strong></span> <span class='ocrx_word' id='word_1_332' title='bbox 1161 4301 1223 4342; x_wconf 90' lang='lat' dir='ltr'><strong>ser-</strong></span> 
     </span>
     <span class='ocr_line' id='line_1_37' title="bbox 76 4375 1221 4476; baseline 0.005 -29"><span class='ocrx_word' id='word_1_333' title='bbox 76 4375 240 4469; x_wconf 62' lang='lat' dir='ltr'><strong>vavitlfr.</strong></span> <span class='ocrx_word' id='word_1_334' title='bbox 259 4383 299 4446; x_wconf 79' lang='lat'><strong>76</strong></span> <span class='ocrx_word' id='word_1_335' title='bbox 314 4383 434 4447; x_wconf 84' lang='lat' dir='ltr'><strong>Goettl.</strong></span> <span class='ocrx_word' id='word_1_336' title='bbox 452 4384 499 4449; x_wconf 88' lang='lat' dir='ltr'><strong>ed.</strong></span> <span class='ocrx_word' id='word_1_337' title='bbox 518 4386 573 4450; x_wconf 86' lang='lat' dir='ltr'><strong>alt.</strong></span> <span class='ocrx_word' id='word_1_338' title='bbox 593 4387 649 4450; x_wconf 82' lang='lat'><strong>141</strong></span> <span class='ocrx_word' id='word_1_339' title='bbox 668 4384 874 4476; x_wconf 81' lang='lat' dir='ltr'><strong>Marokseh.],</strong></span> <span class='ocrx_word' id='word_1_340' title='bbox 891 4391 1001 4455; x_wconf 85' lang='lat' dir='ltr'><strong>tamen</strong></span> <span class='ocrx_word' id='word_1_341' title='bbox 1015 4389 1082 4453; x_wconf 88' lang='lat' dir='ltr'><strong>illio</strong></span> <span class='ocrx_word' id='word_1_342' title='bbox 1097 4389 1221 4476; x_wconf 87' lang='lat' dir='ltr'><strong>quidem</strong></span> 
     </span>
    </p>
   </div>
   <div class='ocr_carea' id='block_1_3' title="bbox 0 0 1452 4996">
    <p class='ocr_par' dir='ltr' id='par_1_3' title="bbox 0 0 1452 4996">
     <span class='ocr_line' id='line_1_38' title="bbox 0 0 1452 4996; baseline 0 0"><span class='ocrx_word' id='word_1_343' title='bbox 0 0 1452 4996; x_wconf 95' lang='lat' dir='ltr'><strong> </strong></span> 
     </span>
    </p>
   </div>
  </div>
 </body>
</html>
