2948 4996
233 337 296 402 458
684 352 731 398 nu
753 351 903 400 mansus

234 528 330 590 quam
353 506 456 589 ipsam
472 505 631 569 Diodoms
646 505 751 588 XVII,
773 506 815 571 52
837 505 1025 589 significans
1048 506 1228 584 ἐπανῆλθεν
1252 506 1297 571 eit
1318 509 1376 585 τὴν

236 617 350 697 (υρίαν
373 616 464 679 dixit.
511 616 560 681 of.
586 616 771 681 (1110100001
793 638 823 699 p.
845 615 915 680 164.
961 614 1007 679 Vt
1028 616 1113 698 apud
1136 616 1269 680 Suidam
1291 616 1376 680 vide-

235 730 309 790 atur
341 728 432 806 μέχρι
457 730 513 804 τῆε
535 778 541 790 .
565 777 602 791 ..
634 728 685 791 ἐπὶ
716 730 774 807 τὴν
803 728 916 806 (opius
951 726 1078 807 ἐφόδου
1110 732 1177 805 τῆε
1212 729 1291 806 μετά
1319 729 1376 805 τήν

235 837 472 916 Ἀλεξανδρεία(
495 837 588 902 κτίειν
611 836 815 900 scribendum
837 857 916 900 esse.
1462 902 1463 905 ,

320 946 378 1030 (Χ)
416 945 496 1008 Pars
523 944 627 1009 adhue
654 946 887 1029 disputatormn
919 946 1130 1009 fundamento
1158 946 1220 1010 hoc
1249 946 1375 1029 nititur,

235 1056 317 1139 quod
345 1056 476 1119 alterius
495 1054 690 1139 Marsyae,
707 1055 1003 1139 Philippensis,
1017 1056 1227 1120 Macedonica
1240 1057 1376 1120 diximus

235 1166 276 1229 ab
299 1165 392 1250 regni
415 1165 508 1228 initio
524 1166 702 1229 Alexandri
716 1166 760 1229 M.
785 1186 898 1229 exorsa
921 1187 999 1230 csse.
1030 1165 1119 1241 Quod
1136 1166 1266 1250 quidem
1280 1167 1376 1251 longe

235 1276 424 1361 gravissimo
439 1276 624 1339 testimonio
640 1275 826 1359 comprobat
840 1276 1013 1339 scholiasta
1029 1275 1061 1340 in
1078 1275 1242 1359 Euripidis
1254 1276 1376 1360 Hippo·

234 1387 337 1470 lytum
358 1408 388 1449 ν.
413 1386 475 1449 666
498 1386 600 1470 (671),
623 1386 677 1469 qui
699 1386 738 1449 dc
761 1386 844 1449 nodo
867 1385 985 1453 Gordia
1008 1407 1108 1470 agens
1131 1388 1173 1449 ab
1189 1386 1376 1450 Alexandro

235 1495 388 1559 dissoluto
412 1496 599 1575 Μαρεύαε
621 1498 656 1560 δὲ
673 1495 720 1558 011
743 1496 761 1560 ό
784 1498 983 1576 νεώτεροε
1006 1497 1046 1561 ἐν
1069 1503 1111 1581 τῇ
1134 1498 1271 1581 πρώτῃ
1299 1501 1376 1562 τῶν

235 1607 478 1671 Μακεδόνων
501 1605 688 1684 ἱετοριῶν
712 1626 827 1686 φηειν
852 1606 969 1671 οὕτωε·
990 1611 1048 1684 τῆε
1065 1609 1100 1671 δὲ
1115 1607 1235 1685 ἁμάξηε
1251 1609 1376 1683 λέγεται

234 1717 292 1781 τὸν
314 1716 412 1791 lurda
440 1721 486 1800 τῷ
516 1715 605 1800 ῥυμῷ
634 1717 859 1795 προεδεδέεθαι
885 1718 1013 1794 κλήματι
1036 1716 1212 1799 ἀμπελίνῳ.
1256 1716 1376 1792 Quibus

236 1846 316 1909 quae
339 1828 526 1889 nectuntur:
550 1826 611 1889 ἔετι
632 1828 668 1890 δὲ
691 1826 814 1908 λόγιον,
838 1827 875 1890 δε
892 1827 931 1891 ἂν
946 1828 1004 1891 τόν
1019 1827 1134 1905 δεεμὸν
1149 1831 1271 1893 τοῦτον
1289 1829 1376 1911 λύεη,

237 1936 429 2015 βαειλεύεειν
457 1935 557 2018 (vulg.
583 1935 682 2012 λύεει,
711 1912 907 2020 βιιιειλειίεει)Ε
926 1940 981 2013 τῆε
1009 1936 1124 2001 Ἀείαε..
1162 1938 1376 2016 Ἀλέξανδρον

236 2046 271 2109 δέ
295 2065 372 2125 φαει
393 2045 450 2109 τὸν
475 2046 675 2110 Μακεδόνων
699 2047 826 2125 βαειλέα
849 2047 939 2110 λῦεαι
961 2045 1073 2110 αὐτόν·
1096 2047 1134 2110 ὃε
1156 2048 1299 2125 διαβὰε
1321 2047 1375 2110 εἰε

235 2156 304 2235 τὴν
321 2155 444 2220 ’λείαν
466 2157 539 2235 τὴν
562 2155 613 2219 ἐπὶ
637 2155 777 2239 Γρανίκῳ
799 2156 902 2235 μάχην
925 2154 1082 2240 ἐνίκηεε*)
1106 2156 1156 2219 καὶ
1177 2157 1375 2234 παρεγένετο

235 2265 287 2328 ἐπλ
308 2266 366 2330 τὸν
388 2265 493 2330 τόπον
518 2285 590 2327 cum
610 2264 740 2347 reliquis
764 2265 804 2335 ad
826 2265 923 2328 finem
943 2264 1066 2346 scholii,
1089 2264 1169 2327 haec
1192 2264 1295 2348 igitur
1314 2264 1375 2328 elsi

236 2373 335 2436 videri
359 2376 492 2457 possunt
508 2396 545 2438 ex
561 2373 709 2458 Marsyae
724 2374 806 2437 libro
821 2373 936 2437 hausta
952 2395 1030 2456 csse,
1053 2380 1163 2436 tamen
1184 2374 1257 2457 ipsa
1280 2374 1376 2437 verba

236 2484 401 2566 scriptoris
425 2483 477 2547 vix
500 2506 667 2569 agnoscas.
713 2483 867 2548 Gordium
889 2488 996 2547 autem
1022 2483 1207 2547 Alexander
1227 2484 1376 2566 pervenit

236 2593 353 2676 olymp.
379 2595 449 2676 111,
473 2596 495 2657 4
521 2594 553 2658 h.
578 2617 604 2657 0.
630 2594 756 2677 imperii
785 2615 870 2657 anno
898 2594 993 2657 tertio
1016 2596 1183 2677 quartove:
1222 2593 1265 2656 cf;
1291 2593 1376 2658 Clin-

235 2706 348 2766 tonum
374 2726 406 2786 p.
433 2704 502 2767 162.
556 2703 687 2791 [Contra
714 2725 773 2767 nos
801 2704 923 2787 pariter
949 2707 1044 2787 atque
1072 2701 1276 2786 Droysenum
1305 2703 1376 2767 Gei-

236 2834 385 2897 errunque
407 2813 550 2877 sentiens
572 2813 743 2877 Muellerus
763 2837 795 2897 p.
819 2814 861 2876 44
883 2813 1030 2897 Marsyae
1052 2811 1131 2875 illud
1154 2813 1377 2877 testimonium

235 2953 435 2960 *m

303 3027 327 3093 *y
346 3027 484 3093 Vulgatur
505 3026 599 3090 διαβάε
621 3027 685 3078 τινὰ
708 3025 808 3089 μάντιν
829 3025 874 3077 au
899 3024 1022 3091 Γρανίκῳ
1045 3024 1136 3091 μάχην
1154 3023 1274 3090 zelante.
1310 3024 1378 3077 Cum

160 3176 163 3185 ,
236 3120 333 3185 μάντει
351 3119 443 3186 aliquo
463 3117 515 3172 0101
538 3134 597 3171 rem
616 3135 682 3171 saue
701 3117 799 3170 habuit
817 3116 974 3170 Alexander
991 3117 1064 3169 teste
1086 3115 1210 3168 Diodoro
1229 3116 1318 3181 XVII,
1338 3124 1376 3170 17.

236 3219 276 3276 18,
294 3214 388 3265 tanien
405 3211 435 3263 id
452 3210 520 3263 nihil
538 3210 679 3279 pertinere
697 3209 734 3262 ad
753 3209 849 3263 scholii
863 3209 1049 3278 corruptelam
1066 3208 1169 3276 potest,
1188 3207 1268 3262 00100
1287 3227 1379 3263 emen·

235 3304 377 3357 dationem
400 3304 513 3356 firmant
536 3302 658 3356 eiusdem
681 3301 797 3356 Diodori
818 3301 904 3355 verba
927 3318 986 3369 cap.
1013 3306 1043 3354 16
1066 3305 1117 3366 τήε
1141 3300 1180 3353 εἰε
1203 3303 1262 3366 τὴν
1288 3303 1379 3356 ’λείαν

234 3399 392 3462 διαβάεευιε,
413 3398 481 3450 010.
504 3398 579 3449 1701
602 3398 668 3460 μετ’
692 3397 875 3462 Ἀλεξάνδρου
897 3395 1042 3459 διαβάντεε
1065 3393 1183 3458 dvctv
1208 3393 1318 3448 ’λείανε
1349 3398 1380 3448 01

234 3489 378 3543 mittamus
397 3489 576 3560 Plutarchum
595 3487 641 3541 vit.
662 3488 739 3541 Alex.
759 3504 781 3540 c.
802 3493 817 3540 9
841 3487 890 3552 (εἰε
910 3488 1002 3539 ’λείαν
1020 3487 1047 3539 ἐξ
1065 3485 1205 3552 Εὐρώπη(
1225 3502 1380 3553 παρεεκευ-

234 3583 317 3635 άΖετο
334 3582 503 3647 διαβαίνειν),
521 3580 686 3634 Aeschinem
704 3579 766 3633 adv.
786 3576 1118 3647 (31001010163005111.
1139 3577 1190 3643 (εἰε
1209 3580 1268 3644 τὴν
1288 3580 1381 3633 ’λείαν

234 3663 332 3740 διέβη),
357 3674 527 3726 Clementem
551 3673 626 3726 Alex.
652 3672 752 3725 Strom.
778 3673 799 3736 l,
818 3678 857 3735 21,
885 3678 931 3724 139
953 3689 980 3739 p.
1005 3677 1055 3723 403
1077 3669 1151 3722 Ρο11.
1179 3672 1381 3739 (Ἁλέξανδρον

235 3767 274 3819 alc
292 3769 346 3831 τὴν
366 3766 457 3819 Ἀείαν
475 3769 618 3832 διαβῆναι).
652 3765 816 3831 [Tamquam
835 3763 864 3816 iu
882 3763 976 3817 oculos
994 3762 1133 3815 incurrere
1152 3764 1270 3818 nostrae
1289 3781 1381 3819 emen·

235 3857 355 3912 dationis
374 3857 541 3912 evidentiam
565 3876 598 3912 ex
616 3859 669 3911 hac
686 3856 843 3911 litterarum
862 3855 1041 3909 similitudine
1059 3856 1204 3923 putamus:

554 3965 1046 4024 AlABAOElCTHNAClANTHNOEl

553 4061 681 4116 ΔΙΑΒΑ(
735 4060 935 4114 ΤΙΝλΜλΝΤ
948 4062 954 4112 1
966 4058 1055 4111 ΝΕΠΙ.

235 4170 364 4237 Noglexit
382 4170 458 4224 illam
477 4173 527 4224 001
543 4171 693 4239 ignorabat
711 4171 742 4224 G.
762 4168 921 4222 Dindorfius
940 4165 1029 4221 Schol.
1051 4165 1143 4234 Eurip.
1165 4166 1219 4219 vol
1242 4168 1255 4219 l
1274 4186 1300 4235 p.
1324 4176 1383 4233 154,

235 4261 282 4314 uhi
299 4265 393 4326 διαβάε
411 4266 463 4317 τὸν
488 4267 627 4330 άμμαντιν
649 4263 736 4319 etiam
758 4261 884 4316 ritiosius
907 4259 1013 4316 editum
1035 4262 1079 4315 est
1101 4276 1134 4314 ex
1159 4276 1213 4313 uno
1238 4259 1381 4315 Vaticano

235 4353 348 4425 codice]
