2904 4996
487 320 648 384 ’1111111111
671 337 844 384 11111111.
1178 324 1236 387 711

94 492 147 553 111
168 489 373 552 obscuratum
396 491 444 551 est
467 490 586 566 (τέγειν
607 489 643 552 11
659 490 780 573 aliquot
795 490 896 573 libris,
921 491 980 554 etsi
1003 492 1128 556 ratione
1150 493 1238 575 paul-

95 599 162 662 lum
192 599 326 663 diversa.
372 598 503 665 Etenim
530 598 592 663 hac
621 599 747 663 demum
773 601 898 664 ratione
925 600 1142 685 intellegitur,
1177 624 1238 685 quo

95 710 191 773 modo
212 709 344 772 alterius
366 709 452 774 vocis
474 709 579 773 locum
594 731 750 794 occupare
771 710 873 774 altera
894 711 1036 794 potuerit
1057 712 1237 775 litterarum

94 819 207 883 formis
242 820 321 883 satis
354 820 474 904 dispar.
524 821 646 896 (τέγων
680 823 787 884 autem
815 821 974 904 scriptura
1001 820 1155 885 facillime
1182 843 1237 904 po-

94 932 182 992 terat
212 929 247 992 in
274 932 442 1014 utramque
477 932 601 1013 partem
629 930 808 1013 depravari.
861 931 1034 995 Oculorum
1067 931 1153 995 enim
1186 932 1236 995 vel

96 1039 212 1103 calami
240 1039 374 1123 proclivi
396 1040 488 1124 lapsu
512 1040 673 1104 oriebatur
696 1042 836 1117 (τύγωντ
872 1062 908 1104 11
931 1041 1017 1105 enim
1045 1042 1131 1105 valet
1153 1041 1236 1126 quod

94 1154 146 1212 est
166 1150 201 1212 in
223 1149 439 1213 Vauvilliersii
467 1149 570 1234 Regio
593 1151 624 1232 Ι,
653 1152 779 1228 γύγωνε
817 1151 900 1234 quod
927 1173 946 1214 a
968 1151 1099 1215 librario
1128 1152 1236 1234 paullo

93 1259 246 1341 peritiore
270 1281 457 1323 conversum
479 1261 583 1324 estin
607 1265 741 1337 (τυγῶν.
779 1259 972 1344 Explicandi
995 1264 1102 1325 autem
1125 1284 1236 1325 caussa

94 1368 291 1452 adscriptum
319 1370 436 1449 εἴργων
472 1392 545 1433 mox
573 1371 608 1433 in
635 1372 804 1435 verborum
840 1371 984 1435 ordinem
1014 1372 1234 1435 invehebatur.

93 1478 186 1552 Quod
213 1500 254 1542 ne
284 1480 334 1543 cui
360 1484 480 1544 temere
510 1479 628 1544 dixisse
656 1480 781 1563 videar,
811 1502 868 1564 en,
900 1481 1018 1545 habeto
1045 1482 1236 1546 scholiastae
1319 1541 1322 1544 .

92 1589 293 1652 notationem
309 1591 349 1652 ad
365 1613 395 1654 v.
411 1590 474 1654 216
491 1587 687 1678 [1991111111
712 1591 793 1657 ὥετε
807 1593 845 1656 τὸ
867 1592 946 1672 δόρυ
962 1594 1081 1669 (τέγειν
1104 1593 1154 1656 καὶ
1176 1593 1235 1656 ἀπ-

92 1699 211 1778 είργειν
233 1701 310 1765 τοὺ(
330 1702 518 1779 πολεμίους·
541 1700 618 1764 item
641 1700 681 1765 ad
705 1700 891 1785 Supplicum
914 1724 943 1765 11.
969 1703 1030 1766 135
1054 1700 1157 1789 11341,
1181 1702 1236 1765 ubi

92 1809 198 1872 verbis
233 1831 314 1893 quae
342 1814 417 1874 sunt
444 1814 645 1893 λινορραφὴ(
675 1814 774 1890 δόμος
807 1811 869 1875 ἅλα
897 1812 1018 1888 (rtrum
1054 1811 1235 1894 explicandi

93 1941 207 1983 caussa
230 1919 355 1983 addidit
375 1921 469 1984 haec:
497 1923 556 2000 τὴν
579 1924 738 1987 θάλαεεαν
763 1922 887 2000 εἴργων.

92 2129 99 2140 ·
179 2089 330 2154 Eiusdem
353 2091 439 2154 modi
462 2090 599 2155 adiciam
622 2091 880 2154 emendationem
897 2112 1005 2154 versus
1020 2091 1235 2175 Aeschylei

90 2200 154 2264 952
177 2201 350 2264 eiusdem
373 2202 545 2264 fabulae.
588 2201 673 2264 Nam
696 2205 799 2265 totum
820 2200 899 2264 illud
923 2223 1053 2265 carmen
1074 2201 1233 2284 melicum,

91 2311 244 2374 miserum
265 2311 299 2374 in
322 2311 450 2374 modum
480 2315 681 2395 corruptum,
709 2311 744 2374 in
772 2333 834 2395 quo
861 2311 1068 2395 perpoliendo
1092 2311 1233 2394 aliquam

90 2420 145 2483 diu
169 2420 410 2504 elaboravimus,
434 2444 521 2486 nunc
543 2422 671 2507 quidem
693 2425 890 2505 pertractare
907 2422 1045 2515 ¹longum
1068 2426 1125 2485 est.
1172 2422 1233 2485 Est

91 2534 200 2594 autem
227 2532 305 2595 illud
334 2533 514 2597 admirabili
543 2538 612 2597 arte
640 2535 865 2615 compositrnn,
895 2533 930 2595 in
957 2554 1018 2617 quo
1046 2554 1112 2596 non
1139 2532 1232 2596 modo

91 2640 225 2724 stropha
254 2645 287 2705 et
314 2643 517 2726 antistropha
544 2643 606 2707 sibi
628 2642 844 2727 respondeant
865 2643 1020 2721 invicem,
1051 2644 1106 2706 sed
1135 2644 1233 2706 etiam
1252 2664 1283 2710 12

91 2751 228 2834 singulis
250 2753 415 2817 versiculis
438 2753 625 2838 Antigonae
652 2753 772 2837 singuli
794 2754 975 2817 referantur
996 2752 1143 2817 Ismenae
1164 2775 1232 2818 ver-

91 2883 144 2924 sus
179 2865 212 2925 et
239 2884 443 2927 numerorum
472 2863 667 2947 aequalitate
690 2864 825 2946 congrui
847 2865 880 2926 11
901 2863 1081 2926 sententiae
1105 2863 1232 2927 concin-

90 2971 194 3035 nitate
218 2973 383 3037 simillimi.
428 2973 540 3057 Itaque
562 2973 709 3037 Ismenae
731 2973 837 3036 verbis
860 2975 895 3037 cb
919 2975 952 3037 δ’
974 2973 1050 3037 αὖτε
1078 2975 1129 3037 καὶ
1150 2993 1231 3037 παν-

92 3082 179 3146 άθλιε
202 3083 256 3165 qui
279 3083 450 3166 respondet
472 3084 659 3168 Antigonae
682 3105 805 3147 versus:

242 3201 280 3265 lo
302 3201 340 3266 ἰὼ
362 3203 584 3282 πολυδάκρυτε
607 3204 642 3266 cri
665 3241 716 3279 -,

90 3356 157 3397 non
178 3339 285 3418 potest
305 3359 372 3400 non
394 3337 587 3421 depravatus
610 3359 688 3401 esse.
733 3337 782 3401 De
804 3336 1004 3400 Lachmanni
1028 3340 1134 3400 autem
1158 3358 1230 3400 con-

89 3445 212 3509 iectura
240 3447 277 3511 ἰὼ
304 3449 398 3512 πόλει
426 3451 560 3528 bospori
589 3449 625 3513 cri
654 3447 849 3511 imbecillum
877 3449 926 3510 est
947 3446 1124 3511 Wellaueri
1151 3446 1230 3510 iudi-

90 3556 190 3639 01111
221 3579 297 3620 nam
319 3579 386 3621 non
407 3557 501 3621 modo
525 3560 627 3640 certa,
657 3558 711 3621 sed
740 3580 781 3622 ne
808 3557 985 3621 tolerabilis
1008 3557 1134 3640 quidem
1163 3561 1229 3620 est:

88 3666 346 3751 quandoquidem
373 3667 408 3730 in
436 3690 492 3731 suo
519 3669 609 3731 luctu
637 3668 867 3732 maestissimae
896 3671 1065 3731 versantur
1092 3685 1227 3750 sorores,

86 3799 193 3860 neque
222 3781 336 3841 111111
364 3778 451 3841 urbis
479 3778 655 3842 tristitiam.
700 3778 825 3843 Deinde
854 3777 1072 3841 Blomfieldius
1100 3800 1138 3841 ex
1165 3800 1229 3841 uno

87 3886 359 3971 Guelferbytano‚
389 3888 497 3952 codice
525 3888 765 3952 mendosissimo
788 3893 820 3952 et
842 3893 877 3952 ut
899 3888 1024 3952 videtur
1046 3909 1085 3950 ex
1107 3887 1228 3952 Aldina

84 3997 228 4061 editione
251 3998 484 4082 1111011110,ἀῦ
507 3999 629 4082 recepit
651 4021 709 4082 pro
732 3999 817 4075 αὖτε,
840 4002 935 4082 atque
951 3998 1138 4082 Antigonae
1160 4020 1227 4061 ver-

82 4107 223 4172 siculum
244 4108 279 4172 11
301 4109 559 4173 dochmiacornm
582 4131 784 4173 numerorum
808 4110 946 4192 speciem
969 4109 1014 4171 sic
1037 4108 1178 4194 redegit:

240 4238 282 4301 Ἀ.
316 4237 356 4302 ἰὼ
379 4237 580 4317 πανδάκρυτε
602 4238 647 4302 cri.

241 4348 267 4410 Ἰ.
312 4349 347 4411 ct
371 4349 403 4411 b'
426 4346 466 4411 αὖ
490 4349 539 4412 καὶ
561 4349 724 4413 πανάθλιε.
