2948 4996
209 315 273 379 380
533 329 563 376 c.
587 329 732 378 aarsrarr
754 329 1028 379 ansnnnrronas

295 484 334 548 V.
351 485 414 548 248
437 482 572 548 Victorii
594 484 731 562 θνητούς
752 486 783 548 τ’
807 485 939 562 trauca,
961 505 1022 567 quo
1045 488 1173 567 spectat
1194 485 1292 548 etiam
1314 493 1353 562 γ’

211 595 332 678 aliquot
353 594 506 658 librorum
528 616 656 677 prorsus
678 594 839 677 ineptum,
863 594 909 659 sic
930 597 1036 677 potest
1056 594 1195 677 defendi,
1219 599 1256 659 ut
1279 617 1352 660 con·

132 792 133 795 Ἴ
210 704 337 767 tinuare
368 703 577 768 Prometheus
610 703 787 769 orationem
818 704 864 770 eis
896 704 1032 796 voluisse
1065 708 1236 788 statuatur,
1271 727 1351 790 qnae

211 817 341 897 propter
355 815 558 879 interiectam
575 814 662 878 chori
683 815 969 906 interrogationem
984 814 1086 880 libera
1109 816 1253 880 oratione
1268 815 1349 880 subi-

211 924 339 989 ciuntur
361 948 390 988 v.
413 925 487 1008 252,
511 924 597 989 hunc
621 925 688 989 fere
714 925 749 988 in
771 925 913 989 modum:
951 927 1059 990 adroic
1080 947 1115 992 τε
1142 931 1206 1005 πῦρ
1230 927 1348 992 droca

295 1034 335 1099 V.
359 1035 422 1101 252
445 1038 502 1114 μέν
525 1057 576 1100 τοι
597 1035 782 1100 disiunctim
805 1036 1017 1100 scribendum.

296 1145 336 1208 V.
360 1146 422 1210 265
456 1148 511 1209 aut
532 1148 591 1211 τὸν
614 1144 718 1210 κακῶ(
741 1149 915 1226 πρά((οντ’
937 1146 1141 1211 scribendum
1164 1168 1236 1210 cum
1258 1147 1349 1212 Stan-

211 1255 282 1331 leio‚
321 1256 471 1339 quoniam
504 1278 566 1339 qua
598 1260 676 1320 nota
704 1264 741 1322 (ῖέ
768 1257 953 1320 terminatio
981 1278 1076 1339 saepe
1103 1256 1304 1341 significatur
1331 1279 1350 1319 a

211 1365 361 1448 librariis,
385 1388 451 1429 non
473 1366 635 1430 dissimilis
659 1388 696 1430 ea
719 1370 767 1431 est
790 1366 999 1451 apostropho:
1023 1370 1078 1430 aut
1098 1366 1137 1430 de
1160 1367 1350 1451 glossemate

211 1475 246 1539 in
277 1477 430 1559 proximis
460 1476 675 1560 cogitandum.
721 1477 796 1542 Non
825 1478 910 1541 enim
932 1476 966 1541 in
988 1476 1081 1540 huius
1104 1477 1190 1541 modi
1212 1476 1350 1541 transitu

212 1586 383 1672 requiritur
405 1591 440 1652 δὲ
462 1587 639 1671 particulae
662 1588 889 1673 ligamentum:

364 1699 577 1777 updccovrac·
614 1699 731 1763 αὐτὸ(
758 1701 853 1764 ταῦθ’
875 1698 993 1763 ἅπαντ’
1016 1698 1198 1776 ἠπιετάμην.

212 1806 302 1882 Ouod
335 1806 506 1871 Elmsleius
539 1808 691 1890 coniecit,
731 1809 767 1873 εὖ
803 1811 838 1874 δὲ
867 1810 963 1873 ταῦθ’
989 1847 1047 1890 —,
1079 1830 1145 1871 non
1176 1807 1350 1888 satisfacit3

213 1939 368 2001 personae
391 1919 477 1982 enim
499 1919 693 2003 significatio
716 1922 929 2002 exspectatur.

298 2026 338 2091 V.
355 2029 418 2093 343
440 2051 507 2093 non
530 2029 797 2093 contemnendum
820 2032 868 2093 est
886 2031 1000 2112 θέλοις,
1025 2028 1107 2112 quod
1130 2029 1215 2111 apud
1231 2027 1352 2092 Robor-

212 2138 324 2202 tellum
346 2142 379 2202 et
400 2138 588 2223 quibusdam
609 2139 644 2203 in
668 2139 828 2203 codicibus
850 2139 983 2225 legitur:
1014 2139 1060 2202 ita
1082 2138 1168 2202 enim
1190 2137 1352 2201 sententia

213 2271 296 2313 nexa
319 2271 357 2313 ex
380 2250 447 2313 solo
475 2250 633 2333 loquentis
666 2250 825 2313 arbitratu
858 2253 921 2331 est,
956 2250 1052 2333 plane
1073 2253 1109 2312 ut
1131 2249 1157 2313 εἰ
1180 2249 1230 2312 καί
1253 2247 1354 2331 parti·
1439 2275 1446 2280 ·

215 2358 304 2422 culae
327 2360 451 2443 positae
473 2364 548 2423 sunt
570 2358 715 2424 Platonis
738 2359 876 2424 Phaedri
899 2363 919 2440 ξ
947 2360 1014 2423 143.

298 2469 339 2534 V.
366 2471 428 2533 347
444 2509 486 2520 -
501 2470 573 2534 372.
616 2470 691 2534 Non
724 2474 799 2534 sunt
833 2470 912 2533 haec
945 2469 1103 2553 prioribus
1133 2469 1354 2532 continuanda

214 2583 377 2662 tamquam
399 2579 580 2644 Promethei
603 2581 715 2644 verba:
745 2581 785 2642 ab
808 2580 937 2644 Oceano
960 2580 1066 2663 potius
1088 2579 1296 2663 proferuntur
1318 2600 1356 2642 eo

216 2689 357 2768 consili0,
382 2693 418 2752 ut
440 2689 465 2752 si
488 2691 556 2754 fieri
579 2690 680 2773 possit
695 2690 838 2753 Atlantis
861 2693 893 2752 et
908 2688 1072 2772 Typhonis
1094 2688 1246 2771 exemplis
1269 2689 1356 2752 miti-

215 2802 309 2884 getur
342 2799 548 2863 inexorabilis
586 2800 689 2863 adhuc
727 2799 908 2863 Promethei
946 2798 1107 2862 atrocitas.
1153 2798 1356 2863 Documento

215 2913 321 2973 autem
348 2910 405 2973 illa
433 2911 578 2993 exempla
608 2914 683 2973 sunt
710 2931 819 2973 eorum
855 2930 936 2993 quae
963 2908 1088 2972 dixerat
1115 2930 1145 2970 v.
1174 2908 1248 2972 318.
1280 2909 1354 2972 319.

215 3019 332 3094 Quodsi
361 3042 431 3083 cum
459 3000 564 3084 verbis
588 3020 724 3084 Oceani:
761 3025 893 3085 τοιαῦτα
918 3020 1026 3099 μέντοι
1048 3024 1102 3096 τῆ(
1125 3018 1208 3093 ἄγαν
1231 3018 1357 3096 ὑψηγό·

216 3152 275 3209 ρου
298 3133 439 3210 γλώαη(
460 3130 626 3210 τάπίχειρα
648 3132 787 3208 γίγνεται
802 3168 844 3179 —-
859 3129 939 3193 haec
962 3129 1170 3193 conferuntur
1192 3128 1236 3211 (v.
1261 3128 1356 3210 360);

125 3248 196 3299 xxm
216 3221 253 3306 ὃ(
283 3242 381 3308 αὐτὸν
422 3242 572 3320 ἐξέπληξε
609 3246 675 3306 τῶν
713 3242 891 3321 ὑψηγόρων
928 3240 1176 3318 κομπαεμάπων,
1215 3237 1358 3301 dubitari

215 3352 325 3434 nequit
347 3351 424 3435 quin
446 3350 628 3416 Promethei
650 3351 812 3431 ὑψηγορία
833 3353 975 3413 notetur:
999 3348 1123 3433 quodsi
1146 3369 1236 3411 secus
1260 3351 1355 3429 esset,

215 3460 248 3524 in
271 3465 372 3525 semet
392 3462 461 3544 ipse
483 3461 686 3525 inveheretur
708 3460 925 3524 Prometheus.
971 3460 1039 3523 Nec
1065 3457 1163 3521 animi
1186 3458 1249 3520 ista
1273 3479 1357 3520 com-

215 3573 313 3635 motio
336 3572 399 3635 nisi
421 3572 455 3635 in
479 3571 608 3635 Oceano
635 3570 853 3634 misericordia
874 3572 962 3633 tacto
990 3568 1067 3631 satis
1098 3567 1355 3652 intellegeretur,

215 3704 275 3745 nec
297 3680 424 3745 fervens
452 3682 530 3745 adeo
553 3685 585 3744 et
615 3681 809 3765 imaginibus
841 3679 1021 3743 redundans
1053 3677 1207 3741 orationis
1240 3698 1358 3760 genus,

215 3792 352 3855 maxime
374 3815 393 3855 a
415 3815 444 3855 v.
468 3792 546 3874 367,
584 3792 620 3855 in
641 3790 865 3855 Prometheum
888 3789 1089 3871 conveniret,
1128 3786 1179 3850 cui
1201 3787 1267 3849 iam
1291 3810 1361 3852 non

216 3906 264 3966 est
285 3902 386 3967 otium
409 3902 514 3966 aliena
542 3903 627 3966 mala
656 3900 864 3965 lamentandi.
909 3898 1108 3963 Vaticinium
1137 3900 1244 3960 autem
1279 3898 1361 3961 illud

215 4013 326 4096 quidni
352 4013 510 4079 ,Oceanus
547 4011 687 4096 potuerit
720 4033 738 4073 a
770 4012 893 4074 matre
929 4007 1125 4092 comperire?
1182 4006 1362 4072 Praeterea

216 4123 341 4205 mirum,
369 4123 422 4205 qui
446 4144 484 4186 ex
507 4122 731 4186 incitatissimo
752 4120 873 4203 impetu
896 4119 1057 4203 placidum
1079 4117 1183 4181 subito
1207 4138 1244 4180 ac
1269 4118 1363 4182 seda-

216 4236 284 4295 tum
299 4256 328 4295 v.
346 4234 408 4296 373
431 4236 524 4296 exeat
545 4231 699 4296 orationis
722 4230 849 4294 flumen.
882 4229 981 4314 Atqui
1002 4230 1029 4293 si
1051 4249 1161 4292 verum
1182 4226 1361 4310 fateamur,

217 4343 306 4407 nesi
330 4342 458 4408 Oceano
485 4342 612 4428 quidem
640 4342 747 4428 priora
776 4340 975 4422 tribuuntur,
1005 4340 1041 4402 ut
1068 4341 1144 4402 sunt
1169 4336 1361 4423 tribuenda,
