2924 4996
235 352 299 414 484
504 369 549 414 nn
573 368 800 414 reniannanms
824 369 1117 428 nnnrorrrnrnns

236 520 395 586 Vrbinate
417 521 550 603 absunt,
580 523 698 586 πάντε(
721 543 751 604 p.
779 524 806 602 1,
835 523 888 602 16,
912 524 968 600 μὲν
990 524 1023 603 4,
1046 522 1098 604 22,
1122 526 1171 587 δεῖ
1191 523 1223 599 5,
1249 522 1295 604 12,
1317 524 1364 588 ἀν-

236 632 387 711 θρώπου(
402 632 433 709 8,
456 631 507 714 26,
531 653 565 696 τε
581 632 611 712 8,
628 632 680 711 29,
704 634 742 709 δὴ
765 632 865 713 9,19,
889 634 939 696 καὶ
961 632 1061 714 9,15,
1085 633 1205 696 rectius
1221 633 1364 696 collocem

236 743 321 807 πάνυ
344 745 394 806 καὶ
415 743 446 821 5,
470 741 528 822 21,
559 743 748 820 ἐλευθέρου(
776 741 962 823 oisterrich,
989 743 1017 823 1,
1047 742 1091 807 εἰ(
1119 743 1174 821 ἐμὲ
1202 745 1221 821 ἡ
1250 745 1365 808 τούτων

235 856 351 927 γνῶτιε
374 852 403 933 9,
424 852 454 932 9,
479 851 551 914 aliis
565 851 667 913 modis
690 850 908 914 emendatiora
929 852 1075 931 ἡττόνων
1099 875 1158 935 pro
1179 855 1366 931 ἡττωμένων

236 963 266 1042 7,
290 962 320 1044 2,
345 962 507 1039 ἐπιγόνων
524 984 580 1045 pro
596 963 815 1040 ἐπειγομένων
839 963 869 1042 7,
885 961 937 1043 21,
962 962 1088 1046 aliaque
1103 962 1143 1025 de
1158 964 1272 1047 quibus
1294 964 1366 1027 dice

236 1075 287 1134 tur
310 1075 453 1155 posthac.
1055 1072 1061 1081 ’

321 1182 380 1245 His
404 1186 511 1246 autem
533 1183 686 1265 exemptis
715 1182 755 1245 ad
784 1183 888 1265 ipsum
915 1182 1059 1246 ducimur
1082 1183 1271 1248 Chisianum
1292 1184 1368 1248 eodi·

237 1314 314 1356 cem.
359 1292 460 1368 Quem
482 1293 510 1356 si
532 1297 643 1356 tantae
667 1292 870 1376 antiquitatis
898 1292 1014 1356 librum
1037 1297 1069 1356 et
1092 1295 1283 1377 participem
1304 1316 1367 1358 esse

236 1402 319 1465 itlius
343 1403 445 1465 laudis
469 1403 706 1486 cognoscimuS,
731 1424 811 1487 quae
834 1402 986 1466 Vrbinati
1009 1405 1218 1487 suppetebat,
1249 1409 1281 1469 ct
1303 1427 1370 1468 vero

182 1583 184 1587 ¹
236 1512 274 1574 iis
297 1514 420 1576 mendis
443 1535 588 1596 vacuum,
613 1535 746 1596 quorum
769 1513 915 1576 absentia
931 1513 1087 1596 Stephani
1108 1515 1272 1598 exemplar
1294 1537 1371 1579 com-

236 1624 462 1707 mendabatur,
503 1627 638 1707 apparet
670 1627 703 1686 et
736 1623 951 1706 principatum
990 1628 1134 1707 creptum
1167 1624 1372 1689 Hudso'niano

236 1735 336 1797 codici
365 1756 449 1816 csse,
484 1757 545 1810 nec
573 1734 641 1796 leve
669 1733 792 1816 pondus
823 1734 1008 1818 ambiguae,
1048 1737 1083 1798 ut
1109 1734 1295 1817 videbatur,
1327 1735 1372 1798 vel
1448 1728 1449 1733 ¹

236 1848 401 1926 suspectae
431 1844 615 1908 auctoritati
643 1843 782 1907 Parisini
811 1845 970 1907 accedere.
1022 1844 1082 1907 Est
1118 1848 1227 1908 antem
1254 1846 1314 1908 hoc
1339 1867 1373 1908 eo

152 2016 156 2023 ,
237 1958 269 2015 ot
302 1954 482 2037 religiosius
515 1958 548 2017 et
578 1954 760 2017 distinctius
793 1954 1052 2037 expendendum,
1087 1952 1303 2019 Ohisianusnc
1335 1978 1373 2018 an

237 2064 376 2127 Vrbinas
400 2066 434 2127 iu
457 2065 559 2148 primo
581 2065 623 2127 sit
645 2064 714 2127 loeo
737 2065 917 2148 habendus,
942 2087 1004 2149 quo
1027 2064 1144 2128 certius
1167 2066 1230 2128 hac
1252 2066 1374 2128 ratione

234 2174 478 2238 fundamentum
508 2175 638 2238 criticae
665 2196 780 2257 operae
802 2176 836 2239 in
862 2175 1007 2258 Dionysii
1034 2175 1296 2258 Antiquitatibus
1326 2198 1374 2258 po-

235 2285 360 2348 nendae
383 2285 509 2348 iacitur.
556 2284 640 2348 Nam
664 2307 735 2348 cum
758 2285 792 2348 in
813 2308 878 2348 uno
901 2307 1022 2369 qnoque
1046 2285 1203 2367 scriptore
1225 2308 1293 2349 non
1316 2286 1374 2348 eri-

235 2416 299 2477 gna
328 2395 370 2458 sit
391 2396 533 2458 taenarum
556 2394 741 2476 multituda,
765 2395 878 2478 quibus
907 2399 979 2458 utra
1003 2417 1040 2457 ex
1063 2394 1185 2458 duabus
1209 2395 1374 2479 scripturis

236 2525 310 2566 vera
343 2504 386 2566 sit
419 2505 687 2588 (quandoquidem
713 2527 777 2568 una
804 2506 872 2568 sola
905 2508 1011 2589 potest
1044 2506 1085 2567 ab
1109 2505 1188 2587 ⁴ipso
1223 2507 1376 2588 scriptore

237 2613 380 2696 profecta
403 2618 497 2701 csse),
521 2637 587 2679 non
610 2615 706 2678 liceat
728 2616 926 2699 argumentis
949 2637 966 2679 e
988 2636 1022 2678 re
1044 2615 1114 2697 ipsa
1137 2615 1251 2697 petitis
1273 2615 1376 2679 deect-

236 2746 326 2787 nere:
350 2746 445 2807 saepe
467 2726 554 2788 enim
577 2747 635 2789 nec
651 2747 670 2788 a
686 2725 816 2809 linguae
837 2726 961 2810 legibus
983 2746 1044 2788 nec
1066 2725 1107 2786 ab
1129 2747 1188 2787 usu
1212 2725 1376 2808 scriptoris

235 2856 295 2897 nec
311 2858 329 2897 a
345 2835 375 2898 vi
391 2836 571 2899 sententiae
594 2836 687 2899 alteri
710 2836 811 2898 altera
834 2839 994 2919 praestat:
1017 2856 1147 2898 necesse
1169 2844 1220 2898 est
1244 2839 1375 2899 externa

235 2945 409 3009 auctoritas
432 2945 574 3027 accedat,
598 2968 697 3029 equa
719 2945 859 3028 pendeat
880 2945 1041 3008 iudicium.
1073 2945 1181 3027 Atque
1204 2945 1286 3009 haec
1310 2946 1376 3028 ipsa

235 3057 317 3119 ratio
346 3060 415 3120 erat
443 3056 628 3139 saepissime
657 3059 869 3131 correctarum
898 3059 1028 3138 propter
1050 3053 1221 3118 Vrbinatis
1250 3057 1284 3118 et
1307 3054 1377 3118 Utri·

235 3166 317 3229 siani
347 3189 536 3230 eonsensum
563 3166 753 3230 editionum:
791 3187 893 3248 neque
927 3165 1012 3228 enim
1046 3185 1103 3246 per
1137 3185 1170 3227 se
1208 3165 1377 3248 quicquam

236 3299 366 3340 iturissae
389 3281 438 3340 est
461 3299 525 3360 eur,
549 3280 585 3340 ut
607 3276 752 3359 exemplo
774 3279 857 3356 utar,
881 3275 931 3337 vel
954 3278 1088 3340 διελθεῖν
1111 3296 1143 3356 p.
1167 3276 1198 3355 9,
1226 3276 1267 3338 12
1290 3297 1378 3358 prae·

235 3391 321 3450 stare
344 3387 393 3449 vel
416 3390 583 3467 προειπεῖν
607 3386 656 3449 vel
679 3387 779 3451 εἰπεῖν
802 3388 935 3448 statuas.
967 3383 1085 3458 Quodsi
1105 3383 1270 3448 historicis
1287 3407 1379 3469 argir-

235 3498 362 3580 mentiS,
387 3497 439 3580 qui
457 3520 495 3561 en
512 3497 625 3580 quibus
641 3496 731 3559 libris
753 3518 811 3579 per
830 3518 909 3579 (quas
932 3493 1165 3558 vicissitudines
1188 3494 1280 3559 ducti
1304 3495 1378 3575 sint,

236 3608 419 3690 patefacere
452 3607 546 3689 licet,
582 3606 758 3669 certissima
792 3605 919 3689 prodire
951 3603 1115 3667 iudicandi
1142 3626 1259 3668 norma
1288 3607 1378 3669 solet.

237 3717 355 3780 Verum
383 3717 415 3780 id
445 3739 516 3780 cum
544 3716 578 3779 in
607 3716 796 3800 Dionysium
822 3737 1024 3798 nequaquam
1052 3713 1161 3793 cadat,
1191 3714 1276 3778 nihil
1308 3717 1382 3779 reli·

236 3850 332 3910 quum
353 3831 412 3910 est,
436 3827 560 3909 maini,
584 3826 638 3910 qui
660 3826 830 3909 plurima
853 3826 955 3888 bona
979 3824 1077 3888 codex
1092 3824 1223 3905 habeat,
1248 3825 1383 3911 indage

235 3941 304 4001 tur:
328 3938 449 4021 quoia,
475 3937 572 4001 etiam
594 3937 648 4000 ubi
672 3937 832 4020 integrum
857 3957 935 4017 esse,
960 3920 1136 4019 eplurihus
1152 3934 1230 4017 quid
1255 3938 1383 4019 potissi·

236 4070 322 4110 rnmn
345 4048 458 4131 eligas
482 4048 638 4129 videatur,
662 4046 792 4129 propius
809 4046 919 4109 abesse
935 4046 976 4108 ab
999 4045 1068 4128 ipsa
1091 4045 1261 4127 scriptoris
1284 4070 1384 4112 rnanu

237 4157 445 4221 existimetur.
492 4157 536 4220 Et
569 4157 653 4220 hanc
681 4155 807 4239 quidem
835 4156 961 4218 laudem
988 4155 1073 4218 inter
1102 4154 1253 4237 Dionysii
1283 4157 1386 4222 libros

237 4289 311 4330 mss.
346 4290 410 4331 non
449 4268 560 4331 dubito
594 4265 738 4350 equidem
771 4265 922 4328 (thisiano
955 4265 1061 4348 potins
1094 4287 1189 4348 quam
1225 4265 1385 4334 Vrbinati

238 4376 338 4440 codici
361 4377 494 4441 deferre.
541 4376 629 4440 Nihil
654 4380 847 4457 catomum,
871 4375 983 4458 quibus
1006 4397 1082 4456 prae
1106 4375 1267 4456 Stephani
1293 4377 1386 4440 Pari·
