2896 4996
413 315 671 365 auouoroarvu
690 314 972 364 vrunosouausu.
1194 299 1255 362 571

203 470 246 535 69
274 471 403 554 Giton]
433 468 566 534 Habent
598 469 683 532 Max.
713 473 745 532 et
772 469 850 532 Ant.
880 467 987 531 LVIII
1016 490 1047 550 p.
1071 468 1127 550 96,
1156 468 1198 531 35
1225 470 1258 529 et

117 580 344 645 Boissonadius
365 580 381 643 I
404 603 435 663 p.
461 579 531 647 125.

202 690 242 754 61
265 692 448 774 μυετήριον]
471 689 678 754 Demonaetis
699 689 783 772 apud
800 691 921 752 Anton.
940 687 1121 753 CXXXVII
1137 710 1169 770 p.
1182 687 1255 770 217,

116 801 186 882 ars
211 800 280 863 sine
314 800 451 863 auctoris
483 800 612 863 nomine
647 791 730 883 apud
761 798 1006 862 Boissonadium
1033 798 1167 879 ibidem,
1202 798 1257 860 ubi

117 911 236 974 rectius
258 911 410 993 scriptum
436 912 494 989 τήν
518 911 635 991 φιλίαν.
687 908 869 996 [Praeterea
896 910 1037 993 ἐκφήνῃε
1060 909 1163 972 scribe
1186 930 1258 972 cum

117 1019 303 1108 Meinelrio.]

203 1130 243 1193 66
265 1131 416 1214 ποικιλίᾳ]
437 1131 496 1215 atq
520 1129 637 1194 excidit
658 1129 708 1193 rel
732 1129 834 1193 simile
857 1127 1016 1213 quiddam.

202 1239 244 1305 66
266 1240 426 1305 ἀδύνατόν
459 1239 532 1328 ltu]
569 1239 640 1304 Hoc
667 1261 790 1324 qnoque
819 1239 938 1303 editum
969 1238 1257 1303 aBoissonadioI

117 1375 150 1435 p.
177 1350 237 1415 125
259 1373 305 1434 sq.
1307 1340 1309 1345 ¹

205 1461 246 1524 70
272 1461 291 1524 ὁ
329 1461 426 1525 αὐτὸ(
462 1460 666 1549 θεαεάμενοε]
700 1460 859 1526 Videntur
891 1461 952 1524 duo
985 1459 1259 1545 apophthegmata

62 1644 65 1648 Α
118 1569 289 1635 coaluisse:
313 1592 372 1634 nec
395 1571 537 1633 enimin
560 1570 757 1652 οἰκοφθόρον
773 1571 955 1650 εὐπρεποῡ(
969 1572 1118 1658 γυναικὸς
1135 1571 1259 1650 ἐρῶντα

117 1680 270 1746 convenit
291 1681 367 1745 τοὺ(
388 1685 448 1746 τοῦ
471 1682 615 1760 (ώματοε
638 1681 769 1760 {potuit
795 1684 998 1759 μεταγαγεῖν,
1028 1684 1060 1743 et
1088 1701 1161 1743 vero
1183 1679 1258 1744 Dio-

117 1792 195 1880 geni
217 1813 236 1854 a
259 1790 405 1874 Diogene
426 1789 554 1853 Laertio
576 1789 638 1873 VI,
662 1790 703 1854 58
726 1793 759 1853 et
773 1791 910 1854 Arsenio
933 1812 964 1873 p.
981 1789 1041 1854 201
1065 1788 1126 1853 boc
1147 1790 1258 1853 tribui-

117 1906 186 1965 tur:
219 1903 415 1979 eeucducuoc
446 1901 606 1979 μειράκιον
640 1903 912 1983 φιλοεοφοῦν,
946 1900 1037 1979 εὖγε,
1069 1899 1176 1977 εἶπεν,
1211 1901 1258 1965 ὅτι

116 2013 193 2077 τοὺς
212 2016 271 2076 τοῦ
294 2013 440 2092 εώματο(
462 2011 594 2090 ἐραετὰ(
617 2000 673 2074 ἐπὶ
701 2013 738 2075 τὸ
756 2015 811 2090 τῆ(
834 2015 940 2091 ψυχή(
967 2011 1083 2075 κάλλοε
1106 2012 1326 2089 μετὰγειονΙΠ

117 2121 167 2185 De
191 2122 376 2205 οἰκοφθόρῳ
403 2123 509 2184 autem
537 2120 611 2204 quid
639 2124 806 2183 narratum
832 2120 945 2202 fuerit,
975 2141 1041 2184 non
1063 2120 1259 2204 repperimus

117 2231 206 2295 alibi.
251 2230 319 2296 Sed
345 2230 424 2294 haec
452 2230 513 2293 duo
542 2251 612 2293 cum
639 2230 862 2312 miscerentur,
898 2229 1048 2294 credibile
1081 2233 1129 2293 est
1161 2230 1256 2293 etiarn

118 2343 279 2420 Διογένη(
306 2362 423 2404 nomen
451 2340 606 2403 excidisse
634 2343 666 2402 et
693 2339 794 2404 solum
822 2341 840 2405 ὁ
870 2340 966 2405 αὐτὸ(
998 2339 1145 2403 relictum
1178 2362 1256 2423 esse,

117 2451 202 2535 quod
231 2451 345 2515 deinde
373 2450 434 2533 ipsi
462 2450 555 2514 initio
588 2428 847 2534 praeponeretur.
899 2449 1096 2533 Quamquam
1120 2449 1138 2514 ὁ
1161 2450 1258 2515 αὐτὸ(

118 2561 216 2625 verba
245 2584 309 2625 non
333 2583 505 2646 numquam
533 2561 629 2624 etiam
653 2560 841 2625 oscitantiae
863 2564 982 2624 temere
1015 2560 1259 2624 transcribentis

118 2670 285 2753 debentur,
309 2673 345 2734 ut
366 2672 401 2734 in
424 2670 625 2734 Boissonadii
648 2670 770 2735 Anecd.
794 2669 826 2734 II
847 2692 880 2753 p.
903 2670 976 2734 467.

203 2781 243 2844 74
266 2783 397 2866 πράεεῃ]
426 2780 576 2844 Fortasse
604 2782 759 2866 updrrqr,
788 2781 851 2844 nisi
873 2801 917 2846 τι(
940 2780 1102 2844 exciderit.
1143 2779 1257 2855 Quam-

116 2913 214 2974 quam
235 2911 276 2955 ne
298 2891 358 2954 hoc
381 2890 508 2974 quidem
534 2892 758 2955 necessarium.
806 2889 1023 2976 [Ἀπαιδεύτου
1046 2913 1075 2953 ν.
1094 2889 1134 2953 73
1157 2910 1257 2953 corre·

114 3001 165 3064 xit
186 3000 383 3088 Meiuekius]

204 3111 245 3175 74
272 3111 447 3193 ἄνθρωποι
477 3111 696 3194 μιαρολογῶν]
724 3110 835 3174 Edidit
862 3111 960 3174 otiam
988 3107 1214 3173 Boissonadius
1242 3109 1258 3171 I

113 3244 148 3303 p.
176 3221 270 3284 12ss

206 3332 246 3394 76
268 3332 347 3397 ὅταν
375 3330 576 3418 λοιδορηθῄε]
601 3331 717 3394 Exstat
738 3330 856 3394 ibidem
884 3332 916 3393 et
943 3331 978 3392 in
999 3329 1067 3392 Nili
1089 3327 1257 3392 sententiis

113 3441 201 3524 apud
224 3441 378 3506 Orellium
400 3441 469 3525 lp.
493 3442 566 3506 330.
1271 3420 1274 3423 Ι

203 3550 243 3613 79
267 3550 365 3638 [Quae
388 3554 562 3634 sequuntur
585 3553 734 3634 quattuor
757 3549 951 3631 sententiae,
976 3570 1030 3612 eas
1053 3570 1069 3611 e
1090 3547 1257 3631 Theophy-

111 3659 195 3723 lacti
218 3658 411 3725 Simocattae
434 3661 578 3744 epistulis
601 3660 718 3743 petitas
741 3680 809 3722 esse
837 3658 946 3723 docuit
967 3657 1194 3721 Boissonadius
1217 3657 1258 3720 ad

110 3768 305 3834 Philostrati
326 3770 430 3854 Epist.
455 3794 486 3854 p.
503 3769 566 3834 209
588 3792 634 3853 sq.
677 3768 722 3832 Et
743 3769 880 3851 primam
901 3768 1028 3852 quidem
1049 3791 1080 3830 ν.
1100 3768 1140 3831 79
1162 3769 1257 3848 Ἀνὴρ

110 3880 295 3959 ἐπίφθονα(
318 3901 356 3943 ex
379 3881 471 3963 epist.
496 3880 595 3961 8;,-
616 3902 646 3942 ν.
663 3879 704 3942 82
726 3880 762 3944 Τί
784 3883 863 3956 δῆτα
884 3879 922 3943 τὸ
947 3879 1042 3943 κενὸν
1065 3899 1103 3939 ex
1127 3899 1176 3959 op.
1201 3878 1257 3960 793

108 4027 158 4038 —
182 4011 210 4051 ν.
235 3990 276 4053 88
297 3991 424 4055 Ὁδὶτου
447 3994 550 4070 χεῖρε(
572 4011 611 4052 ex
634 4010 683 4071 ep.
710 3988 765 4070 833
786 4026 829 4037 -
850 4011 877 4052 ν.
900 3988 942 4052 86
963 3989 995 4052 Εἰ
1021 3987 1123 4068 λύπη(
1151 3988 1256 4066 ἐθελή-

107 4119 237 4165 cerceis
261 4120 309 4181 ep.
333 4098 397 4186 86]

201 4208 244 4271 84
274 4209 429 4293 Πλάτων]
463 4211 502 4273 In
535 4209 663 4291 scriptis
701 4208 827 4290 quidem
858 4206 1003 4293 Platonis
1040 4229 1107 4271 non
1140 4210 1255 4270 exstat.

110 4317 363 4407 [Theophylacti
391 4319 527 4403 epistula
555 4320 596 4384 85
625 4339 695 4382 cum
723 4316 838 4381 lemma
864 4317 981 4403 habeat
1007 4319 1148 4383 Πλάτων
1178 4319 1255 4382 Διο-
