2948 4996
241 327 305 391 374
598 342 645 388 ns
669 340 841 390 nsscnrm
863 340 1032 389 vsssmvs

242 495 356 559 horum
384 493 526 559 omnium
555 494 826 559 constructionem
852 493 1006 577 pervidit:
1033 492 1249 576 improbanda
1280 495 1394 557 autem

245 628 315 670 cum
338 605 491 669 aliatum
514 604 608 688 illud,
632 604 715 689 quod
737 627 804 669 non
818 604 923 668 minus
945 603 1090 687 profecto
1106 604 1293 694 ταυτολογα
1316 608 1394 668 sunt

244 717 373 796 πρόναα
395 719 428 779 et
449 716 642 795 δουρίπηχθ’
665 715 776 792 ἁγνοῖς
798 716 909 794 δόμοι(
936 736 1031 799 quam
1055 714 1138 797 apud
1162 712 1393 777 Hermannum

244 826 507 909 Dindorfiumque
535 831 562 890 δ.
587 827 698 901 ἁγνοῖς
720 826 829 904 δόμοις
853 828 885 888 et
906 827 970 905 πρὸ
993 829 1083 890 ναῶν
1111 825 1219 889 verba.
1264 823 1393 888 Rursus

245 938 351 1000 autem
388 957 459 999 cum
495 936 562 999 solo
595 935 761 1000 Dindorfio
794 935 930 999 alterum
962 937 1174 1011 ταυτολογίας
1207 934 1392 1018 exemplum

245 1046 421 1130 participat
449 1045 546 1109 etiam
573 1046 679 1108 nunus
706 1044 889 1128 tolerabile,
924 1045 1008 1128 quod
1036 1046 1177 1108 cernitur
1198 1045 1234 1108 in
1257 1047 1392 1126 λάφυρα

245 1160 335 1241 δᾴων
358 1158 390 1219 et
411 1157 577 1234 πολεμίων
606 1157 763 1234 ἐςθήματα
784 1155 963 1220 vocabulis:
1000 1156 1061 1219 sibi
1090 1159 1195 1219 autem
1224 1156 1391 1239 propriam

246 1266 331 1330 hanc
353 1266 496 1349 culpam,
526 1265 609 1348 quod
631 1265 762 1329 minime
785 1266 950 1351 vulgarem
972 1268 1080 1346 ςτέψω
1104 1266 1190 1330 vocis
1212 1287 1307 1329 usum
1330 1266 1391 1329 sibi

174 1395 179 1404 ·
246 1376 405 1461 persuasit
426 1376 650 1458 interpolatori
673 1375 791 1440 deberi.
837 1376 905 1450 Quo
928 1376 1052 1440 accedit
1074 1377 1156 1460 quod
1179 1397 1312 1459 prorsus
1334 1377 1390 1439 im·

246 1486 360 1551 merito
392 1486 485 1550 uobis
515 1485 640 1548 videtur
661 1485 740 1549 illud
767 1485 802 1548 in
825 1485 1012 1550 Hermanno
1042 1487 1221 1568 criminari,
1250 1487 1337 1570 quod
1363 1487 1390 1549 is

247 1619 313 1660 non
346 1596 478 1659 ferenda
510 1595 643 1659 libidine
677 1596 740 1658 alia
768 1618 807 1659 ex
835 1596 906 1660 aliis
934 1596 1071 1661 Medioei
1100 1596 1217 1660 codicis
1246 1597 1391 1660 versibus

247 1710 395 1790 suscepta
416 1706 451 1769 in
473 1728 572 1769 unum
595 1705 780 1770 contulerit:
809 1707 900 1790 quasi
922 1728 988 1770 nou
1011 1708 1107 1791 longe
1128 1706 1391 1790 frequentissimo

247 1840 305 1880 usu
327 1816 388 1881 hoc
414 1818 518 1900 ipsum
547 1816 691 1897 eveniat,
725 1819 762 1879 ut
783 1816 960 1899 promiscue
988 1817 1023 1881 iu
1046 1817 1207 1881 codicibus
1231 1816 1390 1900 congluti-

248 1927 333 1991 natis
362 1928 551 2010 scriptorum
579 1925 906 2010 interpolatorumque
935 1928 1038 1990 verbis
1066 1926 1145 1990 illud
1174 1949 1274 1990 unum
1304 1948 1391 2010 spec-

247 2037 381 2102 tandum
408 2037 467 2119 sit,
485 2017 539 2100 'ut
565 2034 639 2120 quid
669 2039 782 2118 suapte
809 2040 925 2100 natura
954 2036 1090 2120 dignum
1122 2059 1191 2101 esse
1222 2037 1390 2121 scriptore,

248 2148 324 2232 quid
356 2169 468 2231 sapere
501 2146 709 2231 interpretem
742 2147 902 2228 videatur,
939 2147 1060 2210 acriore
1091 2147 1209 2211 iudicio
1241 2147 1391 2231 dispicia-

249 2282 327 2323 mus.
354 2257 466 2353 ¹Hane
493 2256 593 2341 igitur
620 2279 765 2320 normam
794 2257 894 2320 secuti
922 2258 1059 2340 primum
1087 2259 1150 2336 πρὸ
1173 2263 1266 2324 ναῶν
1294 2258 1392 2320 inter-

249 2370 484 2452 pretamentum
514 2389 582 2431 esse
611 2368 738 2431 illorum
767 2388 848 2451 quae
877 2370 953 2430 sunt
981 2370 1171 2447 δουρίπηχθ’
1196 2369 1311 2444 ἁγνοῖς
1340 2368 1391 2432 δό-

249 2500 320 2558 μοις
343 2477 603 2560 pronuntiamus:
627 2477 741 2541 deinde
758 2479 922 2556 πολεμίων
945 2478 1267 2562 interpretamentum
1290 2479 1391 2542 δαῑων

250 2587 405 2652 nominis:
448 2592 560 2651 contra
601 2610 667 2651 non
705 2588 906 2651 concedimus
943 2588 1078 2652 eandem
1118 2588 1279 2651 rationem
1324 2609 1392 2650 esse

251 2700 408 2776 ἐςθήματα
430 2700 463 2760 et
489 2700 619 2778 λάφυρα
644 2699 821 2762 notionum.
867 2697 951 2762 Nam
980 2699 1040 2762 etsi
1068 2698 1146 2762 illud
1169 2697 1299 2781 quidem
1325 2696 1393 2760 fere

252 2808 412 2892 poeticum
438 2811 565 2871 tantum
588 2813 652 2891 est,
682 2812 717 2872 at
743 2810 803 2872 hoc
831 2830 891 2872 nec
919 2809 1157 2892 frequentatum
1184 2828 1301 2891 prosae
1323 2829 1393 2870 ora-

251 2919 348 2982 tionis
381 2918 587 3001 scriptoribus
621 2940 679 2981 nee
713 2919 754 2982 ab
787 2919 864 3002 ipsis
897 2918 1030 3003 tragicis
1062 2919 1166 3001 poetis
1199 2918 1265 2981 ullo
1299 2920 1393 3001 pacto

252 3030 391 3093 alienum
428 3028 582 3092 novimus.
638 3026 736 3092 Velut
771 3030 805 3092 in
842 3029 952 3092 eadem
989 3051 1117 3111 prorsus
1154 3050 1267 3091 caussa
1310 3030 1394 3093 θεοῖς

252 3142 383 3220 λάφυρα
423 3143 521 3203 ταῦτα
554 3143 621 3202 τοῖς
655 3141 727 3202 καθ’
761 3140 894 3203 Ἑλλάδα
923 3140 1033 3215 δόμοι(
1067 3140 1306 3204 ἐπαςςάλευςαν
1338 3140 1394 3216 ἀρ-

252 3254 346 3329 χαῖον
369 3250 469 3325 γάνος
492 3249 561 3331 ipse
576 3247 754 3330 Aeschylus
777 3249 858 3311 dixit
880 3249 1134 3334 Agamemnonis
1157 3272 1187 3312 v.
1204 3249 1268 3313 556
1286 3251 1394 3332 (ἐπας-

254 3362 407 3425 ςάλευςαν
429 3359 556 3442 quidem
580 3359 807 3421 convenienter
828 3358 858 3421 ei
880 3359 963 3443 quod
986 3363 1035 3423 est
1056 3360 1284 3444 δουρίπηκτα),
1311 3359 1395 3422 simi·

253 3469 327 3533 liter
359 3470 442 3534 idem
476 3472 633 3549 λαφύροις
672 3474 763 3547 δῶμα
801 3472 944 3548 κοςμήςει
977 3471 1099 3549 πατρός
1134 3468 1228 3532 huius
1266 3470 1397 3532 fabulae

253 3602 283 3642 ν.
312 3581 377 3642 460
385 3629 394 3660 ,
422 3579 499 3643 item
523 3581 554 3642 ςὲ
577 3581 772 3658 παγχμύςοις
805 3580 869 3655 ἐγὼ
899 3582 1006 3658 ςτέψιιι
1034 3582 1193 3661 λαφύροις
1221 3579 1398 3662 Sophocles

255 3688 355 3752 Aiace
377 3690 428 3771 92,
453 3690 517 3752 alia
543 3689 594 3751 vel
622 3688 791 3772 Sophoclia
818 3690 868 3752 vel
890 3688 1056 3772 Euripidis
1084 3709 1124 3751 ne
1147 3708 1235 3751 nuno
1258 3690 1398 3753 cumule-

219 3812 335 3862 xmus.
380 3797 426 3862 Vt
460 3802 546 3861 reete
577 3820 670 3880 sane,
704 3821 800 3882 quam
825 3798 879 3861 diu
909 3803 965 3862 aut
990 3801 1145 3877 ἐςθήματα
1178 3803 1235 3862 aut
1267 3803 1401 3883 λάφυρα

256 3908 419 3991 scripsisse
443 3908 619 3992 Aeschylus
648 3908 828 3992 putabitur,
857 3909 936 3972 illud
959 3909 1123 3992 aliquanto
1146 3908 1243 3973 etiam
1268 3910 1401 3995 dignius

256 4022 350 4101 poeta
373 4017 544 4101 habeatur,
567 4019 600 4082 id
623 4020 706 4102 quod
729 4019 892 4083 verissimo
914 4019 1031 4083 iudicio
1052 4018 1260 4082 Hermannus
1285 4022 1400 4104 sensit,

256 4128 372 4191 rectius
394 4132 504 4192 tamen
526 4132 674 4193 neutrum
697 4129 805 4193 eodem
829 4129 998 4214 indignum
1020 4128 1177 4193 credatur.
1223 4129 1275 4192 lta
1300 4121 1404 4216 igitur

257 4237 436 4321 segregatis
465 4261 483 4300 a
516 4240 729 4322 genuinorum
759 4241 913 4303 societate
946 4239 1065 4323 apertis
1098 4239 1404 4323 interpretamentis

257 4369 336 4432 quae
359 4348 470 4412 relicta
486 4353 562 4414 suut
582 4355 745 4436 tamquam
767 4373 824 4417 sua
846 4354 960 4435 sponte
983 4351 1016 4414 in
1039 4372 1147 4416 versus
1168 4351 1312 4417 formam
1335 4358 1405 4419 tam
