2948 4996
224 325 286 398 308
548 344 575 398 c.
600 342 1040 399 ua1s1cnal1cuolr1osns

223 505 261 570 τὸ
290 505 375 571 Δῖον
403 524 432 567 v.
465 503 556 567 1035.
602 501 756 589 Similiter
783 525 813 566 ν.
844 502 904 567 169
932 503 966 567 in
1001 511 1070 566 ΝΟ(
1103 504 1288 587 corruptum
1318 507 1366 568 est

223 622 306 677 ΔΙΟ(
337 614 372 676 in
403 635 468 678 uno
502 614 619 678 codice.
671 612 873 677 Geminanda
905 617 1071 696 praetcrea
1099 603 1137 679 δῖ
1157 615 1283 698 syllaba
1306 619 1364 697 est,

223 728 256 787 et
278 725 317 788 οὐ
339 723 504 787 lenissima
526 724 703 787 mutatione
727 723 975 787 convertendum
998 724 1033 787 in
1055 723 1130 806 ὅτι,
1155 725 1189 787 in
1212 725 1366 808 proximis
1389 720 1393 724 ’

223 837 330 897 autern
346 833 553 898 adsciscendo
570 836 657 898 certa
673 832 853 897 Hennanni
871 833 1061 916 emendatio
1086 838 1122 897 ut
1138 834 1177 897 ad
1193 835 1365 918 pristinum

223 945 360 1007 nitorem
383 944 430 1008 sic
452 943 559 1007 omnia
582 947 735 1008 revocata
754 944 835 1007 sint:

415 1106 485 1171 άτι
508 1107 548 1170 δὲ
571 1107 682 1171 δέδια
704 1107 794 1170 Δῖα
817 1108 904 1185 μηδ’
927 1105 1105 1188 ἄφυκτον

509 1217 750 1296 κρειςςόνων
773 1220 875 1281 θεῶν
899 1217 996 1295 ἔρως

595 1325 696 1404 ὄμμα
718 1347 762 1404 με
784 1326 1057 1405 προςδρακείη.

307 1494 347 1559 V.
371 1495 434 1559 912
456 1515 522 1558 non
545 1497 593 1557 est
615 1493 653 1558 de
675 1494 787 1576 nihilo,
805 1494 896 1578 ,quod
921 1495 1002 1578 apud
1016 1493 1249 1558 ¹Robortellum
1272 1495 1367 1558 omis-

223 1626 292 1668 sum
314 1608 345 1670 r’
360 1609 429 1695 esta
463 1604 532 1667 Nec
555 1604 641 1668 enim
662 1604 740 1667 ferri
762 1603 815 1667 hic
837 1608 955 1687 potest,
980 1604 1053 1687 quia
1076 1603 1159 1688 quod
1183 1604 1368 1668 adnectitur

224 1717 352 1799 copula,
382 1715 508 1796 θρόνοι,
538 1736 604 1777 non
632 1714 772 1798 adauget
797 1715 848 1777 vel
871 1715 1047 1797 amplificat
1069 1715 1226 1777 ambitum
1248 1715 1368 1798 prioris

222 1826 375 1908 notionis,
399 1824 453 1888 sed
476 1846 550 1907 pars
573 1828 622 1888 est
643 1824 835 1907 tyrannidis.
867 1823 1070 1890 Constructio
1092 1824 1263 1888 verborum
1285 1825 1369 1888 haec

223 1939 286 1998 est:
308 1935 496 2014 τυραννίδος
519 1936 644 2015 ἐκβαλεῖ
666 1934 773 2000 άιςτον
796 1936 935 2014 θρόνων.

140 2062 207 2111 xxix
307 2044 347 2109 V.
365 2045 427 2109 930
449 2045 490 2109 ςύ
513 2052 582 2124 θην
605 2044 817 2108 scribendum.
848 2038 1005 2108 Rectc'in
1026 2043 1137 2107 Iliadis
1158 2043 1239 2108 VIII
1255 2067 1286 2108 v.
1303 2045 1369 2110 448

39 2161 44 2169 '
228 2154 359 2218 Wolfius
382 2155 422 2219 οὐ
444 2157 501 2234 μέν
524 2161 582 2234 θην
604 2193 656 2217 -.

307 2265 347 2328 V.
369 2265 429 2329 951
454 2264 685 2349 disiungendae
707 2268 782 2328 sunt
804 2264 996 2347 particulae:
1025 2266 1075 2329 καὶ
1102 2268 1202 2330 ταῦτα
1224 2267 1285 2342 μέν
1308 2287 1368 2330 τοι.

307 2373 347 2438 V.
371 2374 433 2438 972
465 2397 594 2458 prorsus
626 2398 693 2439 uon
724 2374 823 2439 habet
855 2396 916 2457 quo
950 2375 1123 2438 referatur:
1159 2377 1196 2437 ut
1223 2373 1369 2438 dubitari

222 2488 361 2568 nequeat
388 2486 466 2567 quin
487 2488 560 2568 post
581 2509 611 2549 ν.
635 2485 694 2550 971
726 2484 926 2548 interciderit
947 2507 1028 2548 unus
1052 2484 1203 2548 Mercurii
1226 2485 1368 2549 versicu-

223 2594 282 2676 lus,
307 2616 368 2677 quo
389 2594 443 2656 ille
466 2595 556 2679 ὕβριν
579 2595 780 2678 exprobrarit
800 2594 1000 2659 Prometheo
1141 2591 1144 2597 ’

306 2702 347 2767 V.
371 2703 435 2768 984
456 2703 662 2787 scholiastae,
686 2703 884 2787 lividatur,
908 2726 973 2767 non
995 2704 1145 2789 legerunt
1167 2709 1367 2789 ςωφρονεῖν,
1401 2758 1403 2761 .

223 2812 275 2877 sed
300 2817 436 2895 φρονεῖν
458 2815 574 2897 potius.
620 2814 713 2878 Alter
735 2814 821 2878 enim
844 2851 885 2862 -
906 2818 964 2879 τοῦ
993 2815 1074 2878 Διὸς
1101 2816 1287 2900 καταφέρῃ,
1318 2816 1368 2879 in·

222 2924 300 3008 quit,
326 2924 432 3004 ὥςπερ
456 2925 527 2989 οὐκ
550 2926 663 2989 εἰδὼς
692 2925 740 2989 ὅτι
768 2929 826 2988 ςοῦ
854 2925 969 3003 μείζων
997 2923 1106 3004 ἰςχύςι;
1145 2924 1228 2988 alter
1257 2929 1367 2989 autern

222 3035 262 3097 ad
284 3057 312 3097 v.
335 3057 396 3118 sq.:
424 3038 531 3100 καλῶς
558 3036 720 3114 λέγειςμὴ
744 3039 911 3115 φρονεῖν
934 3036 1002 3113 ἐμέ·
1026 3035 1051 3099 εἰ
1072 3035 1134 3113 ’γάρ
1157 3034 1222 3110 ἐγὼ
1246 3035 1368 3116 ἐφρό-

221 3165 318 3210 νουν
340 3166 368 3209 e.
392 3167 422 3228 q.
447 3167 471 3208 s.
517 3145 665 3208 Forsitan
699 3143 799 3228 igitur
830 3166 888 3227 pro
922 3145 1015 3210 οὔπω
1048 3147 1232 3225 ςωφρονεῖν
1268 3151 1368 3228 poeta

157 3333 160 3339 Δ
222 3255 385 3338 scripserit
407 3256 477 3320 οὐκ
500 3254 627 3335 ὀρθῶς
651 3258 839 3335 φρονεῖν,
863 3257 899 3318 ut
921 3258 969 3318 est
990 3277 1020 3318 ν.
1048 3254 1129 3318 1002
1151 3254 1260 3335 ὀρθῶς
1284 3278 1369 3337 φρο-

222 3369 298 3430 νεῖν.
341 3365 451 3429 Etiam
472 3387 503 3428 ν.
529 3365 612 3429 1014
633 3366 789 3446 φρόνηςις
811 3364 903 3446 redit,
927 3385 994 3427 non
1017 3365 1218 3445 ςωφροςύνη.

306 3474 346 3538 V.
364 3475 426 3540 995
441 3473 523 3557 quod
546 3475 650 3538 estin
672 3478 764 3558 parte
789 3474 943 3538 librorum
964 3496 1051 3554 mss,
1075 3476 1368 3557 λευκοπτέροις

222 3587 371 3667 νιφάςι,
396 3587 543 3667 apertum
564 3588 613 3648 est
634 3589 798 3668 praestare
819 3585 951 3669 vulgato
974 3585 1177 3668 λευκοπτέρῳ
1200 3588 1323 3667 νιφάδι.

306 3682 446 3759 VJ1023
462 3694 595 3758 offendit
609 3717 659 3760 τοι
675 3695 709 3758 in
724 3694 862 3778 simplici
877 3694 1062 3758 narratione
1084 3715 1150 3757 non
1173 3694 1252 3758 alibi
1276 3718 1368 3759 usur-

222 3807 343 3887 patum.
388 3804 483 3868 Cuius
505 3804 565 3867 etsi
587 3803 693 3868 facilis
714 3805 850 3886 mutatio
873 3805 978 3869 estin
1000 3823 1060 3886 cor,
1084 3807 1229 3887 praestat
1253 3809 1368 3870 tamen

222 3914 304 3998 quod
327 3915 361 3977 in
384 3936 447 3978 uno
469 3913 573 3998 Regio
595 3914 730 3999 legitur:
756 3916 837 3979 Διὸς
860 3917 894 3978 δ’
916 3916 987 3991 ἔτι,
1010 3915 1072 3977 hae
1093 3915 1259 3978 sententia
1282 3917 1369 3999 posi·

221 4031 304 4088 tum:
332 4032 446 4089 reditui
466 4032 496 4088 in
519 4031 614 4089 lucem
636 4036 688 4090 tuo
711 4030 834 4088 accedet
854 4032 944 4088 ctiam
966 4030 1051 4088 illud.

306 4133 346 4198 V.
365 4136 443 4198 1031
462 4157 533 4198 curn
556 4134 697 4198 construi
719 4133 821 4217 possit
836 4134 1016 4219 dupliciter,
1041 4137 1096 4197 aut
1119 4133 1200 4214 ἀμφὶ
1222 4141 1372 4217 κνεφαῖά

222 4246 300 4324 βάθη
324 4245 501 4324 Ταρτάρου,
525 4248 580 4307 aut
602 4245 645 4310 εἰς
668 4250 805 4325 κνεφαῖα
827 4245 908 4326 ἀμφὶ
930 4246 1098 4323 Ταρτάρου
1121 4245 1215 4324 βάθη,
1251 4249 1370 4311 tamen

221 4353 384 4416 difficilem
407 4358 540 4438 utraque
567 4355 691 4418 ratione
717 4347 1031 4437 explicatum'habet
1053 4355 1134 4435 ἀμφί
1155 4357 1371 4438 praepositio.
