2896 4996
227 328 291 391 584
606 344 653 389 na
676 343 746 390 ono
770 344 814 389 ar
836 342 979 390 omens.
1106 335 1108 340 “

229 500 279 559 tas
307 518 372 559 non
400 495 601 559 mediocriter
629 496 807 577 alliciebat,
836 499 905 558 tum
932 498 983 575 ut,
1013 495 1068 578 qui
1092 495 1373 560 coniunctissimus

230 627 301 668 cum
331 605 450 669 Orione
478 610 542 686 est,
580 606 678 669 Orum
707 606 874 688 antiquum
902 607 935 668 et
962 606 1098 688 probum
1124 607 1373 690 grammaticum

229 714 408 779 immeritae
430 715 582 779 oblivioni
606 720 788 798 exemptum
810 737 866 778 suo
892 714 1095 779 redderemus
1117 716 1246 781 honori.

763 910 835 990 aa.

316 1047 525 1110 Difficultatis
549 1047 635 1110 enim
656 1047 741 1109 illius
764 1067 845 1130 quae
868 1046 948 1109 duae
976 1050 1052 1110 sunt
1081 1069 1233 1130 caussae,
1269 1070 1375 1111 earnm

231 1158 332 1220 altera
356 1157 390 1219 in
412 1157 482 1239 ipsa
504 1157 671 1220 nominum
692 1156 902 1220 similitudine
925 1157 982 1221 Ori
1003 1160 1035 1220 et
1058 1157 1189 1222 Orionis
1223 1159 1372 1241 cernitur,

231 1266 333 1330 altera
357 1266 396 1329 ad
420 1267 533 1330 dubias
556 1289 621 1330 non
643 1289 707 1329 unc
736 1267 866 1330 nomine
893 1267 1033 1330 rationes
1055 1288 1165 1331 eorum
1188 1291 1373 1333 monumen·

213 1381 336 1439 'torum
364 1377 519 1458 pertinet,
555 1397 688 1459 quorum
715 1377 904 1459 praecipuus
931 1377 966 1439 in
994 1377 1055 1440 hac
1084 1379 1275 1462 quaestione
1303 1402 1373 1443 usus

232 1491 297 1565 est,
336 1508 416 1569 quae
449 1490 525 1549 sunt
560 1487 784 1569 Etymologica
818 1508 944 1569 graeca.
995 1487 1043 1551 De
1075 1488 1190 1571 quibus
1225 1490 1372 1573 quoniam

233 1597 347 1659 iterum
375 1596 545 1660 dicendum
573 1597 659 1659 infra
693 1601 756 1679 est,
791 1597 844 1659 hic
877 1596 1003 1680 quidem
1036 1598 1176 1661 breviter
1210 1621 1371 1664 monemus

232 1727 298 1770 non
320 1727 413 1789 posse
435 1707 468 1770 in
492 1706 552 1770 hoc
574 1727 692 1791 genere
715 1707 885 1790 quicquam
907 1707 956 1769 vel
978 1711 1065 1770 recte
1088 1708 1140 1770 vel
1162 1709 1261 1792 plene
1284 1710 1371 1774 aesti-

233 1817 328 1899 mari,
363 1816 425 1879 nisi
455 1817 488 1880 in
519 1817 655 1902 singulis
684 1817 837 1900 exemplis
865 1839 930 1880 nou
957 1820 1085 1881 tantum
1108 1822 1141 1882 et
1163 1818 1323 1904 Magnum
1343 1826 1372 1883 et

234 1926 416 1990 Gudianum
450 1930 483 1990 et
509 1926 653 1990 Zonarae
681 1926 905 2012 Etymologica
939 1927 1032 1991 simul
1059 1928 1146 1992 inter
1181 1952 1218 1993 se
1252 1952 1371 2013 compa·

233 2040 355 2119 rentur,
385 2037 440 2100 sed
463 2038 561 2100 etiam
583 2038 829 2121 diligentissime
853 2038 1037 2101 consulatur
1059 2039 1240 2123 scripturae
1262 2041 1371 2105 discre-

233 2148 346 2230 pantia
369 2169 407 2210 ex
428 2147 660 2231 Etpmologicis
683 2148 872 2230 Havniensi,
897 2148 1083 2231 Oxoniensi,
1107 2151 1249 2214 maxime
1272 2155 1373 2215 autem

234 2280 251 2321 e
273 2257 428 2323 Parisinis
452 2279 470 2319 a
493 2256 637 2338 Blochio,
663 2257 814 2341 Barkero,
842 2257 968 2341 Koesio,
992 2258 1140 2323 Beklrero
1162 2265 1372 2346 excerpta,a

235 2368 360 2432 Sturzio
383 2373 489 2431 autem
512 2391 624 2451 parum
649 2369 811 2432 commode
826 2369 980 2452 disposita
995 2369 1030 2432 in
1045 2368 1266 2455 Etymologiei
1282 2371 1372 2436 Gudi-

235 2477 290 2540 ani
311 2476 450 2540 editione
473 2501 504 2561 p.
521 2479 710 2543 cao-1076
727 2480 843 2542 collata
859 2480 1059 2562 praefatione
1075 2503 1106 2564 p.
1124 2480 1330 2546 VIII—XIII
1344 2486 1373 2545 et

236 2587 363 2651 Orionis
386 2587 525 2652 editione
546 2612 578 2672 p.
605 2589 782 2653 185-192.
826 2588 876 2652 Ex
898 2590 947 2654 his
970 2589 1190 2654 Parisinorum
1213 2597 1308 2656 tanta
1330 2597 1374 2656 est

234 2697 358 2761 utilitas
381 2700 431 2780 ut,
463 2697 539 2762 licet
561 2704 593 2762 et
615 2699 723 2763 Koesii
745 2700 840 2763 fidem
862 2722 928 2764 non
951 2701 1019 2765 sine
1042 2701 1167 2765 ratione
1191 2702 1373 2767 addubitem

236 2810 268 2870 et
290 2806 470 2870 Bekkerum
494 2809 660 2872 incohasse
682 2810 786 2894 magis
810 2811 994 2874 conferendi
1022 2811 1164 2875 laborem
1188 2835 1288 2896 quam
1309 2835 1373 2896 per-

235 2922 375 2982 secutum
401 2940 469 2982 esse
492 2919 631 3000 doleam,
655 2925 766 2983 tamen
788 2942 847 2983 nec
869 2920 961 2983 huius
984 2922 1125 3004 potuisse
1148 2921 1374 3005 disputationis

236 3030 335 3092 nodos
358 3030 426 3092 sine
448 3029 575 3092 illorum
597 3052 656 3112 ope
679 3013 757 3093 satis
780 3030 921 3113 expediri
944 3031 1123 3115 cognorim,
1153 3033 1274 3097 necin
1297 3037 1374 3096 trac·

235 3139 343 3202 tandis
366 3139 597 3223 Etymologicis
620 3162 778 3223 quoquam
801 3140 927 3204 credam
950 3144 1019 3204 tuto
1041 3141 1154 3224 pedem
1177 3142 1257 3206 ferri
1282 3149 1375 3207 antea

236 3271 332 3332 quam
354 3250 449 3332 plena
473 3254 505 3312 et
527 3255 677 3313 accurata
698 3251 825 3314 illorum
848 3251 1000 3314 librorum
1017 3251 1145 3314 collatio
1168 3251 1204 3315 in
1228 3259 1375 3337 promptu

236 3359 288 3422 sit.
333 3358 401 3433 Quo
424 3361 528 3444 magis
549 3360 723 3441 laetamur,
758 3362 841 3444 quod
869 3382 996 3443 sperare
1019 3360 1095 3423 licet
1116 3360 1185 3424 fore
1209 3365 1262 3443 ut,
1300 3386 1376 3448 quae

236 3469 279 3530 sit
301 3473 411 3532 mutua
433 3471 516 3533 ratio
539 3470 699 3533 variarum
722 3470 848 3534 illamm
871 3471 1163 3552 recessionum,
1195 3471 1235 3535 de
1265 3475 1376 3558 quibus

203 3577 337 3643 animia
364 3580 427 3642 fuit
449 3579 552 3643 Bastii
574 3581 608 3643 in
632 3581 823 3665 Gregorium
846 3581 916 3645 Oor.
941 3603 972 3663 p.
996 3567 1060 3643 289
1083 3584 1115 3643 et
1136 3581 1201 3645 543
1225 3582 1377 3663 brevitas,

236 3688 367 3752 tandem
390 3694 535 3771 patescat
558 3691 710 3754 laudabili
727 3691 877 3754 Ludovici
901 3691 940 3754 de
956 3689 1072 3755 Sinner
1095 3691 1242 3774 consili0,
1267 3693 1305 3758 in
1328 3696 1380 3759 illa

238 3797 307 3881 ipsa
329 3820 363 3862 re
386 3823 471 3864 nunc
494 3802 640 3884 occupati
664 3800 703 3864 ad
728 3801 946 3864 adornandam
961 3800 1169 3864 Valckenarii
1192 3801 1229 3866 in
1251 3805 1381 3870 Ammo

237 3908 326 3971 nium
360 3910 514 3973 iturarum
547 3911 757 3975 secundarum
790 3911 972 3975 editionem.
1028 3910 1249 3976 Recensiones
1285 3917 1381 3997 enim,

237 4040 316 4101 quas
339 4023 501 4086 διαεκευάε
517 4022 767 4104 interpretamur
783 4021 987 4103 Graecorum,
1012 4021 1117 4084 dicere
1140 4021 1265 4106 licebit,
1291 4049 1383 4111 quac,

237 4128 264 4191 si
288 4151 325 4191 ex
349 4130 457 4212 parvis
486 4131 653 4214 particulis
682 4132 735 4196 hic
763 4132 830 4196 illic
858 4132 991 4215 prolatis
1021 4131 1208 4195 coniectura
1238 4136 1319 4219 fiat,
1355 4144 1386 4200 et

236 4239 397 4303 variorum
419 4241 512 4305 unius
535 4242 735 4326 eiusdemque
758 4242 852 4306 lexici
874 4242 1017 4306 codicum
1033 4240 1273 4323 discrepantias
1296 4270 1386 4332 supe

237 4353 326 4430 rant,
359 4372 418 4413 nec
447 4352 480 4415 in
509 4351 704 4416 diversorum
726 4353 811 4415 inter
833 4374 866 4416 se
889 4352 1061 4415 lexicorum
1084 4350 1387 4423 dissimilitudinem
