2948 4996
516 310 659 361 raderer
681 308 829 360 narare.
891 355 896 364 ‚
1180 290 1244 356 413

100 447 285 556 significare
308 465 469 551 Diogenes
492 465 638 530 Laertius
660 465 785 529 videtur
806 463 865 546 ΠΙ,
891 464 921 547 8,
944 484 1011 528 non
1032 465 1101 528 tam
1123 468 1244 529 certum

100 586 161 664 est,
185 601 281 664 quam
296 577 450 641 Hudsono
473 576 575 640 visum
598 578 647 640 est
661 575 770 639 adnot.
788 574 828 638 ad
843 574 1076 638 Marcellinum.
1089 575 1120 659 ²¹³)
1153 573 1244 650 Quod

100 694 210 754 autem
232 711 270 753 ex
284 686 499 771 Praxiphanis
521 686 576 750 illo
598 689 670 766 περὶ
691 691 835 764 ποιητῶν
858 684 949 766 libro,
974 708 993 747 a
1008 684 1153 769 Diogene
1175 686 1197 748 l.
1215 703 1278 751 ea

101 802 364 880 commemorato,
399 800 526 879 sumpta
553 817 621 860 esse
648 794 815 859 Harlesius
842 795 877 858 in
903 794 1046 859 Fabricii
1072 793 1157 858 Bibl.
1193 816 1243 879 gr.

100 910 150 974 Il]
173 933 205 993 p.
229 909 293 975 503
320 911 413 991 putat
435 928 488 989 ea,
519 928 599 990 quae
622 927 661 969 ex
682 905 887 988 Praxiphane
910 904 1123 987 Theophrasti
1151 904 1244 968 disci-

101 1020 178 1104 pulo
201 1019 242 1082 ad
263 1017 397 1081 Hesiodi
419 1016 559 1100 Operum
581 1015 653 1080 init.
678 1015 771 1079 affert
792 1014 931 1079 Ioannes
953 1014 1085 1098 Tzetza,
1115 1015 1145 1078 id
1171 1038 1244 1079 eon-

101 1130 166 1192 fido
189 1128 310 1192 nemini
325 1127 496 1211 probatum
517 1127 567 1208 iri,
591 1125 644 1210 qui
668 1147 740 1190 curn
754 1125 889 1189 Tzetzae
912 1125 1074 1189 adnotatis
1089 1125 1245 1210 Diogenis

102 1239 201 1303 verba
229 1238 401 1322 diligenter
435 1235 647 1301 contenderit.
699 1235 846 1300 Ceterum
875 1257 935 1299 nec
962 1235 1022 1299 hoc
1051 1257 1163 1300 censor
1190 1236 1245 1299 ille
1287 1225 1293 1235 ’

104 1347 328 1433 Gottingensis
365 1369 430 1412 non
463 1346 560 1430 vidit,
598 1345 751 1415 Archelai
779 1368 897 1410 nomen
930 1346 1070 1429 positum
1098 1346 1196 1410 fuisse
1226 1368 1245 1409 a

103 1458 292 1523 Marcellino
327 1458 411 1521 inter
438 1461 605 1541 poetarum
632 1457 778 1539 nomina,
817 1456 930 1540 quibus
963 1457 1104 1541 aequalis
1132 1456 1246 1520 suisset

103 1568 319 1652 Thucydides:
356 1568 507 1632 omissum
538 1571 646 1631 autem
678 1591 697 1631 a
730 1567 861 1630 librario
890 1570 922 1630 et
955 1567 987 1630 in
1016 1567 1163 1652 margine
1192 1568 1245 1630 ad-

103 1679 260 1762 scriptum
282 1700 365 1761 esse,
393 1678 470 1743 hinc
492 1699 566 1741 vero
588 1678 771 1762 importuno
793 1677 863 1741 loco
891 1677 932 1740 ab
954 1676 1017 1741 alio
1039 1678 1176 1761 quodam
1197 1678 1246 1741 in-

103 1793 234 1853 sertum.
279 1787 434 1853 Nolumus
456 1788 542 1854 enim
564 1788 643 1852 adeo
665 1788 836 1870 hariolari,
860 1792 896 1851 ut
918 1787 1016 1851 etiam
1037 1790 1246 1870 Πραξιφάνης
1330 1846 1331 1849 ,

104 1901 139 1965 ἐν
162 1908 209 1986 τῷ
233 1900 305 1979 περὶ
320 1899 495 1978 Ἀρχελάου
516 1899 654 1979 ἱετορίαι
676 1899 817 1982 potuisse
840 1898 994 1982 seriptum
1017 1920 1085 1962 esse
1109 1899 1245 1963 conicia-

104 2032 184 2073 mus.
236 2008 457 2072 Archelaus
485 2030 559 2072 vero
586 1988 696 2072 utrum¹
721 2029 777 2072 rex
804 2009 929 2073 dicatur
957 2031 999 2072 an
1026 2009 1243 2093 philosophus,

105 2120 269 2204 ambigere
290 2119 380 2183 licet:
403 2118 442 2182 de
457 2119 645 2203 philosopho
668 2123 753 2183 certe
776 2122 953 2202 temporum
973 2119 1056 2183 ratio
1078 2119 1246 2204 quominus

105 2230 282 2314 cogitemus
303 2228 434 2292 minime
456 2228 599 2313 impedit.
630 2230 679 2293 De
702 2230 790 2294 cuius
812 2233 918 2294 aetate
939 2212 1131 2313 paucissima
1153 2253 1246 2326 quae-

105 2340 180 2403 dam
207 2339 332 2403 dictum
359 2339 438 2402 mihi
466 2339 556 2403 doleo
590 2339 670 2403 nulli
697 2340 767 2403 usui
795 2362 863 2404 esse
890 2340 978 2405 lonis
1006 2340 1078 2406 Chii
1105 2341 1245 2405 testimo·
1299 2371 1306 2382 ·

105 2451 196 2513 nium
224 2450 265 2512 ab
292 2448 438 2533 Diogene
460 2449 621 2533 proditum
643 2450 692 2533 H,
715 2451 771 2515 23:
800 2453 851 2516 καὶ
871 2454 964 2517 νέον
988 2451 1086 2518 ὄντα
1108 2453 1246 2536 (corpo-

103 2563 178 2645 την)
201 2559 245 2625 εἰ(
268 2560 373 2639 (άμον
398 2562 453 2625 (bv
476 2562 636 2645 Ἀρχελάῳ
660 2561 872 2642 ἀποδημῆιάιε
901 2562 1019 2646 quippe
1041 2562 1124 2646 quod
1146 2563 1246 2646 ipsius

105 2670 246 2735 Socratis
280 2670 364 2754 apud
392 2667 561 2733 Platonem
589 2669 683 2734 dictis
711 2672 790 2735 satis
818 2671 1040 2756 redarguatur.
1090 2672 1246 2747 Quocirca

106 2780 293 2845 certioribus
321 2779 519 2865 argumentis
547 2781 666 2844 utimur
692 2781 758 2865 his,
788 2782 871 2866 quod
899 2786 931 2846 et
958 2784 1173 2868 Anaxagorae
1201 2783 1245 2847 di·
1282 2825 1284 2827 -

105 2890 246 2975 scipulus
274 2893 306 2954 et
329 2889 469 2955 Socratis
491 2892 646 2977 magister
667 2892 844 2957 Archelaus
872 2893 950 2957 fuit:
980 2893 1041 2957 hoc
1063 2894 1149 2957 enim
1172 2894 1245 2959 Dio-

104 3001 200 3085 genis
214 3000 258 3083 Il,
278 3001 326 3084 19,
352 3000 526 3066 Clementis
548 3001 761 3066 Alexandrini
784 3003 933 3068 Strom.l
954 3027 986 3088 p.
1006 3004 1077 3085 129,
1093 3004 1135 3068 50
1157 3003 1244 3087 Sylb.

105 3115 139 3174 et
161 3111 278 3176 Suidae
299 3134 329 3176 ν.
353 3112 518 3192 (ιιικράτηε
540 3112 733 3177 testimoniis
754 3115 833 3178 satis
856 3115 1070 3179 confirmatur.
1117 3115 1246 3179 Anaxa—

104 3243 203 3306 goras
219 3225 325 3285 autem
340 3225 435 3285 natus
458 3225 507 3286 est
522 3223 711 3308 olympiadis
727 3223 814 3287 LXX
824 3245 859 3288 a.
879 3226 907 3307 1,
930 3228 967 3287 ut
981 3224 1114 3288 tradidit
1129 3225 1245 3310 Dioge-

105 3353 165 3394 nes
181 3331 224 3415 ΙΙ,
241 3334 259 3397 7
283 3331 471 3416 Apollodori
493 3330 555 3396 fide
571 3336 603 3396 et
618 3334 774 3397 Demetrii
788 3333 951 3399 Phalerei:
975 3335 1138 3419 utriusque
1161 3337 1247 3399 enim

103 3442 293 3505 testimonia
314 3443 411 3526 plane
433 3443 519 3507 inter
542 3465 575 3507 se
598 3466 774 3529 congruere
796 3445 926 3527 senties,
949 3446 1004 3510 ubi
1027 3468 1099 3509 cum
1114 3446 1246 3512 Dorsino
1263 3424 1280 3453 ⁶

103 3551 196 3615 Fast.
219 3553 290 3615 Att.
314 3552 362 3616 ΠΙ
384 3576 416 3636 p.
442 3554 502 3618 166
525 3554 656 3618 Meursii
678 3556 876 3619 verissimam
899 3556 1154 3621 emendationem
1175 3579 1246 3641 pro·

104 3663 233 3726 baveris
257 3665 435 3729 Καλλιάδου
457 3664 626 3729 scribentis
648 3688 706 3749 pro
730 3669 867 3733 Καλλίου
895 3668 933 3731 de
956 3668 1101 3732 archont.
1125 3669 1245 3733 Athen.

104 3773 139 3837 ΙΙ
164 3795 234 3856 cap.
259 3774 293 3857 8,
323 3777 356 3836 et
378 3777 469 3838 acute
491 3775 569 3839 item
592 3776 806 3857 ὀγδοηκοιτῆε
829 3800 887 3861 pro
909 3780 1157 3863 ἑβδομηκοιτῆι,
1187 3778 1247 3842 hoc

103 3887 157 3948 eet
186 3895 347 3947 cunnum
380 3908 439 3970 pro
468 3898 618 3970 annulo,
648 3888 734 3951 Lect.
763 3890 833 3952 λιι.
858 3889 923 3971 ΠΙ,
951 3891 1002 3954 27.
1049 3888 1166 3954 Omnia
1194 3912 1246 3953 au-

101 4001 173 4059 tem
196 3995 280 4078 apud
300 3995 480 4081 Diogenem
498 3999 635 4081 turpiter
660 3999 814 4083 pervertit
837 4000 1055 4083 vitiosissime,
1084 4003 1120 4065 ut
1139 4023 1245 4084 saepe,

174 4253 200 4319 ⁸)
220 4248 330 4320 [Merito
348 4267 404 4305 uon
424 4249 563 4307 dubitavit
580 4250 753 4309 Prellerus
773 4251 807 4310 de
826 4253 1001 4327 Praxiphane
1018 4272 1046 4327 p.
1065 4263 1098 4313 20
1116 4255 1193 4324 adn,
1212 4256 1247 4312 de

99 4342 275 4401 scholiorum
288 4344 487 4399 Hesiodeorum
505 4348 664 4402 testimonio
683 4366 765 4419 posse
784 4350 904 4404 dubitari
922 4352 1075 4405 eorrccdens
1094 4371 1120 4421 p.
1129 4359 1161 4406 λά
1172 4352 1247 4422 adu]
