3008 5002
239 308 298 369 1ῖο
644 321 691 366 os
714 319 974 368 sricnonsrsra

236 494 273 536 ac
306 473 409 556 primo
438 472 591 554 scriptum
623 472 722 535 fuisse
748 466 842 562 ,αεκβ
869 475 902 534 et
928 467 1037 560 Ιαυξγζ
1066 470 1226 534 neminem
1258 471 1375 556 fugiat.

235 581 305 645 Nec
319 585 387 644 tam
400 581 588 664 diligentem
596 569 657 644 *nos
673 580 800 664 quidem
811 581 846 644 in
862 579 1084 664 computandis
1096 581 1237 642 numeris
1247 602 1378 663 operam

234 691 410 774 posuimus,
439 695 475 753 ut
501 713 567 753 non
594 691 789 773 potuerimus
812 712 847 753 eo
875 690 909 752 in
937 711 1055 774 genere
1083 689 1202 771 aliquid
1231 711 1375 772 peccare.

235 800 436 883 Omninoque
458 800 537 863 satis
558 799 711 863 habemus
733 800 772 862 de
794 799 850 862 illa
872 821 906 863 re
921 800 1081 862 monuisse
1104 798 1264 862 breviter:¹
1282 822 1378 882 quam

233 909 363 972 ulterius
386 909 440 993 qui
462 911 547 972 volet
568 912 786 993 persequatur.
808 947 851 956 —
874 908 928 992 86)
951 908 990 971 In
1007 907 1156 971 Moschi
1181 908 1288 972 cidice
1311 908 1375 971 Me-

233 1017 422 1102 diolanensi,
446 1019 500 1102 qui
522 1018 547 1080 F
569 1019 717 1102 signatur
742 1041 761 1081 a
784 1017 982 1100 Gaisfordio,
1007 1017 1220 1099 subscriptum
1242 1022 1291 1081 est
1313 1017 1375 1081 Eu-

233 1149 345 1210 ropae:
370 1129 502 1208 Mdtxon
524 1130 704 1193 (ικελιώτου
726 1128 880 1206 Εὐρώπη(
902 1128 1000 1206 (τίχοι
1023 1123 1101 1205 pis-‘t
1125 1148 1186 1208 quo
1207 1126 1286 1190 scite
1301 1149 1375 1190 usus

233 1242 282 1300 est
303 1237 445 1301 Naekius
468 1238 501 1300 in
522 1237 688 1302 Prooemio
711 1237 777 1300 ind.
802 1236 874 1300 lect.
899 1236 986 1299 univ.
1011 1234 1115 1299 Boun.
1140 1257 1169 1298 a.
1195 1236 1278 1300 1830
1299 1259 1331 1319 p.
1345 1236 1376 1299 V

234 1345 363 1432 [Opusc.
381 1346 397 1410 Ι
419 1369 450 1429 p.
470 1346 553 1434 180].
577 1386 619 1395 -
641 1348 695 1430 87)
719 1346 904 1429 Dionysii
926 1345 1088 1429 Periegesi
1110 1345 1145 1408 in
1161 1345 1375 1409 Ambrosiano

233 1456 339 1519 codice
368 1457 504 1540 quodam
532 1456 759 1539 subscriptum:
788 1457 880 1520 τέλο(
908 1456 1069 1521 διονυείον
1096 1459 1154 1520 τοῦ
1181 1458 1239 1534 τὴν
1268 1458 1375 1534 περιή-

231 1586 320 1645 γη(ιν
343 1567 620 1647 (υγτραψαμένου.
643 1564 750 1658 Ιαρττεῖ
780 1564 863 1628 Vide
885 1565 1005 1629 Annal.
1031 1565 1101 1628 crit.
1118 1562 1223 1627 Berol.
1244 1586 1273 1627 a.
1293 1565 1375 1630 1839

230 1675 300 1759 Ip.
325 1676 376 1739 82.
422 1675 547 1740 Similes
569 1676 682 1738 harum
709 1674 979 1756 subscriptionum
1005 1695 1134 1757 prorsus
1156 1695 1221 1736 non
1249 1672 1375 1737 dubita·

231 1806 301 1847 mus
329 1785 406 1868 quin
433 1785 468 1848 in
495 1785 602 1849 multis
630 1784 720 1848 libris
748 1806 823 1847 mss,
847 1785 1049 1866 reperiantur
1076 1805 1114 1847 ac
1142 1783 1250 1867 colligi
1278 1783 1328 1846 vel
1357 1805 1375 1846 e

232 1893 669 1958 bibliothecarum⁸indicibus
685 1894 824 1976 possint:
840 1915 898 1957 nos
914 1893 948 1956 in
964 1893 1009 1956 eis
1025 1893 1270 1976 acquiescimus,
1292 1915 1375 1976 quae

232 2025 308 2067 casu
334 2004 439 2086 potius
467 2003 654 2067 offendimus
670 2025 777 2090 Aquam
810 1999 917 2066 dedita
943 2023 1040 2086 opera
1069 2003 1301 2085 indagavimus.
1332 2041 1375 2049 —

231 2113 285 2197 88)
318 2113 588 2196 Amphilochii
622 2113 772 2197 Episcopi
805 2112 906 2176 Iconii
943 2113 984 2175 ad
1016 2112 1182 2177 Seleucum
1218 2112 1375 2195 epistulae

231 2223 339 2286 addita
368 2223 402 2286 in
429 2224 492 2286 fine
520 2223 600 2287 haec
627 2227 702 2287 sunt
730 2222 765 2285 in
794 2222 906 2286 Orellii
933 2222 1050 2306 Opusc.
1081 2221 1136 2286 Gr.
1166 2225 1306 2285 sentent.
1341 2226 1375 2286 et

133 2383 137 2390 .
230 2333 386 2395 monvol.
410 2332 442 2395 Π
465 2356 496 2415 p.
520 2333 599 2396 412:

381 2444 421 2520 ἢν
444 2443 595 2521 ἐθέληεθα
617 2445 727 2521 μαθεῖν
752 2443 888 2526 [τούτων
911 2442 961 2506 vel
988 2443 1134 2526 πάντων]
1157 2444 1215 2507 τὸν
1239 2442 1373 2521 ἀριθμὸν

990 2553 1122 2632 ἰάμβων,

381 2665 464 2742 τρεῖ(
487 2662 699 2728 ἑκατοντάδα(
721 2662 795 2739 ί(θι,
818 2664 913 2727 τόεα(
935 2663 1086 2740 δεκάδαε,
1115 2663 1258 2741 μονάδα(
1279 2665 1373 2742 τμεῑε.

230 2770 337 2855 Vulgo
359 2775 468 2850 μαθεῖν
489 2773 547 2838 τὸν
570 2774 715 2852 ἀριθμὸν,
743 2775 775 2836 et
803 2772 903 2835 altero
925 2794 1016 2835 versu
1044 2773 1179 2838 δεκάδα(
1200 2774 1250 2836 καὶ
1272 2773 1373 2850 μονά-

176 2937 181 2946 .
230 2887 296 2947 δαε.
322 2920 364 2929 -
392 2882 447 2966 80)
476 2880 637 2966 Diogenes
666 2882 772 2945 Laert.
790 2881 885 2963 VIII,
919 2884 957 2946 77
986 2882 1025 2945 de
1054 2880 1303 2964 Empedocle:
1330 2884 1374 2946 τὰ

197 2995 287 3070 λ’μὲν
314 2991 375 3057 οὖν
402 2993 474 3071 περὶ
502 2993 629 3071 φύ(εω(
658 2992 744 3077 αὐτῷ
774 2994 823 3056 καὶ
846 2993 876 3057 οἱ
898 2993 1050 3072 καθαρμοὶ
1076 2992 1118 3057 εἰ(
1141 2992 1211 3069 ἔπη
1234 2991 1373 3056 τείνουει

228 3101 475 3180 πεντακιεχίλια,
504 3101 523 3165 ὁ
551 3104 586 3165 δὲ
609 3101 745 3181 ἰατρικὸ(
768 3102 865 3178 λόγο(
888 3101 932 3167 εἰ(
954 3102 1026 3180 ἔπη
1053 3101 1245 3166 ἑξακόεια.
1289 3099 1372 3175 Quo

229 3233 300 3274 cum
329 3209 486 3295 Bergkius
515 3210 635 3274 Comm.
665 3211 704 3273 de
731 3212 892 3293 prooemio
921 3210 1055 3293 Empcd.
1085 3233 1116 3293 p.
1146 3211 1166 3274 9
1194 3209 1373 3292 composuit

228 3319 359 3384 Suidam
379 3343 408 3383 v.
431 3322 658 3399 Ἐμττεδοκλῆ(Ι
681 3321 805 3400 ἔγραψε
826 3324 864 3385 δι’
879 3323 969 3386 ἐπῶν
986 3323 1059 3399 περὶ
1081 3321 1208 3400 φύ(εω(
1231 3323 1297 3385 τῶν
1314 3319 1372 3385 ὄν-

227 3453 293 3497 των
317 3431 418 3510 βιβλία
440 3424 479 3506 γ’,
502 3431 552 3494 καὶ
574 3431 656 3495 ἔ(τιν
680 3431 751 3508 ἔπη
776 3431 820 3495 ὡ(
843 3433 1026 3511 δι(χίλια·
1057 3431 1178 3509 ἰατρικὰ
1192 3431 1372 3506 καταλογά-

227 3520 301 3619 δην.Ι
338 3539 410 3603 Ηοα
438 3542 545 3602 autem
566 3540 613 3602 uti
635 3540 700 3603 noli
728 3543 892 3624 tamquam
920 3563 1001 3603 novo
1031 3539 1175 3622 exemplo
1200 3539 1260 3617 ἔπη
1283 3539 1373 3602 vocis

228 3648 323 3711 etiam
351 3670 464 3731 prosae
492 3649 629 3713 orationi
661 3648 837 3712 adhibitae:
870 3648 909 3713 de
943 3671 1003 3732 quo
1036 3672 1094 3713 usu
1126 3649 1200 3711 olim
1231 3647 1373 3713 diximus

226 3780 258 3841 p.
286 3757 355 3821 101.
393 3758 468 3822 Non
491 3759 577 3823 enim
599 3758 780 3821 dubitamus
804 3781 874 3823 cum
898 3758 1022 3823 Sturzio
1043 3782 1075 3842 p.
1092 3759 1132 3822 83
1155 3761 1187 3820 et
1208 3757 1372 3822 Karsteno

226 3891 257 3951 p.
284 3867 339 3949 70,
368 3868 444 3951 quin
468 3868 584 3933 Suidae
611 3867 689 3931 illud
714 3871 938 3948 καταλογάδην.
958 3891 975 3932 c
996 3869 1081 3931 mala
1104 3867 1271 3930 verborum
1293 3866 1371 3931 Dio-

226 3978 318 4062 genis
341 3978 605 4061 interpretatione
633 3982 745 4041 natum
772 3979 823 4042 sit.
869 3977 986 4052 Quodsi
1009 3976 1148 4061 Diogeni
1176 3998 1233 4040 sua
1255 3976 1371 4042 Suidas

226 4088 336 4170 debet,
361 4092 496 4171 apparet
518 4110 584 4151 non
605 4087 806 4152 mediocriter
828 4088 984 4152 infirmari
1006 4086 1139 4171 Bergkii
1166 4079 1371 4170 ingeniosam

226 4199 505 4262 ratiocinationem
536 4197 712 4282 quandam,
747 4199 973 4279 τετρακιεχίλια
1006 4220 1064 4280 pro
1096 4197 1227 4276 διεχίλια
1255 4197 1370 4279 reponi

226 4306 374 4370 iubentis.
398 4346 441 4355 -
462 4308 518 4393 90)
541 4306 653 4371 Suidas
684 4330 713 4370 ν.
738 4289 886 4386 Θέογνιεε
992 4309 1133 4388 ἔγραψεν
1157 4306 1300 4383 ἐλεγείαν
1325 4309 1369 4373 εἰ(
