2904 4996
489 330 650 384 sononia
673 328 844 382 CRITICAE.
1078 383 1084 394 ,
1177 312 1237 380 mr

184 487 272 563 Quod
302 492 408 552 autem
432 489 566 552 alteram
589 493 713 573 partem
744 508 851 552 versus
873 486 1070 570 Epicharmii
1100 510 1119 550 a
1142 487 1239 550 sciolo

97 599 206 683 aliquo
229 600 376 662 adsutum
398 599 724 682 opinatur‘losephus
747 599 868 682 Grysar
889 599 923 660 in
946 597 1028 662 libro
1050 597 1088 660 de
1107 597 1239 660 Dorien-

97 709 181 772 sium
204 709 365 782 comoedia
387 733 419 792 p.
436 709 509 790 217,
534 708 565 771 id
582 709 708 792 quidem
730 708 902 792 speciosius
926 729 993 771 esse
1016 730 1111 791 quam
1135 708 1239 770 verius

98 819 274 883 iudicatum
296 819 430 882 videtur.
470 819 624 884 Stobaeus
647 819 733 883 enim
758 819 817 882 etsi
841 817 948 881 l‘loril.
973 816 1013 900 Χ,
1040 820 1078 882 13
1101 819 1240 901 priorem
1317 832 1319 837 ⁴

96 934 226 993 tantum
249 933 373 1012 partem
387 929 582 1011 Epicharmo
604 925 733 1012 tribult5
750 933 860 1002 tamen
882 928 990 1011 paullo
1008 927 1104 1010 infra,
1119 927 1169 1011 X,
1186 929 1238 1010 34,

97 1061 240 1102 seorsum
268 1039 373 1122 posuit
400 1039 617 1123 posteriorem.
662 1038 712 1101 Ibi
740 1042 846 1102 autem
869 1038 952 1122 quod
974 1037 1100 1102 Prodici
1123 1059 1240 1115 nomen

97 1153 148 1213 est
171 1149 381 1232 adscriptum,
415 1171 476 1233 quo
498 1153 661 1233 tamquam
682 1148 892 1212 fundamento
915 1148 1086 1232 Grysarem
1107 1147 1174 1211 niti·
1191 1170 1240 1211 su-

97 1260 205 1342 spicor
227 1258 387 1342 opinionis
409 1281 500 1342 suae,
528 1259 561 1331 id
583 1260 647 1323 vim
670 1258 787 1322 habere
812 1259 1005 1322 contrariam
1028 1259 1162 1342 sontica,
1187 1259 1241 1322 uhi

98 1392 138 1433 ex
162 1369 298 1433 Aniochi
321 1369 426 1433 verbis
449 1369 624 1432 oscitanter
646 1369 800 1452 inspectis
824 1368 949 1432 Prodici
979 1391 1096 1432 nomen
1119 1369 1241 1453 incogi-

98 1483 208 1543 tanter
237 1501 304 1544 esse
332 1479 462 1544 ductum
491 1479 695 1542 intellexeris.
744 1478 857 1561 ltaque
883 1502 949 1542 non
977 1481 1081 1563 magis
1110 1479 1241 1562 Grysari

98 1589 274 1671 assentior,
307 1589 434 1653 Prodici
462 1589 489 1652 si
522 1587 570 1652 dis
598 1589 705 1671 placet
733 1589 829 1652 verba
858 1589 898 1652 ab
921 1611 1014 1653 versu
1036 1589 1242 1672 Epicharmio

98 1698 293 1781 secludenfi,
331 1721 426 1783 quarn
455 1698 633 1782 Branchio,
664 1699 698 1762 iu
727 1697 938 1782 Sophoclis
965 1700 1149 1783 fragmento
1173 1699 1241 1784 (52)

98 1808 185 1892 apud
218 1799 415 1874 Clementem
449 1808 704 1873 Alexandrinum
733 1808 848 1874 Strom.
873 1809 905 1872 Η
932 1832 961 1892 p.
986 1810 1050 1873 494
1071 1808 1156 1873 Pott.
1189 1807 1240 1895 [fr.

98 1919 162 1983 709
184 1918 282 1983 Dind.
313 1919 375 1983 699
397 1918 534 2005 Nauck]
565 1919 771 1983 festinantius
800 1919 919 1983 delenti
943 1921 987 1985 ὡς
1009 1921 1115 1998 ἔρωτα
1137 1941 1254 2001 voces„

98 2051 181 2113 quas
203 2029 331 2114 quidem
352 2052 414 2114 qua
436 2030 561 2093 ratione
584 2030 725 2095 adiectas
742 2052 809 2094 esse
826 2031 993 2113 cogitaret,
1018 2051 1084 2093 non
1106 2029 1241 2113 aperuit.

97 2140 299 2223 Quamquam
318 2140 422 2203 fateor
438 2139 585 2203 idoneam
600 2139 639 2203 de
654 2139 718 2203 illis
735 2141 950 2204 coniecturam
965 2162 1006 2203 ne
1021 2140 1100 2203 mihi
1116 2141 1243 2224 quidem

98 2271 187 2313 nunc
212 2250 419 2333 inpromptu
449 2271 532 2313 esse:
573 2248 737 2334 Sylhurgii
765 2255 850 2315 certe
876 2254 908 2314 et
935 2249 1040 2314 Grotii
1064 2255 1242 2314 commenta

97 2359 232 2423 minime
247 2360 326 2423 satis
341 2359 475 2424 faciunt.
504 2359 565 2424 Sed
581 2364 690 2424 tamen
711 2359 772 2425 hoc
788 2361 1032 2424 commemoravi
1047 2360 1183 2443 idcirco,
1208 2364 1244 2423 ut

98 2470 317 2553 fragmentum
341 2469 417 2533 illud
440 2470 645 2554 Sophoclium
667 2471 787 2534 duobus
811 2471 973 2535 versiculis
988 2492 1149 2555 augerem.
1181 2469 1243 2533 Ne-

99 2600 161 2664 que
178 2580 262 2642 eninr
278 2579 388 2643 dubito
404 2580 481 2663 quin
497 2581 530 2643 in
546 2580 711 2644 Plutarchi
735 2582 839 2645 verbis
855 2581 1013 2644 Amatorii
1030 2604 1061 2664 p.
1079 2582 1136 2646 761
1157 2581 1241 2644 Prcf.

99 2690 177 2773 (vol.
202 2689 248 2753 IX
271 2713 302 2773 p.
325 2690 367 2755 52
390 2690 530 2774 Reish.):
560 2692 660 2756 καίτοι
683 2693 764 2772 πρός
783 2695 821 2767 ’γε
844 2694 920 2756 τοὺς
943 2692 1078 2770 ἄλλους,
1103 2692 1148 2756 ὥς
1169 2712 1244 2772 φηςι

19 2844 20 2847 ,
99 2801 286 2880 (οφοκλῆς,
309 2766 452 2867 ἅῗταντας
475 2801 549 2866 οὔτε
572 2803 608 2866 τὸ
631 2802 763 2867 ἐπιεικὲς
786 2803 862 2868 οὔτε
883 2803 941 2880 τήν
964 2802 1057 2881 χάριν
1080 2797 1165 2878 οἶδε,
1188 2802 1243 2880 μό-

98 2931 161 2987 νην
189 2913 224 2975 δὲ
252 2912 372 2990 ςτέρξαι
399 2914 457 2990 τὴν
487 2911 598 2975 ἁπλῶς
627 2913 730 2990 δίκην·
764 2912 894 2977 αἰδεῖται
921 2914 956 2976 δὲ
985 2915 1060 2976 τοὺς
1089 2912 1243 2989 ἐρῶντας,

98 3022 151 3084 καὶ
173 3021 283 3098 μόνοι(
304 3021 433 3086 τούτοις
456 3021 513 3086 οὐκ
536 3022 619 3086 ἔςτιν
642 3020 822 3099 ἀδάμαςτος
845 3022 920 3086 οιίδ>
941 3021 1113 3103 ἀμείλιχος,
1137 3021 1170 3084 in
1194 3020 1243 3082 his

97 3128 202 3214 igitur
224 3150 290 3193 nou
311 3131 422 3194 dubito
444 3131 521 3214 quin
537 3129 703 3214 Sophoclis
719 3153 827 3195 versus
850 3131 953 3194 adhuc
975 3128 1131 3193 latuerint
1155 3127 1242 3189 hice:

254 3285 291 3348 ὃς
314 3283 388 3349 οὔτε
410 3285 587 3349 τούπιεικὲς
614 3285 688 3350 οὔτε
711 3287 768 3363 τὴν
790 3285 882 3365 χάριν

254 3392 377 3470 οἶδεν,
400 3374 502 3473 μόνην
525 3397 557 3458 δ’
580 3394 702 3474 ἔςτερξε
730 3397 788 3474 τὴν
812 3395 922 3459 ἁπλῶς
945 3395 1048 3473 δίκην·

253 3503 425 3581 ἐρῶντας
448 3503 618 3570 αἰδεῖται
639 3508 697 3587 δὲ,
721 3507 783 3570 καὶ
804 3505 964 3570 τούτοις
987 3505 1123 3584 μόνοις

150 3699 154 3704 ,
254 3613 424 3680 οὐκῖςτ’
446 3614 646 3692 ἀδάματος
669 3616 752 3680 οὐδ’
775 3616 978 3695 ἀμείλιχος
1000 3636 1106 3680 ποτε.

98 3792 234 3855 Praeter
256 3793 482 3858 necessitatem
504 3794 559 3857 alii
589 3791 833 3885 [Valckenarius
857 3793 960 3857 Diatr.
985 3816 1016 3877 p.
1044 3794 1119 3876 187,
1148 3791 1243 3855 sedo
1303 3776 1308 3781 ’

100 3902 277 3990 Clemente]
302 3906 377 3987 ᾔδει.
418 3904 566 3970 Ceterum
588 3904 725 3987 exempli
745 3903 1033 3988 Wyttenbachiani
1056 3908 1169 3988 quarto
1191 3926 1243 3966 νο-

99 4012 221 4076 hunine
244 4035 310 4076 non
332 4014 422 4078 licuit
445 4015 491 4077 uti
517 4011 587 4100 [nec
610 4015 779 4098 quicquam
802 4014 875 4078 inde
898 4015 1072 4097 proficitur.
1089 4053 1131 4062 —
1153 4012 1244 4078 Cete-

98 4145 172 4185 rum
195 4123 254 4186 etsi
279 4124 317 4186 de
333 4116 488 4208 tersibus,
513 4124 567 4209 qui
583 4125 617 4188 in
634 4124 797 4189 Plutarchi
815 4125 919 4188 verbis
935 4126 1069 4208 lateant,
1094 4146 1135 4188 ne
1158 4146 1242 4188 nunc

98 4233 229 4317 quidem
251 4234 371 4316 dubito,
395 4237 504 4298 tamen
527 4236 608 4299 tales
625 4236 734 4319 quales
754 4257 849 4318 supra
872 4226 951 4299 finiri
973 4235 1067 4299 hodie
1090 4235 1244 4319 intellego

75 4343 295 4425 ,Sophocleos
323 4345 375 4408 vix
404 4368 482 4408 esse.
534 4344 668 4409 Videtur
698 4344 887 4408 Plutarchus
917 4350 988 4430 post
1005 4344 1139 4431 'primus
1168 4346 1244 4409 durs

153 4464 199 4501 ru.
221 4464 384 4499 uirscunmr
404 4465 549 4499 oerrscurn
569 4467 587 4500 1.
1001 4451 1041 4511 443
