2948 4996
244 343 308 411 414
677 359 724 411 aa
747 361 948 414 aaarnoms

244 513 467 581 transferendo
490 513 592 581 editor
614 516 799 600 Lipsiensis.
845 516 963 591 Quodsi
985 516 1200 604 Anaxagoras
1222 519 1319 584 natira
1342 521 1393 585 est

244 627 285 690 ol.
310 625 408 709 LXX,
429 630 455 708 l,
481 625 628 692 Socrates
652 631 758 691 autem
781 628 822 692 ol.
846 625 1008 710 LXXVII,
1031 628 1063 712 4,
1086 651 1154 694 nou
1175 630 1312 694 multum
1336 630 1392 695 ab·

245 759 384 800 erremus
412 760 431 799 a
459 739 609 820 veritate,
637 738 665 820 si
692 738 844 801 Archelai
873 760 993 802 annum
1020 739 1164 802 natalem
1191 740 1320 805 circiter
1348 742 1391 805 ol.

244 846 380 910 LXXIV
402 869 488 911 anno
510 849 527 910 1
550 848 743 912 tribuamus:
766 848 812 911 ita
834 848 920 912 enim
942 870 1008 912 non
1028 852 1157 914 tantum
1178 851 1285 933 potuit
1307 872 1393 915 corn-

210 955 425 1020 amatissime
448 979 519 1020 cum
542 958 772 1043 Anaxagoram
799 958 907 1022 audire
930 962 999 1022 tum
1020 959 1188 1023 instituere
1211 959 1392 1044 Socratem,

243 1067 412 1130 sedetiam
432 1071 558 1131 amator
579 1067 815 1152 esseSocratis,
840 1070 932 1153 quod,
957 1068 1073 1133 Suidae
1096 1069 1298 1154 adnotatum,
1322 1073 1392 1135 sive

243 1198 353 1241 verum
381 1181 429 1242 est
451 1177 517 1242 sive
539 1200 604 1243 non
628 1181 691 1261 est,
720 1172 830 1243 tamen
859 1199 902 1245 ne
924 1180 1100 1264 excogitari
1123 1180 1250 1264 quidem
1273 1182 1392 1265 proba·

242 1287 351 1352 biliter
377 1288 548 1372 potuisset,
578 1289 641 1352 nisi
664 1289 826 1353 commode
854 1290 890 1353 in
917 1290 1081 1373 utriusque
1110 1293 1251 1354 aetatem
1275 1313 1392 1355 conve-

242 1398 353 1462 nisset.
398 1398 511 1482 Itaque
540 1421 595 1484 cur
618 1398 842 1484 Marcellinum
863 1400 902 1464 de
924 1399 1113 1484 philosopho
1134 1401 1242 1484 potius
1265 1402 1391 1466 Arche-

241 1510 293 1573 lao
317 1509 476 1593 cogitasse
499 1513 638 1573 statuam
661 1532 756 1594 quam
778 1532 869 1595 rege,
898 1511 982 1575 ratio
1010 1513 1090 1573 haec
1112 1513 1176 1593 est,
1207 1511 1293 1594 quod
1316 1534 1390 1576 cum

241 1619 394 1683 historica
427 1624 460 1683 et
490 1620 617 1704 poetica
651 1623 719 1684 arte
758 1621 959 1685 coniunctior
990 1620 1171 1704 philosophi
1213 1620 1388 1705 disciplina

243 1733 291 1793 est
319 1751 415 1813 quam
443 1731 529 1815 regis
558 1731 736 1814 imperium.
751 1732 783 1816 *)
835 1731 884 1795 De
917 1731 1043 1795 relicuis
1071 1732 1178 1794 autem
1206 1730 1388 1815 Thucydidi

243 1840 427 1924 aequalibus
464 1863 530 1904 non
571 1841 674 1904 habeo
711 1841 794 1925 quod
834 1841 982 1926 diligenti
1020 1840 1136 1905 Naelrii
1173 1841 1386 1925 disputationi

242 1950 379 2014 adiciam
402 1950 632 2015 Choeriliorum
654 1973 685 2034 p.
706 1952 748 2015 30
763 1973 809 2034 sq.
854 1951 990 2035 Propter
1011 1951 1181 2015 Platonem
1203 1952 1384 2017 Marcellini

242 2060 339 2124 verba
362 2061 475 2125 leviter
496 2061 608 2145 attigit
630 2060 808 2124 Meinelrius
831 2060 960 2137 Quaest.
984 2083 1070 2125 seen.
1093 2060 1126 2124 Π
1148 2083 1180 2143 p.
1200 2063 1250 2124 ll.

325 2171 374 2235 De
402 2171 575 2256 Agathone
604 2174 726 2254 autem,
762 2192 824 2255 quo
857 2171 911 2235 ille
939 2173 1007 2235 iure
1034 2170 1213 2256 Thucydidi
1241 2172 1382 2256 aequalis

241 2286 386 2365 vocetur,
418 2281 590 2345 videndum
617 2285 675 2345 est.
726 2279 811 2344 Nam
839 2303 910 2345 eum
937 2282 1004 2345 eius
1032 2282 1132 2345 vitam
1159 2281 1238 2344 satis
1263 2286 1381 2346 eertum

190 2402 194 2410 '
241 2393 283 2455 sit
304 2393 392 2455 intra
414 2391 611 2477 olympiadas
633 2391 752 2455 LXXX
774 2396 807 2455 et
828 2391 852 2457 (l
875 2392 1048 2474 contineri,
1071 2395 1182 2455 tamen
1204 2413 1266 2475 quo
1288 2395 1379 2456 natus

241 2523 327 2565 anno
358 2524 460 2586 quove
494 2507 636 2567 mortuus
669 2503 728 2585 sit,
763 2525 781 2565 a
813 2504 957 2567 veterum
992 2502 1081 2566 nullo
1118 2501 1286 2565 definitum
1323 2504 1376 2564 est.

240 2613 341 2687 Quem
363 2613 467 2676 locum
489 2612 661 2698 diligenter
675 2616 911 2697 pertractatum
933 2612 1010 2676 mihi
1025 2612 1198 2676 verendum
1219 2611 1299 2675 illud
1322 2616 1376 2693 est,

241 2744 281 2786 ne
305 2746 367 2807 qna
389 2723 536 2787 molestia
557 2724 740 2809 legentibus
763 2727 887 2787 creetur
904 2722 1079 2805 disparium
1100 2743 1206 2785 rerum
1229 2722 1321 2805 copia
1342 2743 1376 2784 ac

210 2854 213 2857 “
241 2834 414 2918 varietate,
438 2855 476 2898 ex
498 2834 611 2917 quibus
634 2837 825 2919 argumenta
847 2836 997 2917 petentur
1019 2831 1187 2916 aptissimo
1209 2832 1376 2896 affinitatis

240 2945 367 3009 vinculo
395 2945 532 3010 invicem
560 2966 600 3008 ex
626 2966 659 3008 se
681 2967 774 3008 nexa.
819 2943 1046 3028 Reputandum
1073 2946 1122 3005 est
1144 2945 1267 3025 autem,
1295 2940 1375 3005 haud

240 3078 311 3119 raro
339 3056 374 3119 in
395 3055 456 3119 hcc
478 3076 595 3140 genere
618 3076 750 3138 operoso
779 3057 1038 3139 argumentorum
1064 3053 1280 3116 instrumento
1301 3074 1375 3135 opus

240 3188 319 3249 esse,
343 3188 381 3229 ex
404 3165 517 3250 quibus
539 3165 810 3249 simplicissimmn
832 3164 959 3248 aliquod
981 3163 1039 3227 fiat
1060 3163 1221 3226 iudicium.
1268 3162 1375 3246 ltaque

239 3299 306 3340 non
328 3280 376 3340 est
397 3276 528 3359 mirum,
559 3276 746 3341 coniunctas
770 3297 840 3339 curn
862 3274 924 3338 hac
946 3275 1131 3358 quaestione
1160 3294 1228 3336 esse
1258 3272 1373 3336 uberio-

218 3409 289 3483 ‘res
304 3386 458 3470 quasdam
480 3387 723 3470 disputationes,
747 3408 825 3469 quas
848 3386 875 3448 si
898 3406 981 3448 ame
1005 3383 1127 3447 alienas
1150 3383 1372 3463 existimarem,
1444 3422 1457 3440 .

238 3497 382 3580 profecto
404 3497 566 3581 philologo
589 3518 702 3581 parum
724 3496 822 3581 digne
844 3517 987 3581 agerem:
1017 3516 1078 3578 qua
1100 3496 1210 3557 tamen
1233 3493 1324 3557 inre
1345 3494 1373 3554 et
1424 3490 1457 3537 Ἰ

237 3608 459 3691 perspicuitati
481 3607 672 3671 studendum
694 3607 755 3669 erit
776 3606 946 3688 imprimis,
971 3608 1004 3667 et
1025 3606 1180 3688 quantum
1202 3605 1272 3667 fieri
1294 3624 1373 3667 curn·
1403 3626 1457 3642 -··

238 3740 298 3801 que
326 3718 444 3800 poterit
470 3717 624 3782 narrandi
651 3714 811 3780 brevitati.
861 3715 1017 3780 Exordior
1044 3717 1151 3776 autem
1179 3713 1220 3778 ab
1249 3710 1373 3776 Aeliani
1402 3701 1450 3765 ἰ

237 3911 438 3919 ----——-——..

304 4026 329 4093 *)
341 4024 473 4093 ‘[ltegem‚
490 4039 545 4079 non
563 4020 759 4094 philosophum
775 4019 1016 4092 interpretandum
1025 4037 1094 4080 ,esse
1111 4016 1279 4075 Archelaum
1296 4033 1372 4087 argu·
1400 4032 1443 4048 ²

237 4118 337 4172 mentis
355 4118 392 4172 ad
408 4117 632 4186 persuadendum
650 4117 718 4171 satis
737 4116 872 4186 appositis
885 4115 1010 4185 probare
1029 4113 1147 4177 studuit,
1166 4113 1242 4166 cuius
1260 4113 1288 4166 in
1306 4112 1372 4165 Mar·
1401 4128 1431 4140 ‘

237 4210 329 4264 cellini
349 4210 509 4282 testimonio
532 4210 704 4282 expediendo
727 4226 830 4278 magna
858 4207 1003 4277 diligentia
1030 4207 1093 4271 fuit,
1123 4206 1318 4273 Kruegerus
1340 4203 1371 4254 de
1408 4198 1457 4239 ἑ

237 4303 295 4356 vita
312 4289 481 4372 Thucydidis
504 4304 608 4370 (Berol.
629 4322 653 4357 a.
675 4307 754 4370 1832)
777 4321 804 4372 p.
824 4308 854 4356 61
875 4318 935 4368 sqq.
961 4316 1078 4366 cumque
1102 4299 1224 4364 secutus,
1255 4299 1322 4352 alios
1345 4297 1371 4348 ut
1428 4290 1457 4321 ⁵

238 4395 379 4464 omittam,
398 4398 534 4452 Prellerus
553 4397 587 4450 de
606 4396 780 4465 Praxiplraue
798 4414 825 4463 p.
844 4402 877 4448 20
895 4396 946 4463 sq.]
