3218 5094
281 355 344 418 200
629 371 785 418 mmmm
808 371 1070 420 υιιοοιοοοιιανλ

281 528 557 604 ςυνανορθοίιντος
580 527 630 588 καὶ
656 529 714 589 τοῦ
740 525 890 590 τοιούτου
913 526 1159 606 βιβλιοφιίλακος
1186 533 1241 606 τῆς
1264 529 1418 608 τοςαότης

282 635 479 714 βιβλιοθήκης
494 635 753 714 Ἐρατοςθένους·
777 635 824 700 ὡν
847 635 965 716 βίβλων
980 637 1056 700 τοὺς
1070 638 1204 702 πίνακας
1222 639 1418 719 Καλλίμαχος

281 743 504 822 ἀπεγράψατο·
538 745 745 824 Ἀλέξανδρος
773 736 881 824 ὤρθου
913 747 952 809 τὰ
984 747 1131 825 τραγικὰ,
1165 747 1344 828 Λυκόφρων
1380 752 1420 814 τὰ
1509 835 1513 842 Ι

281 853 413 931 κωμικό·
435 853 559 918 νεανίαι
579 853 658 932 ἠςαν
683 855 879 934 Καλλίμαχος
901 857 952 919 καί
974 857 1204 935 Ἔρατοςθένης.
1242 857 1339 923 Οὗτοι
1361 862 1419 938 μὲν

280 964 336 1027 τὰς
352 964 496 1041 ςκηνικὰς
511 965 736 1043 διωρθώςαντο
752 964 896 1044 βίβλους,
919 965 963 1029 ιίις
978 967 1034 1030 τὰς
1049 969 1115 1030 τῶν
1131 973 1275 1046 ποιητῶν
1292 968 1417 1034 ἐπεςκὲ·
1435 993 1459 1030 10

280 1093 386 1152 ψαντο
416 1073 610 1153 Ἀρίςταρχοί
637 1096 671 1138 τε
699 1075 749 1137 καί
771 1075 965 1154 Ζηνόδοτον·
999 1077 1132 1154 ὕςτερον
1162 1079 1197 1141 δὲ
1225 1079 1276 1141 καί
1301 1079 1420 1143 ταύτας

280 1182 404 1247 ἁπάςας
426 1184 545 1247 πολλοὶ
568 1183 775 1263 ἀνεφάνηςαν
802 1183 1065 1264 ὑποφητεύοντες
1094 1187 1144 1251 καί
1170 1187 1420 1266 ἐπεξηγούμενοι

280 1291 432 1371 Δίδυμοι,
456 1292 648 1372 Τρύφωνες,
672 1295 878 1372 Ἡρωδιανοὶ,
905 1295 1136 1374 Ἀπολλώνιοι,
1163 1297 1357 1375 Πτολεμαῖοί
1384 1320 1420 1363 τε

280 1402 502 1466 Ἀςκαλωνίται
536 1404 585 1466 καὶ
619 1403 648 1467 οἱ
683 1404 836 1483 Κυθήριοι.
891 1404 1057 1484 Πρότερος
1091 1409 1125 1470 δὲ
1156 1405 1197 1483 ’ἢν
1232 1407 1420 1484 Ζηνόδοτος

279 1511 437 1590 Ἐφέςιος,
467 1517 490 1578 ἐ’
520 1513 554 1576 δὲ
582 1514 601 1591 ἢ
628 1501 649 1576 δ
674 1514 738 1591 μετ’
773 1513 872 1579 αὐτὸν
901 1514 1117 1594 Ἀρίςταρχος,
1145 1514 1225 1594 ἄλλη
1253 1518 1280 1579 τ’
1309 1516 1420 1582 ἄλλων
1435 1544 1461 1582 ιι

278 1624 405 1696 γλῶςςα
426 1623 657 1701 πολυεπερέων
680 1622 825 1702 ἀνδρῶν·
848 1625 914 1703 μεθ)
937 1625 993 1689 οὓς
1015 1625 1065 1688 καί
1088 1625 1119 1689 οἱ
1141 1625 1318 1706 φιλόςοφοι
1332 1627 1419 1706 Πορ-

213 1750 259 1798 ιιι
280 1731 413 1810 φιίριος,
436 1733 664 1813 Πλούταρχος,
686 1733 852 1811 Πρόκλος,
877 1734 922 1798 ὡς
937 1735 988 1798 καί
1002 1727 1068 1813 πρό
1089 1735 1223 1800 πάντων
1239 1735 1346 1800 αὐτῶν
1370 1738 1447 1800 καίι

279 1842 343 1920 πρὸ
365 1845 431 1907 τῶν
454 1842 584 1922 χρόνων
599 1847 667 1907 τῶν
682 1843 894 1921 Πτολεμαίων
917 1845 1110 1924 φιλοςόφων
1128 1844 1248 1923 ἑτέρων
1271 1846 1356 1924 μερὶς
1380 1847 1421 1910 οὐ

279 1952 387 2030 μετρία
408 1953 459 2016 καὶ
481 1952 499 2016 ό
522 1953 558 2016 ἐκ
580 1952 757 2030 (ταγείρων
780 1953 916 2032 αἰθέριος
939 1957 1034 2029 νοῦς,
1064 1954 1083 2018 δ
1106 1957 1174 2019 τοῖς
1196 1955 1282 2019 νέοις
1304 1959 1420 2036 ςοφοῑς

279 2063 347 2125 τοῖς
369 2061 587 2138 ἀνεγνωκέναι
608 2063 772 2141 μαθήματα
794 2063 920 2138 λέγουςι
945 2061 1012 2148 [τὰς
1034 2064 1151 2128 τούτου
1181 2064 1309 2143 βίβλους
1332 2065 1420 2129 οὕτω

279 2172 541 2256 κατονομάῑουα]
565 2172 691 2238 διδάξας
713 2173 770 2237 τὰς
792 2171 974 2251 νυκτερίδας
998 2173 1102 2248 λέγειν
1124 2172 1206 2238 είναι
1221 2174 1449 2252 τετράποδαςῡ

279 2281 328 2345 καί
351 2282 396 2345 ὼς
419 2281 532 2347 ὄςτεον
556 2282 682 2361 ἔχουςιν
705 2282 736 2346 αἱ
758 2285 825 2347 τῶν
846 2282 959 2347 ίππων
981 2283 1105 2362 καρδίαι
1128 2284 1177 2348 καί
1200 2288 1288 2363 βοῶν
1317 2285 1353 2349 δέ
1375 2307 1421 2348 τι-

280 2411 366 2467 νων,
389 2393 438 2454 καί
462 2391 506 2455 ὼς
530 2393 642 2470 ἕτερον
665 2392 703 2456 τό
728 2391 803 2456 πῑόν
834 2392 916 2457 ἐςτιν
945 2393 994 2456 καὶ
1023 2392 1104 2456 ἀλλο
1133 2394 1170 2456 τὸ
1199 2396 1343 2473 πιμελὲς,
1371 2397 1422 2459 καὶ

280 2497 329 2563 ὅτι
350 2501 390 2563 τὰ
411 2499 637 2579 γναμψώνυχα
659 2500 718 2565 οὐκ
739 2501 887 2580 ὁχευτικά
909 2505 964 2580 τῆς
991 2502 1119 2582 ἱέρακος
1141 2503 1421 2581 τεςςαρακοντὰκις

279 2613 333 2690 μιᾷ
362 2609 446 2692 ῥοπῇ
475 2609 732 2688 ἐπιβαινομένης,
760 2611 810 2674 καὶ
839 2610 886 2675 δτι
916 2617 983 2676 τῶν
1012 2611 1139 2690 ὄρνεων
1169 2615 1249 2692 βαρὺ
1271 2613 1321 2678 καί
1343 2635 1421 2692 πτη-

279 2719 366 2782 τικόν
393 2719 412 2796 ἡ
441 2719 622 2797 περιετερὰ,
650 2721 700 2783 καί
728 2719 777 2785 ὅτι
804 2724 871 2785 τῶν
900 2720 1043 2800 ἀναίμων
1066 2721 1164 2787 οὐδὲν
1188 2723 1337 2799 ιίιοτοκεί,
1359 2727 1420 2787 τοῦ
1436 2743 1462 2780 ¹0

280 2827 469 2892 πολύποδος
498 2828 631 2908 ἀναίμου
658 2851 693 2895 τε
721 2829 818 2895 ὄντος
846 2831 895 2894 καί
928 2830 1024 2896 τόςον
1051 2832 1154 2908 γόνον
1183 2833 1420 2907 ὠοτοκοῦντος,

280 2937 325 3000 ὡς
354 2936 372 3000 ό
401 2937 507 3016 ἐχῖνός
534 2960 568 3004 τε
596 2941 645 3003 ὠὰ
673 2940 769 3004 πέντε
796 2946 912 3023 γεννᾷ,
942 2942 977 3006 ἓν
1005 2943 1040 3006 δὲ
1067 2943 1105 3006 τὸ
1128 2943 1271 3021 ὄςτρεον,
1301 2943 1350 3006 καί
1374 2943 1420 3006 ῶς

279 3046 417 3111 ὀδόντας
444 3047 509 3126 ἔχει
535 3049 553 3126 ἡ
583 3050 725 3127 μέλιςςα,
754 3050 804 3113 καί
832 3049 913 3114 ἀλλα
942 3049 1020 3115 ἀπτα
1047 3055 1178 3116 τοιαῦτα
1207 3052 1301 3132 μυρία
1322 3052 1358 3116 ἔν
1385 3073 1420 3116 τε

279 3160 498 3236 θεωρητικοῑς,
526 3162 709 3237 πρακτικοῖς
737 3161 786 3224 καί
814 3160 995 3239 όργανικοῑς
1021 3163 1140 3227 τούτου
1173 3163 1419 3242 ςυγγρόιμμαςιν·

280 3265 300 3329 ἃ
327 3267 439 3344 μόνοις
466 3270 534 3331 τοῖς
562 3267 777 3344 ἀνεγνωκέναι
806 3273 903 3349 βοῶςι
931 3272 1095 3350 μαθήματα
1123 3277 1252 3338 δοκοῦςι
1273 3272 1418 3337 θεςπέςιά
1435 3290 1461 3330 1⁵

184 3379 187 3383 ’
279 3396 313 3440 τε
340 3375 422 3442 εἶναι
449 3378 498 3441 καί
525 3376 748 3457 ἀτρεκέςτατα,
777 3379 842 3444 ἀπὸ
869 3381 897 3445 δ’
924 3379 1033 3449 αὐτῶν
1061 3385 1127 3447 τῶν
1156 3383 1261 3461 ἔργων
1289 3383 1420 3460 ἐληλεγ-

348 3652 370 3698 7.
390 3646 567 3716 καλλίμαχος]
585 3665 626 3714 γρ.
645 3650 804 3715 ςώςτρατος
823 3667 959 3719 suprascr.
978 3667 1050 3704 mon,
1071 3669 1124 3706 seo.
1159 3651 1199 3706 Do
1218 3651 1346 3707 Sostrate
1364 3652 1420 3721 Ny-

280 3753 345 3790 saeo
373 3739 568 3806 grammatico,
597 3740 723 3808 Pompeii
750 3742 845 3810 magni
875 3747 1056 3812 praeceptore
1084 3743 1186 3810 (Streb.
1215 3744 1279 3797 XIV
1306 3763 1333 3814 p.
1359 3749 1420 3811 650)

281 3827 421 3896 cogitavit.
453 3831 585 3887 Similiter
598 3836 691 3888 autom
704 3851 747 3888 ree
759 3834 908 3890 iudicanda
920 3838 964 3890 eet
979 3839 1064 3902 atque
1081 3837 1141 3902 illo,
1160 3836 1234 3904 quod
1246 3837 1422 3892 Athenodori

279 3938 380 3976 nomen
397 3921 443 3988 iis,
462 3924 509 3990 qui
527 3925 672 3981 Pisistrato
694 3927 807 3981 iubente
825 3929 938 3983 Homeri
957 3929 1080 3982 carmine
1099 3930 1281 3998 collegerunt,
1299 3930 1329 3982 in
1345 3930 1422 3984 Pari·

280 4014 339 4068 eino
358 4013 451 4069 codiee
474 4018 625 4086 ascriptum
647 4023 697 4074 eet.
782 4027 820 4073 12.
845 4023 880 4074 ἀν
902 4024 1061 4089 ἑφόνηςανλ
1142 4029 1180 4076 13.
1200 4023 1423 4091 ἀπολλώνιοι]ὁ

279 4108 384 4162 Ῥόδιος
403 4111 521 4176 ποιητής
541 4129 676 4180 suprascr.
696 4131 731 4167 m.
752 4130 805 4169 soe.
876 4121 914 4167 15.
933 4115 951 4166 1.
971 4117 987 4168 ὁ
1007 4115 1135 4182 Ἐφέςιος.
1204 4120 1229 4168 4.
1248 4112 1325 4178 Qum
1342 4115 1424 4169 uncis

280 4199 438 4254 inclusimus
456 4203 597 4270 glossema
619 4221 680 4260 osse
702 4207 830 4260 ridentur
853 4208 901 4260 aut
925 4207 961 4260 ad
980 4208 1130 4274 praeripere
1147 4224 1243 4262 vocem
1265 4206 1425 4277 ascriptum

280 4294 329 4344 αυί
346 4293 382 4345 od
400 4311 434 4347 eo
452 4310 523 4360 quoe
541 4314 604 4350 mox
617 4302 768 4364 sequuntur
783 4301 815 4352 ἔν
832 4316 864 4352 τε
877 4304 1059 4367 θεωρητικαῖς
1072 4303 1124 4354 eto.
1177 4305 1201 4357 8,
1216 4302 1341 4366 όχωτικά
1358 4303 1423 4356 eod.

280 4384 313 4450 [θ.
327 4385 415 4451 ῥοπῇ,
433 4403 489 4438 non
506 4390 596 4456 ρυπῇ,
616 4388 674 4443 οοά.
747 4396 785 4444 13.
805 4393 877 4444 όττα
896 4392 966 4460 αοά.]
