2924 4996
224 317 288 381 522
595 331 642 377 nn
665 329 794 378 comen
817 330 992 377 vannius

225 486 344 570 χρόνῳ.
385 483 475 547 Haec
497 482 643 567 intellegi
665 485 842 565 nequeunt:
866 483 897 546 οἱ
911 483 1062 562 Ῥωμαῖοι
1083 485 1170 546 recte
1193 482 1279 547 idem
1300 482 1366 567 syl-

225 594 356 678 burgius
379 592 597 675 desiderabat,
626 592 731 655 minus
759 594 846 655 recte
873 591 1125 656 subaudiendum
1151 592 1297 675 dicebat3
1333 595 1368 660 οἱ

225 706 410 781 πολέμιοι
437 706 513 766 ante
540 703 596 767 τὰς
624 702 807 781 προςβολὰς
834 722 872 764 ex
896 707 925 765 B
952 702 1096 766 accessit.
1134 741 1177 750 -
1213 703 1280 785 HI,
1310 704 1365 768 23:

224 817 373 879 πλεῑςτον
395 813 431 877 δὲ
453 813 503 877 καὶ
525 812 689 891 κράτιςτον
713 812 915 890 ἐπικουρικὸν
930 812 965 876 ἐκ
978 815 1034 889 τῆς
1051 814 1216 893 Ἀλβανῶν
1239 814 1366 878 πόλεως

226 924 362 987 Μέττιος
384 922 584 1002 Φουφέττιος
607 921 682 999 ἧκεν
705 920 795 997 ἄγων
817 921 941 985 ἀπάτας
957 921 1207 1002 ὑπερβάλλεςβαι
1221 925 1280 988 τὰς
1296 945 1366 1002 ςυμ-

224 1034 354 1113 μαχικὰς
375 1032 530 1110 δυνάμεις.
573 1029 623 1093 lbi
648 1030 727 1095 ὥςτε
750 1029 861 1093 abesse
883 1031 986 1094 visum
1008 1030 1105 1095 Porto
1128 1035 1160 1095 et
1181 1032 1364 1117 Sylburgio,

190 1143 421 1222 υβουλόμενος
453 1139 632 1223 Stephano:
669 1140 813 1204 όπλοις
848 1142 1139 1220 κεκοςμημένον
1177 1143 1365 1221 ἐκπρεπέ-

223 1273 281 1316 ςιν
305 1252 401 1316 ὥςτε
423 1253 496 1333 post
517 1250 607 1325 ἄγων
630 1249 785 1313 excidisse
808 1252 864 1312 BC
883 1249 1009 1313 docent.
1033 1288 1075 1298 -
1096 1249 1157 1332 ΠΙ,
1181 1251 1241 1314 24;
1276 1253 1365 1316 ἐνθυ-

223 1363 373 1440 μηθέντες
395 1360 454 1425 οὖν
478 1359 526 1423 ότι
548 1359 584 1424 ἐν
608 1362 695 1440 καλῷ
717 1360 795 1424 τοὺς
818 1358 978 1437 ἐχθίςτους
999 1361 1089 1437 ἡμῶν
1111 1361 1240 1440 ἔχομεν,
1264 1361 1366 1439 οἱμὲν

223 1471 369 1549 ἄντικρυς
396 1469 557 1550 ἐπιόντες,
587 1468 618 1532 οἱ
647 1470 682 1534 δὲ
710 1468 860 1561 κατόπιν,
897 1469 975 1534 ἔνθα
1004 1454 1079 1535 οὔτε
1106 1471 1218 1548 πρόςω
1247 1474 1366 1549 χωρεῖν

223 1581 295 1644 οὔτ’
323 1579 424 1643 ὀπίςω
452 1579 652 1658 ἐπιςτρέφειν
686 1579 858 1656 δυνάμενοι
890 1585 1025 1663 ποταμῷ
1052 1599 1087 1644 τε
1114 1582 1164 1643 καὶ
1197 1580 1269 1659 ὄρει
1300 1584 1366 1644 τῶν

223 1689 369 1764 πλαγίων
392 1688 651 1766 ἀποκλειόμενοι,
680 1687 756 1751 ἀλλ’
776 1687 822 1753 ίτε
845 1689 901 1754 ςὺν
924 1691 1028 1771 πολλῇ
1050 1690 1290 1769 καταφρονήςει
1312 1690 1365 1753 ἐτι)

223 1800 350 1863 αὐτούς.
394 1797 545 1861 Mancam
573 1796 770 1878 orationem,
804 1797 902 1860 variis
931 1797 1113 1861 criticorum
1142 1797 1366 1862 conaminibus

224 1911 387 1990 vexatam,
418 1911 447 1969 B
467 1906 700 1990 redintegravit
727 1906 763 1970 in
790 1906 875 1969 hanc
897 1906 1053 1989 speciem:
1089 1912 1224 1990 ποταμῷ
1254 1928 1290 1972 τε
1318 1909 1366 1970 καὶ

223 2017 292 2096 ὄρει
319 2017 361 2080 ἐκ
387 2021 453 2081 τῶν
482 2016 628 2092 πλαγίων
651 2016 895 2093 ἀποκλειόμενοι
917 2018 1037 2094 καλὴν
1060 2018 1365 2095 δώςουςινὴμῑν

223 2126 348 2208 δίκην,
371 2126 418 2191 ἴτε
440 2129 503 2190 κτλ.
547 2125 611 2189 Vbi
634 2125 661 2189 si
684 2125 885 2190 coniecturae
913 2124 1090 2188 debeantur
1112 2127 1147 2189 ἐκ
1169 2125 1366 2208 praepositio

224 2239 256 2299 et
278 2236 360 2300 ἀλλὰ
383 2235 559 2317 particulae
581 2233 728 2315 omissio,
759 2234 897 2298 feliciter
918 2238 955 2298 ut
976 2255 1071 2317 saepe
1093 2233 1278 2298 emendatio
1302 2256 1367 2298 cor-

223 2345 339 2409 rectori
362 2345 530 2427 successit3
553 2344 665 2407 atille
687 2346 786 2421 καλὴν
809 2366 836 2407 e.
860 2366 891 2428 q.
915 2365 940 2407 s.
964 2365 1030 2407 non
1052 2344 1185 2426 sapiunt
1206 2343 1366 2409 mehercle

225 2454 411 2518 correctoris
433 2454 610 2537 ingenium.
627 2491 669 2501 —
692 2454 722 2516 A
738 2452 870 2517 modicis
892 2453 1016 2516 lacunis
1032 2474 1090 2535 per
1104 2453 1244 2517 maiores
1267 2476 1367 2538 pergo

224 2564 263 2626 ad
286 2562 509 2648 gravissimam
531 2562 572 2645 V,
595 2563 651 2626 47:
689 2565 832 2644 διαφέρει
860 2566 895 2628 οὲ
923 2565 1058 2642 θατέρου
1080 2566 1213 2643 πρῶτον
1238 2565 1298 2642 μὲν
1320 2564 1368 2628 ότι

224 2723 230 2736 .
254 2724 260 2736 .
283 2722 290 2736 .
313 2721 336 2748 .,
359 2673 462 2738 ἔπειθ’
484 2673 533 2737 ότι
556 2673 595 2738 οὐ
617 2676 675 2753 τὴν
698 2674 844 2751 ποικίλην
868 2674 918 2737 καὶ
939 2673 1136 2753 χρυςόςημον
1153 2672 1368 2752 ἀμφιέννυται

224 2785 339 2861 ςτολὴν
369 2784 388 2861 ἢ
417 2786 572 2862 κοςμεῑται
603 2784 760 2862 τήβεννον
794 2783 832 2847 τὸ
860 2783 1033 2862 ἐπιχώριον
1066 2786 1133 2847 τῶν
1168 2783 1307 2850 ὑπάτων
1335 2806 1368 2849 τε

204 2893 273 2957 καὶ
294 2896 478 2970 ςτραιηγῶν
500 2893 639 2973 φόρημα
675 2890 751 2955 Νοιι
772 2892 887 2955 mirum
909 2891 989 2955 haec
1010 2913 1076 2957 non
1098 2891 1283 2974 expediisse
1306 2893 1368 2957 edi-

222 3006 324 3083 toreS,
354 3023 434 3084 quae
461 3004 543 3064 teste
566 3005 595 3063 B
618 3001 664 3064 sic
686 3001 849 3084 scriptae
870 3001 1018 3085 Dionysii
1039 3021 1138 3065 manu
1161 3001 1368 3083 prodierunt:

223 3113 354 3189 ςτολὴν,
389 3113 589 3195 ᾐκοςμεῑται
621 3110 640 3176 ό
668 3112 818 3190 ἕτερος,
853 3112 944 3176 οὐδὲ
976 3111 1045 3176 τὸν
1081 3112 1256 3190 χρύςεον
1291 3114 1370 3192 ἔχει

224 3222 437 3302 ςτέφανον,
461 3221 560 3285 ἀλλὰ
581 3221 887 3301 περιπόρφυρον
911 3223 1055 3298 λευκὴν
1078 3222 1370 3302 περιβέβληται

221 3331 408 3409 τήβενναν,
430 3333 468 3395 τὸ
491 3331 663 3409 ἐπιχώριον
686 3333 748 3394 κτλ.

756 3521 828 3602 §5-

306 3656 351 3720 Et
376 3657 456 3720 haec
482 3657 609 3740 quidem
635 3657 781 3740 exempla
805 3657 918 3721 mutila
947 3659 1116 3720 servarumt
1142 3657 1264 3742 reliqui
1289 3661 1371 3726 codi-

224 3787 285 3829 ces.
332 3766 452 3830 Contra
474 3767 546 3829 aliis
567 3766 713 3849 plurimis
735 3766 938 3848 lacunarum,
966 3787 1045 3848 quas
1074 3765 1142 3847 ipse
1166 3775 1370 3852 reppererat,

224 3875 360 3959 vestigia
388 3875 453 3938 suis
476 3876 664 3938 commentis
686 3897 824 3958 nequam
846 3875 1057 3958 interpolator
1079 3878 1136 3937 aut
1158 3874 1279 3941 leviter
1302 3879 1372 3942 obs-

223 3984 347 4048 curavit
374 3988 429 4047 aut
456 3984 635 4049 incredibili
663 3985 845 4048 temeritate
872 3983 1079 4048 oblitteravit.
1116 3982 1265 4057 Quorum
1288 4010 1372 4052 com·

222 4098 402 4158 mentorum
429 4097 597 4177 perpetuos
625 4096 722 4157 testes
750 4098 778 4157 J)
800 4100 833 4157 et
859 4114 940 4176 quae
969 4114 1007 4156 ex
1035 4092 1192 4157 colluxit
1224 4101 1255 4160 P
1275 4098 1372 4161 habe

224 4225 304 4284 mue,
329 4203 519 4286 aliquotiens
534 4205 635 4268 solam
649 4209 684 4285 P,
708 4224 775 4267 non
796 4224 870 4266 raro
892 4202 932 4265 ad
954 4203 1066 4266 horum
1089 4201 1250 4268 librorum
1273 4207 1373 4271 socie·

223 4315 324 4377 tatem
347 4313 518 4377 accedente
540 4313 637 4376 etiam
653 4318 684 4394 Ο,
708 4313 775 4376 fere
797 4334 953 4397 nusquam
971 4311 1143 4376 accedente
1160 4320 1199 4395 A,
1223 4316 1284 4398 qui
1307 4338 1373 4380 non
