2924 4996
208 322 274 387 534
585 337 634 383 nn
655 336 785 385 comcs
807 337 984 384 vssrrurs

211 491 260 555 ed.
272 488 378 555 Bonn.
393 511 411 554 e
425 489 580 574 Dionysio
595 488 645 553 his
660 510 741 574 quse
756 489 963 555 subiecimus:
978 490 1061 570 πρὸς
1073 489 1201 556 τούτοις
1215 491 1269 555 καὶ
1281 491 1365 554 Καλ-

211 602 281 666 λίας
303 602 322 665 ὁ
344 601 401 668 τὰς
422 601 551 681 πράξεις
573 599 806 677 Ἀγαθοκλέους
828 601 966 682 γράφων
982 599 1119 677 γυναῖκά
1139 621 1212 667 τινα
1233 601 1364 682 Ῥώμην

211 711 356 790 τυύνομά
379 731 455 792 φηςι
478 711 617 794 Τρῳάδα
637 711 677 775 τὸ
698 711 796 788 γένος
817 712 874 777 etv
896 714 964 777 τοῖς
985 712 1109 791 Τρωςὶν
1131 711 1293 776 ἐλθοῦςαν
1315 718 1363 796 τῷ

210 823 381 900 τηνικαῦτα
403 821 600 900 βαςιλεύουτι
621 821 747 905 Λατίνῳ
769 825 825 900 τῆς
847 822 976 887 Ἰταλία(
1003 822 1158 900 γήμαςθαι
1184 822 1237 887 καὶ
1257 824 1364 887 τεκεῖν

211 932 299 1016 αὐτῷ
315 934 431 995 παῖδας
451 933 537 1010 τρεῖς
558 931 706 1010 Ῥῶμον
729 932 791 996 καλ
812 932 1010 1010 Ῥωμύλον
1030 933 1095 996 καὶ
1115 932 1362 1011 Τηλέγονον,

212 1042 251 1107 ὃν
274 1040 394 1119 οἰκῆται
422 1040 459 1105 ἐν
480 1040 592 1106 ἄλλοις
619 1040 758 1121 χωρίοις
777 1041 922 1118 ἐλέγετο·
949 1043 1075 1119 Ῥῶμον
1101 1042 1138 1107 δὲ
1165 1042 1218 1106 καλ
1239 1042 1362 1120 Ῥωμύ·

211 1154 271 1217 λον
293 1154 410 1217 παῖδας
433 1150 571 1216 Λατίνου
593 1151 643 1215 καὶ
664 1151 787 1230 Ῥώμης
807 1155 864 1231 τῆς
886 1152 1041 1236 Τρῳάδος
1060 1152 1121 1231 τὴν
1142 1151 1240 1217 πόλιν
1262 1150 1362 1217 κτίςαι

212 1261 261 1325 καὶ
283 1261 408 1341 Ῥώμην
431 1260 559 1325 καλέςαι
579 1266 626 1345 τῳ
649 1264 786 1346 μητρῴῳ
809 1260 958 1341 ὀνόματι,
980 1260 1057 1327 τούς
1078 1282 1113 1326 τε
1136 1260 1204 1326 άπὸ
1219 1259 1361 1328 Λατίνου

211 1370 384 1447 Λατίνους,
406 1372 482 1436 τοὺς
497 1371 547 1435 καὶ
562 1369 760 1450 Ἀβορίγινας
774 1370 935 1451 πρότερον
952 1371 1164 1450 λεγομένους,
1179 1370 1361 1451 Ῥωμαίους

211 1484 472 1561 προςαγορεῦςαι
517 1481 664 1562 Apparet
696 1479 896 1545 intercidisse
923 1483 958 1545 in
987 1485 1016 1544 B
1044 1482 1282 1560 Τηλέγονον
1306 1503 1363 1545 πο

212 1612 296 1655 men.
342 1588 404 1655 Sed
437 1611 504 1654 non
535 1589 596 1654 hoc
628 1590 746 1655 solum:
777 1612 854 1655 uam
884 1611 945 1655 nee
977 1590 1061 1675 apud
1090 1589 1282 1674 Dionysium
1315 1590 1363 1654 illi

212 1699 336 1764 nomini
360 1699 543 1764 continuari
564 1702 738 1785 potuerunt
752 1723 834 1785 quae
849 1703 1024 1786 sequuntur
1040 1700 1218 1766 οἰκίςαντας
1233 1701 1271 1766 δέ
1286 1703 1361 1778 κτλ,

213 1832 273 1875 nec
295 1809 462 1894 Syneellus
485 1813 610 1894 partem
634 1812 719 1874 certe
741 1832 866 1895 eorum,
891 1811 1004 1896 quibus
1022 1810 1146 1875 auctior
1167 1813 1219 1874 est
1240 1811 1361 1875 nostris

165 1931 195 1979 19
214 1916 448 2003 exemplaribus
463 1919 627 2004 Dionysii,
652 1920 780 1985 aliunde
801 1921 865 1985 nisi
887 1944 926 1986 ex
948 1924 1009 1986 hoe
1030 1920 1100 2004 ipso
1115 1923 1226 2004 petere
1242 1920 1360 2004 potuit.

213 2029 311 2094 Velut
332 2030 414 2094 nihil
436 2033 513 2113 puto
536 2030 576 2095 ad
591 2031 812 2115 integritatem
835 2032 1040 2114 desiderabis,
1064 2032 1091 2095 si
1113 2031 1154 2095 ad
1176 2031 1239 2095 hoe
1255 2052 1360 2096 exem·

212 2140 301 2224 plum
323 2140 488 2224 scripsisse
510 2141 699 2224 Dionysium
722 2142 872 2207 dixerim:
894 2147 1011 2208 scribac
1032 2146 1132 2223 τρεῖς,
1160 2143 1291 2221 Ῥῶμον
1312 2144 1362 2207 καὶ

212 2251 379 2330 Ῥωμύλον
402 2252 452 2317 καὶ
476 2249 733 2337 [Τηλέγονον.
777 2255 840 2318 καὶ
861 2257 1005 2319 τούτου
1027 2255 1095 2333 μὲν
1118 2256 1360 2332 μεταναςτῆ-

214 2382 294 2439 ναι,
326 2362 473 2441 Ῥῶμον
506 2365 548 2427 δέ
581 2364 641 2428 καὶ
673 2363 873 2442 Ῥωμύλον
904 2362 1151 2451 ύπομεῖναι,]
1183 2363 1361 2430 οἰκίςαντας

213 2474 250 2537 δὲ
272 2494 299 2535 e.
323 2495 355 2556 q.
379 2493 405 2534 s.
867 2520 879 2544 ‚

740 2561 760 2639 ὅ
786 2559 833 2622 10.

299 2689 402 2766 Quam
423 2691 458 2755 in
480 2691 610 2756 maioris
632 2693 771 2757 ambitus
798 2693 922 2758 lacunis
952 2697 1039 2758 serto
1068 2693 1279 2777 eognovimus
1302 2693 1360 2758 Vr-

214 2801 334 2865 binatis
356 2800 430 2864 libri
452 2802 564 2885 fidem,
594 2824 665 2866 esm
687 2803 752 2866 iem
774 2803 841 2867 iure
864 2806 974 2868 nostro
1002 2803 1042 2867 sd
1065 2803 1192 2887 elapsas
1214 2803 1361 2889 singulas

214 2912 342 2976 voculas
372 2912 618 2999 transferemus,
649 2913 688 2976 de
721 2914 835 2997 quibus
868 2914 937 2978 sine
969 2914 1024 2978 illo
1046 2917 1213 2997 tamquam
1244 2912 1360 2978 funda-

215 3026 324 3091 manto
348 3044 466 3106 anceps
489 3045 558 3087 esse
579 3023 732 3088 iudicium
754 3024 864 3106 possit.
910 3023 1016 3088 Teuta
1038 3026 1087 3087 est
1108 3026 1218 3087 autem
1242 3023 1280 3087 in
1301 3024 1361 3088 hoc

213 3155 332 3218 genere
355 3132 590 3215 accessionum,
620 3154 701 3217 quae
723 3134 774 3198 vel
795 3135 855 3198 soli
878 3139 907 3198 B
927 3135 978 3198 vel
1006 3139 1060 3198 BC
1080 3132 1257 3216 debentur,
1282 3134 1361 3198 mul-

214 3243 317 3307 titudo
324 3293 333 3326 ,
366 3246 402 3307 ut
429 3247 562 3326 propter-
589 3244 621 3307 id
656 3244 760 3327 ipsum
792 3244 827 3307 in
860 3244 971 3327 paucis
1004 3242 1176 3308 subsistere
1205 3247 1359 3329 praestet

214 3353 326 3438 ltaque
349 3353 424 3417 dum
446 3357 573 3437 partem
600 3354 675 3418 libri
696 3354 728 3418 Π
751 3357 784 3417 et
809 3354 926 3418 librum
948 3354 997 3418 lll
1024 3354 1138 3418 leviter
1165 3354 1268 3418 oeulis
1292 3376 1361 3439 per-

215 3485 323 3547 curre,
353 3466 481 3548 praeter
512 3464 577 3528 alia
604 3463 742 3547 plurima
768 3464 804 3527 iu
826 3463 905 3528 haec
927 3464 1035 3528 incido
1057 3463 1205 3527 breviora
1233 3465 1360 3549 supple

214 3577 333 3638 menta.
371 3574 419 3657 Π,
440 3574 483 3639 26
504 3574 632 3642 ἅπαντα
645 3574 842 3655 πράττοντές
864 3575 922 3658 [τε
944 3577 1006 3640 καὶ
1028 3575 1251 3658 λέγοντες]
1277 3598 1305 3639 e.
1321 3576 1363 3640 30

214 3685 354 3763 ἀλκίμων
378 3685 518 3769 [λίαν,]
547 3685 611 3763 ὧν,
639 3684 681 3751 35
701 3688 810 3763 γονεῖς
837 3706 871 3750 τε
894 3685 1039 3769 [ὑμῶν]
1063 3685 1242 3764 ἐςύιθηςαν,
1265 3687 1310 3751 43
1330 3687 1364 3752 ἐκ

214 3798 272 3859 τοῦ
300 3795 544 3874 ἀπροςλοκήτου
573 3794 791 3882 [φανέντα]
820 3795 926 3872 εἶδον,
958 3794 1000 3860 45
1033 3793 1241 3875 ἀμφοτέρους
1279 3797 1364 3880 [αύ-

213 3905 294 3988 τοὶ]
317 3905 442 3984 λόγων,
471 3905 513 3968 46
540 3909 608 3971 τῶν
630 3906 813 3986 ἐπιχωρίων
841 3905 962 3990 ἀριθμῶ
990 3904 1050 3969 οὐκ
1076 3905 1231 3970 ἐλάττους
1255 3906 1365 3989 [ἑκα-

214 4015 319 4098 τόν],
347 4014 390 4078 49
417 4016 524 4079 πολλὰ
551 4018 618 4081 τῶν
645 4016 788 4095 νομίμων
822 4015 905 4081 εἶναι
933 4014 1148 4098 [(αβίνωυ]
1180 4015 1366 4095 Λακωνικά,

127 4162 129 4165 -
215 4125 257 4187 64
292 4125 390 4191 τίνων
427 4126 489 4191 ἐςτὶ
528 4126 771 4210 [μηνύματα]
807 4126 1021 4206 πραγμάτων,
1057 4125 1099 4189 65
1131 4127 1215 4204 παρ’
1252 4127 1368 4193 αὐτοῖς

216 4234 395 4319 [Ἑςτίας]
419 4236 501 4301 ἐςτὶν
523 4236 608 4315 ἱερά,
632 4236 672 4299 76
694 4243 740 4321 τῷ
763 4239 798 4301 δὲ
814 4236 960 4319 [Νομᾷ]
984 4239 1113 4315 περιῆν,
1136 4233 1197 4317 ΙΙΙ,
1222 4236 1243 4300 8
1267 4237 1368 4303 ἀκου-

216 4344 334 4421 ςθέντι,
356 4346 537 4430 [μικρὸν]
561 4347 715 4425 ἐπιςχὼν,
744 4346 764 4411 9
791 4347 906 4413 πόνων
935 4342 1135 4431 [πολλῶν]
1165 4345 1249 4411 αὐτὰ
1273 4351 1310 4412 et
1331 4350 1369 4415 ἓν
