2948 4996
230 343 295 408 454
691 357 738 404 ns
761 356 909 405 narreris

233 512 271 575 de
287 533 349 595 quo
364 510 624 594 Etymologicum
639 510 683 572 M.
700 532 732 593 p.
745 509 818 592 523,
835 510 877 574 39
892 512 925 572 et
941 509 1123 574 Gudianum
1142 532 1173 593 p.
1191 510 1265 591 332,
1279 509 1375 595 41*):

233 622 418 700 Μαρειίαε
445 621 562 700 λετορεῑ
589 620 638 685 ὅτι
662 621 788 684 Κνῶπιε
819 623 856 686 τὸ
883 622 980 697 γένοε
1011 621 1132 701 Κόλχοι
1161 622 1204 686 εἰε
1227 623 1375 686 Μακεδο-

233 732 304 797 νίαν
333 731 437 796 ἐλθὼν
473 732 607 810 διέτριβε
640 732 727 810 παρὰ
762 731 911 812 Καράνιμ·
957 732 1028 795 υἱοῦ
1056 733 1091 795 δὲ
1118 733 1300 810 γενομένου
1328 739 1375 816 τῷ

235 841 369 924 Καράνιμ
405 837 478 928 [καὶ]
513 841 698 920 βουληθέντι
730 841 788 904 τὸν
817 845 916 905 παῖδα
949 840 1014 905 ἀπὸ
1048 845 1106 905 τοῦ
1139 840 1219 905 ἰδίου
1253 843 1376 920 πατρόε

153 1001 155 1005 .
233 951 403 1039 ὀνομάζειν
440 951 599 1030 Κιράρονα
632 949 817 1034 (Καρὰρονα
846 949 940 1032 (lud,
969 952 1124 1015 Λάκωνοτ
1150 949 1259 1014 Ηονιι.
1292 950 1375 1038 [cum

232 1059 325 1123 Bodl.
343 1059 445 1123 Paris.
470 1057 597 1147 Brunl)
621 1058 787 1125 ἀνθίετατο
810 1060 829 1138 ή
852 1062 952 1140 μήτηρ
975 1063 1024 1125 καὶ
1047 1061 1125 1139 αὕτη
1149 1060 1373 1148 [immersisti]

234 1171 300 1234 ἀπὸ
332 1173 390 1243 τοῦ
430 1169 511 1234 ἰδίου
545 1171 668 1250 πατρόε
707 1169 921 1250 ὀνομαεθήναι
957 1172 1015 1235 τὸν
1053 1174 1151 1235 παῖδα
1185 1172 1374 1250 βουλομένη.

236 1281 362 1346 Κνιίιπιε
384 1280 418 1344 δ’
441 1280 609 1360 έρωτηθείε
632 1279 702 1344 εἷπε
724 1282 898 1360 μηδετέρου
926 1280 1015 1363 (μηδ’
1035 1280 1147 1359 ἑτέρου
1164 1279 1276 1364 vulgo)
1300 1280 1375 1345 ὀνο-

233 1391 380 1469 μάζετθαι
412 1389 525 1455 αὐτόν·
560 1390 672 1469 διόπερ
708 1391 823 1454 Κοῖνοε
857 1391 981 1473 (Κοινὸε
1007 1389 1112 1473 vulgo)
1149 1391 1274 1470 ἐκλήθη.
1324 1389 1377 1452 Ad

235 1498 395 1564 Caranum
418 1502 574 1581 spectare,
599 1520 664 1562 non
680 1500 720 1561 ad
735 1499 837 1562 filium
858 1499 924 1564 ἀπὸ
947 1503 1008 1564 τοῦ
1031 1499 1110 1564 ἰδίου
1132 1499 1257 1579 πατρότ
1279 1500 1376 1562 verba

222 1610 352 1693 priora,
377 1609 548 1672 eorundem
570 1609 657 1672 infra
685 1608 723 1671 de
746 1611 849 1671 matre
875 1608 1024 1692 repetitio
1047 1608 1164 1692 arguit.
1210 1608 1375 1671 Aristode·

233 1720 354 1783 midam
381 1721 489 1782 autem
511 1741 530 1781 a
552 1717 693 1781 Diodoro
719 1718 1001 1802 Theopompoque,
1035 1718 1076 1781 ab
1105 1717 1177 1780 aliis
1199 1716 1375 1782 Poeantem

234 1828 395 1913 perhiberi
419 1829 537 1894 Caroni
559 1831 684 1911 patrem
706 1826 872 1912 Syncellus
894 1822 1031 1891 testatur
1052 1850 1084 1911 p.
1100 1826 1205 1890 2620
1226 1828 1276 1891 ed.
1299 1828 1373 1892 Par.

234 1937 310 2025 [499
337 1936 473 2026 Bonnl,
508 1941 545 2001 ut
580 1938 619 2001 de
651 1939 811 2017 Κιράρονα
845 1936 1058 2020 (Καράνοραί)
1095 1958 1208 2020 parum
1244 1938 1374 2022 liqueat.

236 2046 296 2134 [De
327 2049 499 2127 Κυλλάριυν
537 2049 587 2111 vel
616 2050 811 2128 Κυλλάβρων
843 2047 972 2110 nomine
1005 2047 1176 2110 Muellerus
1210 2049 1376 2132 cogitabat

234 2181 266 2242 p.
291 2159 343 2242 42,
368 2158 451 2242 quod
473 2158 527 2222 vix
550 2157 611 2221 erit
633 2158 683 2221 cui
706 2159 842 2241 placeat.
874 2156 1045 2222 Subtiliore
1068 2157 1253 2220 coniectura
1274 2180 1376 2242 nuper

236 2267 475 2332 Gutschmidius
503 2290 577 2331 usus
606 2267 774 2351 Symbolae
802 2267 912 2350 philol.
941 2265 1046 2331 Boun.
1075 2289 1107 2350 p.
1133 2267 1194 2330 129
1222 2267 1283 2330 tali
1309 2268 1375 2331 fere

236 2380 380 2461 exemplo
408 2379 560 2442 lacunosa
588 2378 738 2441 videlicet
765 2378 862 2441 verba
891 2377 1101 2440 instauranda
1131 2378 1274 2460 putavit:
1311 2378 1375 2443 ἀπὸ

235 2493 294 2552 τοῦ
317 2488 400 2553 ἰδίου
422 2491 545 2568 πατρὸε
568 2489 737 2568 ὀνομάζειν
766 2489 962 2568 Κάρρονα·
994 2488 1110 2571 [οὕτως
1139 2490 1175 2552 δὲ
1196 2490 1256 2553 τὸν
1279 2489 1375 2567 κρείτ-

236 2618 315 2662 εονα
337 2597 541 2682 ὀνομάζουει]
565 2600 730 2664 Λάκωνεε·
760 2598 926 2663 ἀνθίετατο
948 2598 967 2675 ἡ
991 2599 1111 2681 μήτηρ]
1158 2596 1244 2660 Nam
1267 2598 1301 2660 in
1315 2600 1374 2663 Λά-

236 2729 340 2773 κωνοε
368 2710 404 2770 ut
430 2709 546 2792 lateat,
575 2708 658 2792 quod
686 2730 751 2771 non
780 2710 828 2770 est
854 2707 921 2771 veri
951 2706 1163 2789 simillimum,
1195 2708 1374 2774 Φείδωνοε;

235 2818 289 2903 qui
312 2817 414 2881 Phido
442 2818 502 2881 etsi
525 2818 689 2901 nonfuit,
718 2817 819 2881 videri
848 2820 932 2881 certe
960 2819 1052 2900 pater
1080 2817 1260 2901 significari
1281 2818 1375 2882 facile

236 2929 340 3012 potuit
367 2927 428 2992 hac
456 2928 582 3012 quidem
609 2928 693 3012 apud
716 2927 898 3011 Syncellum
926 2927 1092 2991 verborum
1122 2927 1376 2991 conformatione

238 3040 382 3118 Κάρανοε
415 3039 579 3103 Φείδωνοε
620 3037 666 3122 (h.
702 3060 729 3101 e.
765 3039 921 3122 ἀδελφόε)
957 3041 1016 3102 τοῦ
1047 3038 1287 3117 Ἀριετοδαμίδα
1319 3043 1377 3103 τοῦ

237 3150 394 3227 Μέροποε
426 3170 453 3212 e.
483 3170 514 3231 q.
543 3171 585 3212 s:
621 3147 723 3211 nihilo
756 3151 865 3211 tamen
898 3147 1002 3231 magis
1036 3146 1205 3229 quiequam
1236 3169 1309 3211 cum
1343 3169 1378 3211 eo

113 3252 116 3259 ’
236 3258 366 3321 nomine
407 3260 514 3340 potest
550 3258 701 3342 vulgatae
740 3258 774 3320 in
810 3256 1041 3341 Etymologicis
1079 3256 1261 3338 scripturae
1297 3280 1378 3321 corn·

236 3390 332 3430 mune
355 3389 431 3431 esse.

322 3477 397 3562 (IV)
435 3477 484 3541 De
516 3477 675 3541 undecimi
708 3478 794 3561 regis
821 3476 992 3540 Perdiccae
1014 3476 1046 3540 Π
1074 3478 1181 3539 aetate
1210 3475 1381 3561 disputans

237 3585 423 3651 Athenaeus
444 3587 474 3651 V
496 3610 528 3670 p.
544 3588 606 3651 217
630 3593 665 3651 D.
688 3592 718 3650 E
741 3588 959 3666 Περδίκκαε
981 3586 1090 3651 τοίνυν
1114 3585 1161 3648 ait
1182 3589 1250 3666 πρὸ
1276 3590 1381 3668 Ἀρχε-

238 3697 319 3760 λάου
347 3699 518 3777 βοιειλεύει,
547 3698 592 3762 ιίιε
620 3700 676 3776 μὲν
700 3698 718 3761 ὁ
741 3697 903 3762 Ἀκάνθιόε
926 3717 1000 3776 φηει
1024 3696 1218 3774 Νικομήδηε,
1241 3697 1296 3775 ἔτη
1321 3694 1383 3775 μα’,

238 3806 433 3884 Θεόπομπος
461 3809 496 3872 δὲ
519 3805 574 3885 λε’,
602 3808 802 3885 Ἀναξιμένηε
824 3806 865 3885 μ’,
892 3808 1077 3884 Ἱερώνυμοε
1099 3797 1161 3884 κη’,
1191 3807 1384 3886 Μοιρεύατ

237 3917 336 3980 δὲκαὶ
352 3917 533 3997 Φιλόχοροε
555 3912 744 3996 είκοειτρία.
772 3915 895 3979 Horum
918 3936 1120 3979 numerorum
1143 3915 1290 3978 omnium
1313 3918 1384 3980 nul-

237 4025 303 4088 lum
325 4025 364 4088 ad
388 4027 556 4090 veritatem
583 4026 712 4109 propius
741 4025 891 4089 accedere
919 4047 1013 4108 quam
1037 4045 1130 4107 quem
1153 4045 1227 4087 cum
1251 4027 1386 4110 Marsya

305 4271 330 4336 *)
357 4270 445 4338 [Adde
467 4270 692 4338 Etymologicum
714 4269 917 4340 Angelicanum
940 4273 1036 4335 5156,
1058 4268 1093 4322 de
1112 4285 1167 4335 quo
1185 4269 1290 4335 agetur
1308 4268 1385 4324 Dias.

240 4362 328 4417 XXIII
347 4363 427 4418 huius
444 4362 611 4434 voluminis]
