2970 4996
335 320 373 374 rs
395 320 531 375 sarran
553 318 635 373 ιον.
660 320 794 375 ruanis
817 304 1008 376 254-th
1187 306 1251 377 369

106 505 126 544 a
155 480 303 565 graviore
331 484 364 543 et
391 479 595 564 exquisitiore
623 501 741 564 genere
768 479 960 545 descendere
990 481 1029 544 ad
1061 481 1189 546 tenuius
1218 486 1251 546 et

105 592 261 673 ieiunius,
285 591 317 653 id
340 611 415 655 vero
438 594 532 674 poeta
555 591 689 675 dignum
711 614 776 655 non
800 597 857 655 cst.

192 701 254 764 Tot
280 702 380 786 igitur
406 704 535 784 tamque
564 723 679 785 graves
708 701 876 765 dubitandi
899 723 1029 766 caussae
1053 724 1124 766 cum
1149 725 1248 767 unum

106 811 304 895 eundemque
331 832 457 874 versum
485 826 684 875 communem
713 812 820 876 sedem
853 812 1010 895 habeant,
1045 812 1097 875 vix
1131 813 1250 896 poterit

104 925 218 985 nostra
233 920 394 985 sententia
417 921 451 984 in
466 922 657 986 temeritatis
674 922 791 985 crimen
809 922 987 1004 incurrere,
1012 922 1065 1006 qui
1089 922 1128 986 de
1151 923 1248 987 inter-

105 1031 261 1114 polatoris
288 1030 400 1095 fraude
429 1033 616 1114 suspicetur.
661 1031 746 1096 Nam
773 1054 838 1096 uon
861 1054 938 1096 sane
967 1032 1047 1096 liber
1069 1033 1127 1097 tali
1156 1033 1249 1117 culpa

105 1143 134 1205 is
163 1141 337 1226 videbitur,
369 1142 423 1226 qui
456 1164 521 1205 non
554 1146 682 1206 tantum
713 1146 781 1205 tam
814 1144 933 1208 bonnm
961 1165 1086 1208 versum
1115 1165 1249 1228 vereque
1272 1158 1297 1207 ιι

106 1251 330 1335 Aeschylium‚
359 1252 461 1335 qualis
490 1252 545 1316 ille
568 1256 617 1317 est
638 1255 778 1333 μήλοιτιν
801 1254 1008 1333 αἱμάττοντα(
1031 1253 1130 1318 terior
1153 1260 1248 1331 θεῶν,

104 1362 258 1426 licentius
286 1363 451 1426 damnavit
478 1363 557 1426 duce
581 1362 795 1447 Blomfieldio‚
824 1363 880 1428 sed
911 1367 1034 1429 suomet
1056 1364 1189 1428 consilio
1212 1365 1249 1428 in

106 1472 248 1535 eiusdem
276 1473 424 1556 supplicii
450 1472 636 1537 societatem
667 1475 773 1538 etiam'
787 1474 907 1538 duobus
936 1475 1088 1558 proximis
1117 1474 1248 1539 adscitis

105 1581 189 1645 nihil
217 1582 330 1666 reliqui
362 1583 441 1646 fecit
469 1604 506 1646 ex
533 1583 695 1647 tralaticia
727 1584 874 1648 ubertate
903 1588 1030 1667 praeter
1063 1584 1143 1649 haec
1169 1585 1247 1648 satis

103 1692 280 1757 macilenta
301 1693 419 1757 frusta:

310 1853 345 1918 εὖ
368 1856 591 1934 ξυντυχόντων
614 1856 664 1920 καί
687 1857 815 1920 notem(
837 1859 1031 1936 recucpe'vqt

310 1965 443 2045 λάφυρα
461 1968 550 2048 δᾴων
574 1967 766 2047 δουρίληφθ’
789 1967 900 2041 ἁγνοῑ(
922 1967 1033 2045 δόμοι(

310 2077 417 2154 (τέψω
440 2077 505 2154 ’πρὸ
528 2080 617 2140 ναῶν
640 2076 803 2154 πολεμίων
827 2076 991 2154 ἐεθήματα.

103 2243 194 2317 Quae
215 2244 328 2326 quibus
350 2244 421 2307 aliis
437 2243 644 2307 incommodis
660 2244 822 2326 laborent,
846 2244 932 2308 infra
953 2232 1137 2328 apparebit:
1160 2267 1246 2310 nunc

102 2374 204 2415 unum
227 2353 287 2416 hoc
316 2353 512 2436 quaerimus,
541 2376 603 2437 quo
631 2353 698 2416 iure
726 2375 828 2437 quave
857 2354 1084 2437 probabilitate
1107 2354 1247 2438 ipsorum

103 2463 333 2527 sacrificiorum
356 2460 484 2546 sponsio
507 2464 547 2527 ab
570 2463 710 2527 Eteoclis
732 2469 806 2528 voto
828 2469 1029 2550 segregetur,
1057 2485 1185 2550 prorsus
1208 2488 1246 2530 ea

104 2572 147 2636 ad
175 2594 280 2637 rerum
309 2573 528 2645 condicionem
555 2574 802 2658 sollemnemque
837 2575 871 2638 in
899 2596 936 2638 eo
968 2596 1086 2659 genere
1117 2598 1246 2640 consue-

102 2683 249 2747 tudinem
278 2683 447 2768 apposita?
490 2684 552 2749 Sed
579 2687 690 2764 μήλοιτ
717 2705 795 2748 sane
824 2688 859 2748 ut
888 2685 995 2749 dedita
1023 2702 1120 2769 opera
1148 2686 1246 2750 etiam

102 2794 235 2873 ταύρων
257 2795 378 2858 mentio
401 2794 581 2877 accederet,
606 2815 666 2857 nec
687 2794 832 2877 profecto
854 2816 911 2878 per
928 2817 961 2859 se
982 2796 1049 2859 ulla
1071 2797 1245 2861 necessitas

102 2904 168 2966 fuit
190 2906 222 2966 et
243 2924 280 2967 eo
308 2905 414 2968 minus
442 2927 572 2968 caussae
599 2905 780 2988 inventum,
810 2927 873 2989 quo
900 2906 1033 2970 certiore
1061 2906 1245 2990 grammati·

104 3035 215 3078 corum
243 3015 425 3078 testimonio
449 3019 576 3079 constat
604 3015 673 3098 ipso
695 3018 805 3095 μήλων
828 3015 957 3080 nomine
986 3017 1082 3080 boves
1105 3037 1245 3099 compre-

102 3126 221 3188 hensos
237 3146 304 3189 esse
326 3128 413 3206 παρὰ
434 3131 501 3190 rol(
524 3126 681 3207 ἀρχαίοιεε
705 3125 744 3213 de
767 3148 828 3210 quo
849 3129 991 3189 veterum
1007 3125 1244 3190 observationes

101 3234 147 3297 ab
184 3235 329 3319 Augusto
360 3235 506 3299 Nauckio
544 3236 735 3319 compositas
771 3235 896 3299 habetis
933 3234 1160 3319 Aristophanis
1196 3235 1245 3298 sui

100 3367 137 3429 p.
157 3344 216 3408 197
232 3366 299 3428 sqq.
344 3345 456 3429 ltaque
479 3345 539 3409 hoc
561 3347 615 3429 qui
639 3349 694 3408 aut
718 3367 782 3409 non
804 3344 1003 3408 meminisset
1025 3349 1081 3409 aut
1103 3344 1244 3428 exposite

100 3458 138 3518 et
160 3457 269 3538 aperte
292 3455 518 3521 declarandum
540 3459 684 3540 putaret,
715 3456 755 3519 ad
777 3455 930 3519 maiorem
954 3455 1076 3519 scilicet
1097 3456 1244 3540 magnifi-

100 3564 246 3628 centiam
272 3565 421 3630 sacrificii
443 3567 607 3630 notionem
629 3565 821 3629 adducturus
842 3565 939 3629 facile
962 3587 1033 3629 eum
1056 3565 1244 3629 versiculum

99 3675 321 3759 confingebat,
346 3697 438 3759 quem
460 3677 667 3740 manifestum
690 3679 739 3739 est
761 3674 934 3740 conflatum
956 3697 1024 3740 esse
1045 3696 1062 3738 e
1083 3674 1244 3758 Sophoclii

96 3790 330 3864 ταυροκτονεῑν
346 3787 434 3849 verbi
449 3786 668 3851 recordatione
692 3785 929 3869 adsumptisque
944 3807 961 3849 e
976 3782 1244 3868 superioro'versu
1265 3834 1268 3839 .

7 3911 12 3917 ’
96 3899 237 3985 θεοῖειν,
266 3917 304 3958 ex
327 3896 434 3979 paullo
461 3897 611 3960 inferiore
640 3898 825 3976 ἐπεύχετθαι
849 3895 1026 3959 vocabulis:
1054 3895 1114 3959 hoc
1137 3898 1243 3958 autem

94 4006 264 4090 postremo
286 4027 327 4069 ne
349 4006 428 4069 satis
451 4005 612 4070 commode
635 4004 778 4090 quidem,
801 4003 864 4069 nisi
892 4004 1044 4068 fallimur.
1088 4003 1243 4068 Nolumus

92 4117 135 4180 in
164 4137 202 4178 eo
230 4114 361 4179 haerere
391 4116 544 4180 morosius
572 4115 671 4199 quod,
706 4115 766 4178 etsi
793 4112 952 4198 ‘precari'
982 4117 1015 4177 et
1041 4098 1183 4194 εὔχέεθαι
1211 4117 1244 4177 et

91 4226 288 4305 ἑπεύχετθω
310 4225 430 4290 dictum
445 4247 513 4291 esse
529 4227 671 4307 constat,
695 4228 805 4288 tamen
822 4225 862 4286 ad
886 4224 1055 4288 ‘vovendi'
1078 4224 1243 4287 notionem
1316 4234 1318 4238 “

88 4339 205 4423 ipsum
232 4337 365 4401 verbum
387 4336 596 4427 compositum
618 4333 748 4399 omnino
775 4356 840 4399 nou
867 4337 916 4397 est
938 4357 956 4399 a
978 4333 1111 4419 tragicis
1142 4333 1243 4417 poetis

151 4457 198 4493 sn.
217 4457 384 4492 arrscnrnn
404 4454 548 4492 ornacum
568 4457 587 4490 ι.
802 4490 806 4494 ,
998 4438 1040 4500 24
