3014 5010
1067 278 1072 304 1

243 317 302 379 144
373 373 375 379 .
541 334 792 380 cououaanrvu
816 333 1084 382 ursevrnrroms

241 490 328 548 certa
350 486 476 548 litterae
499 489 628 548 nostrae
655 489 724 548 arte
747 490 779 548 et
804 486 973 569 disciplina
997 487 1255 552 continebuntur.
1301 490 1384 565 Quid

240 600 289 659 est
311 599 432 677 autem,
457 617 512 659 cur
534 596 573 658 dc
588 596 807 679 Lycophronis
822 596 856 658 iu
872 596 1051 660 ordinanda
1074 597 1268 662 bibliotheca
1289 600 1384 663 sociis

240 706 424 769 Alexandro
446 709 479 768 et
498 705 659 769 Zenodoto
682 704 907 788 Bernhardyus
930 710 961 790 p.
985 708 1047 770 826
1069 707 1216 771 dubitet?
1254 710 1385 774 Scilicet

239 817 310 879 illos
333 816 421 879 nullo
443 818 525 878 teste
549 819 676 879 constat
698 816 737 879 de
759 817 926 900 tragoedia
942 817 1094 900 epicaque
1117 821 1150 880 01
1172 819 1272 900 lyrica
1295 821 1383 903 poesi

238 926 357 989 similes
372 925 672 1009 Lycophroneorum
693 927 937 990 commentarios
958 927 1103 991 edidisse.
1142 931 1188 991 At
1210 951 1285 993 vero
1307 937 1384 1014 quot

238 1036 367 1100 tandem
400 1059 451 1100 res
479 1040 554 1099 sunt
582 1037 616 1099 111
649 1039 710 1099 hac
743 1037 945 1120 antiquitatis
976 1037 1161 1120 disciplina,
1196 1038 1236 1101 de
1270 1041 1383 1124 quibus

186 1162 219 1208 aa
237 1149 381 1232 quamvis
415 1171 481 1211 nou
510 1149 635 1210 constet
667 1146 837 1209 memoriae
871 1147 948 1229 fide,
984 1169 1049 1211 uon
1083 1149 1241 1212 immerito
1273 1153 1383 1215 tamen

238 1280 331 1321 nemo
360 1258 493 1321 dubitet.
535 1256 643 1340 Velut,
667 1253 714 1319 'ut
744 1279 760 1319 e
794 1258 947 1320 sescentis
977 1280 1075 1321 uuum
1104 1280 1382 1323 commemoremus

238 1369 367 1452 cognati
392 1369 520 1452 generis
536 1367 730 1450 exemplum,
755 1366 825 1450 quis
841 1367 1063 1431 Aristarchum
1078 1369 1254 1451 praefuisse
1270 1370 1383 1433 biblio·

236 1479 349 1541 thecae
388 1477 627 1541 Alexandrinae
663 1478 823 1539 testatur?
877 1479 1032 1541 Attamen
1070 1479 1170 1542 credit
1206 1480 1381 1562 praefuisse

238 1588 464 1671 Bernhardyus
490 1588 575 1650 Hist.
600 1587 614 1648 l
643 1587 706 1651 litt.
736 1610 766 1670 p.
796 1587 858 1651 368
888 1591 920 1650 et
947 1610 1005 1651 nos
1035 1588 1190 1651 credimus
1219 1611 1291 1652 cum
1314 1591 1378 1653 illo.

237 1699 377 1762 Omnino
393 1701 501 1761 autem
516 1719 583 1760 rem
599 1697 778 1760 universam
801 1698 984 1761 aestimanti
1000 1720 1065 1761 non
1087 1702 1193 1781 potest
1212 1700 1381 1763 obscurum

237 1831 319 1890 esse,
345 1809 484 1871 immane
507 1811 661 1892 quantum
684 1807 718 1870 in
746 1808 807 1871 hac
835 1813 927 1891 parte
955 1809 1200 1892 grammaticae,
1231 1831 1312 1892 quae
1341 1810 1381 1874 ad

236 1912 459 2000 describenda,
498 1918 712 2001 disponenda,
751 1918 921 1981 iudicanda
958 1919 1137 1982 litterarum
1173 1925 1381 1984 monumenta

236 2033 376 2112 spectat,
410 2034 532 2092 veteres
566 2029 636 2092 illos
670 2029 905 2092 Alexandrinos
940 2029 1151 2111 praestitisse:
1188 2029 1242 2093 sed
1281 2031 1381 2094 multo

236 2140 333 2202 etiam
366 2140 543 2203 tenuiorem
576 2139 688 2202 horam
721 2138 896 2202 studiorum
928 2140 1113 2202 memoriam
1145 2162 1202 2222 per
1235 2140 1381 2204 insecuta

235 2251 362 2312 saecula
378 2249 691 2332 Byzantinorumque
714 2249 895 2312 barbariem
918 2249 958 2312 ad
980 2250 1200 2332 posteritatem
1218 2271 1286 2312 esse
1309 2272 1381 2334 pro-

236 2363 406 2443 pagatam,
436 2382 530 2442 quam
553 2382 677 2440 corum,
708 2359 821 2442 quibus
849 2359 919 2442 ipsa
947 2362 1042 2438 τέχνη
1065 2363 1258 2439 γραμματική
1287 2363 1381 2442 perfi-

236 2470 389 2532 ciebatur.
435 2470 495 2543 Qui
519 2471 604 2532 locus
628 2470 792 2532 universus
815 2490 978 2551 speramus
1000 2470 1069 2532 fore
1091 2473 1127 2532 ut
1152 2469 1260 2533 dedita
1282 2492 1380 2554 opera

236 2580 368 2663 (dignus
396 2583 444 2641 est
472 2580 570 2663 eninr)
592 2573 658 2649 hac
687 2583 793 2642 aetate
819 2582 1043 2662 pertractetur.
1075 2577 1195 2642 Verum
1216 2580 1380 2643 videamus

236 2690 274 2751 de
297 2689 443 2772 singulis.
489 2688 532 2751 Et
554 2689 772 2752 Alexandrum
800 2689 925 2772 quidem
948 2690 1098 2752 Aetolum
1121 2689 1208 2753 nullo
1231 2712 1310 2753 sane
1333 2691 1380 2753 in-

222 2799 319 2883 dicio
348 2803 399 2862 sat
426 2802 513 2862 certo
541 2799 702 2883 colligitur
729 2800 768 2863 de
800 2799 925 2884 tragica
954 2800 1041 2882 poesi
1069 2800 1243 2883 scripsisse.
1295 2799 1380 2863 Nam

235 2932 315 2993 quae
338 2911 378 2972 in·
395 2908 524 2973 scholiis
548 2910 793 2993 Aristoplraneis
816 2910 856 2972 ad
879 2910 962 2972 Rau.
988 2910 1049 2973 848
1073 2910 1163 2995 (8114)
1187 2910 1378 2973 afferuntur:

235 3021 284 3084 ὅτι
306 3024 341 3086 δὲ
365 3022 632 3100 λαχανοπώλιδο(
656 3021 723 3086 utor
746 3023 785 3099 ἦν
811 3023 958 3085 Κλειτοῦ(
986 3021 1209 3099 ὁΕὐριπίδηε,
1233 3021 1378 3087 Ἀλέξαν-

234 3133 311 3211 δρό(
340 3152 450 3211 φηςιν,
479 3130 716 3194 concedendum
745 3133 793 3192 est
821 3152 858 3192 ex
887 3129 996 3192 eodem
1025 3129 1107 3193 libro
1134 3129 1200 3212 peti
1223 3129 1376 3212 potuisse,

234 3241 318 3304 unde
347 3241 569 3323 anapaesticus
593 3262 702 3304 versus
731 3239 769 3302 ad
801 3242 936 3303 eundem
964 3239 1151 3322 Euripidem
1177 3240 1377 3322 pertinentes

234 3351 356 3414 Gellius
379 3349 450 3432 XV,
474 3351 517 3412 20
538 3350 683 3434 sumpsit.
729 3351 813 3424 111100
836 3349 963 3433 quidem
986 3370 1093 3411 versus
1116 3349 1168 3412 vix
1192 3348 1379 3411 adducimur

234 3464 269 3522 ut
292 3461 396 3524 1001011
411 3460 559 3523 habuisse
574 3461 608 3523 in
625 3459 861 3524 commentariis
876 3463 1039 3542 putemus,
1063 3458 1175 3542 quibus
1197 3458 1378 3521 litterarum

234 3571 431 3653 tragicarum
455 3570 596 3633 rationes
611 3554 857 3653 explicarenturss
896 3569 978 3644 Quid
1001 3569 1378 3632 001001100001100110110

233 3679 280 3741 illi
302 3659 420 3762 aliquid
443 3680 482 3743 de
497 3701 594 3762 opera
610 3702 666 3742 sna
683 3684 738 3743 aut
753 3680 879 3743 uberius
895 3677 1154 3762 perscribendum
1174 3681 1230 3741 aut
1249 3677 1378 3760 publice

234 3788 390 3851 edendum
407 3792 498 3852 erat?
521 3812 563 3853 an
587 3793 728 3872 poterat,
752 3790 779 3852 si
802 3790 940 3872 luberet,
964 3790 1003 3852 de
1020 3789 1147 3852 comicis
1163 3787 1378 3851 voluminibus

234 3899 360 3982 copiose
394 3901 443 3962 vel
477 3901 574 3962 etiam
608 3899 823 3982 copiosissime
856 3898 1022 3982 Lycophro
1060 3918 1234 3981 exponere,
1275 3896 1379 3960 nihilo

234 4013 340 4072 autem
368 4009 472 4072 minus
500 4010 534 4073 in
562 4032 599 4073 00
622 4010 821 4092 acquiescere
844 4008 1042 4091 Alexander,
1072 4012 1108 4070 ut
1135 4007 1223 4071 omui
1245 4028 1322 4070 cura
1344 4011 1380 4069 et

233 4119 402 4201 diligentia
431 4120 681 4202 simplicissimos
710 4120 831 4183 indices
854 4121 1024 4182 conficeret
1050 4118 1119 4181 sine
1141 4117 1302 4181 rationum
1325 4138 1379 4179 ex-

233 4228 407 4311 positione,
431 4250 545 4312 eosque
568 4230 702 4292 fortasse
725 4251 765 4292 ne
788 4228 983 4312 evulgandos
1007 4229 1148 4311 quidem,
1172 4226 1227 4289 sed
1249 4227 1283 4289 in
1306 4227 1379 4308 ipsa

182 4352 215 4399 16
233 4339 427 4403 bibliotheca
449 4338 620 4401 servandos
643 4339 840 4422 solorumquc
863 4338 964 4405 Musei
996 4338 1160 4402 doctorum
1182 4336 1252 4399 usui
1280 4336 1380 4408 desti-
