2924 4996
238 331 302 395 482
506 351 552 395 ou
576 351 804 399 1111011010
827 352 1120 411 annominemus

240 500 363 566 codices
386 502 455 566 sine
477 503 624 588 graviore
647 502 764 567 damno
786 503 920 567 Venetis
949 527 1109 568 caremus:
1147 507 1232 590 quod
1255 507 1370 591 quidem

240 634 297 675 sua
328 616 441 695 sponte
473 612 673 698 intellegitur
706 636 771 678 non
807 614 920 678 cadere
953 615 988 678 in
1015 615 1221 680 undecimum
1253 617 1369 681 librum.

240 722 293 785 Ab
315 721 473 786 Vrbinate
496 727 606 806 aperte
628 723 847 806 discrepantes
869 725 919 787 his
941 728 1069 789 tantum
1091 725 1171 790 locis
1186 728 1372 810 reperimus:

239 855 271 915 p.
295 834 325 914 5,
351 833 392 897 26
414 836 495 914 τινὰ,
523 833 554 915 5,
578 834 621 898 30
642 834 718 898 ἀλλ’
741 856 799 916 pro
822 835 922 917 ἀλλὰ,
947 834 977 916 9,
1004 835 1043 898 12
1065 841 1246 915 προειπεῖν,
1269 838 1309 901 01)
1330 859 1373 901 00·

240 944 312 1005 (lem
334 947 366 1006 et
388 943 517 1027 reliquis
540 943 634 1006 simul
656 943 803 1007 omnihus
826 946 923 1008 semel
941 947 1069 1008 tantum
1085 954 1293 1031 (quamquam
1309 969 1374 1011 con·

240 1053 374 1116 trarium
407 1054 600 1117 testantibus
629 1052 762 1117 Venetis
790 1054 983 1138 Ambrosii),
1019 1056 1199 1121 rectissime
1233 1057 1375 1121 restituta

240 1163 270 1246 9,
297 1164 335 1226 12
358 1164 402 1228 εἰ(
424 1163 671 1247 praepositione,
716 1164 765 1227 De
794 1164 865 1227 aliis
892 1165 971 1228 locis
999 1187 1059 1229 nec
1088 1167 1199 1231 multis
1221 1189 1283 1231 nec
1304 1167 1376 1231 adeo

240 1274 349 1356 paucis
372 1295 490 1356 anceps
519 1279 567 1337 est
588 1273 755 1356 iudicium,
784 1275 874 1358 quia,
904 1297 980 1338 num
1003 1298 1020 1339 e
1042 1275 1173 1341 silentio
1202 1277 1377 1341 collationis

240 1383 469 1447 Hudsonianae
498 1383 576 1447 satis
605 1388 691 1448 certa
720 1384 758 1447 de
790 1383 956 1448 Vrbinatis
985 1407 1057 1449 cum
1084 1385 1279 1451 editionibus
1310 1410 1376 1451 con-

242 1515 335 1557 sensu
360 1494 542 1557 coniectura
565 1494 632 1575 1101,
657 1515 770 1577 parum
791 1494 900 1578 liquet,
932 1494 994 1558 Sed
1009 1495 1119 1558 demus
1134 1496 1206 1579 1100,
1232 1497 1377 1580 quoniam

191 1620 223 1667 2¹2
242 1604 361 1668 maiore
389 1625 467 1667 sane
495 1626 590 1688 quam
617 1625 675 1686 pro
704 1603 931 1668 consuetudine
958 1605 1043 1668 illius
1067 1606 1190 1684 saeculi
1213 1606 1378 1691 diligentia

241 1714 275 1776 111
304 1713 490 1778 conferendi,
520 1714 651 1798 negotio
684 1714 838 1797 Iosephus
872 1719 904 1778 et
938 1714 1121 1779 Theodorus
1154 1715 1232 1779 Itali
1265 1717 1379 1780 versati

241 1846 308 1887 csse
330 1825 493 1906 videntum
521 1824 567 1887 ita
590 1824 716 1908 quidem
739 1846 847 1888 eorum
869 1825 1025 1907 0111111111,
1055 1847 1136 1909 quae
1159 1826 1293 1909 propria
1316 1847 1379 1890 esse

242 1933 436 1998 Venetorum
464 1934 607 1998 codicum
636 1933 735 1998 videri
765 1935 903 2017 possint,
938 1934 1019 1998 nihil
1052 1938 1100 1998 est
1133 1936 1218 2019 quod
1246 1936 1380 2018 probare

241 2044 451 2126 potuerimus:
477 2045 615 2126 γράφων
637 2045 668 2119 ἴ),
694 2045 742 2119 10,
765 2047 881 2124 τέχνην
904 2045 935 2121 6,
957 2045 988 2122 4,
1011 2051 1139 2128 περιετῇ
1162 2045 1194 2124 6,
1218 2046 1271 2128 30,
1296 2068 1379 2122 γινο-

241 2156 347 2232 μένων
372 2156 401 2236 8,
429 2155 477 2237 13,
503 2155 671 2233 ἑπομένοι(
694 2155 724 2232 8,
751 2155 804 2234 11,
828 2156 925 2239 ταύτῃ
949 2155 978 2230 8,
1001 2156 1052 2236 31,
1082 2155 1141 2219 ὅεα
1163 2155 1194 2236 9,
1219 2155 1272 2232 23,
1302 2158 1376 2220 Ῥω-

240 2266 342 2343 μαίων
366 2265 396 2347 9,
412 2265 465 2344 24,
486 2269 626 2346 γραφαῖς
649 2265 678 2346 9,
702 2265 754 2343 29,
777 2265 1001 2343 προῖετάμεναι
1027 2265 1075 2346 10,
1093 2265 1145 2341 24,
1169 2266 1379 2344 ἀγωνίεμαειν

241 2374 291 2438 vel
319 2375 540 2454 ἀναγνίεμααν
571 2375 626 2453 10,
649 2375 700 2438 29.
746 2374 795 2438 Ne
824 2375 1031 2441 ἀπεδείξαντο
1059 2374 1186 2458 quidem
1216 2399 1247 2459 p.
1278 2377 1315 2458 6,
1343 2376 1382 2439 24

242 2485 465 2548 necessarium.
503 2484 650 2550 Ceterum
672 2485 731 2548 etsi
754 2484 804 2547 his
826 2484 872 2548 ita
895 2484 980 2567 apud
1002 2483 1191 2548 Hudsonum
1215 2484 1382 2549 Vrbinatis

242 2594 399 2676 scriptura
422 2594 553 2658 affertur
559 2645 568 2678 ‚
591 2598 628 2657 ut
650 2617 722 2658 cum
737 2593 894 2676 Stephani
908 2594 963 2658 ille
977 2595 1083 2677 potius
1106 2617 1202 2678 quam
1226 2617 1299 2658 cum
1316 2594 1382 2678 Syl·

243 2704 347 2787 burgii
376 2704 519 2787 exemplo
543 2704 676 2768 collatus
710 2726 777 2767 esse
805 2703 1032 2787 propemodum
1059 2704 1222 2786 videatur,
1252 2705 1294 2768 de
1317 2707 1382 2770 ἑκά·

243 2835 314 2893 (τηε
336 2836 367 2896 p.
395 2814 448 2895 10,
476 2815 513 2878 16
538 2818 570 2878 01
596 2836 630 2879 τε
658 2816 756 2893 αὐτὴν
784 2816 1009 2894 περιλαμβάνω
1032 2814 1063 2888 9,
1086 2815 1142 2896 32,
1172 2817 1287 2878 tamen
1314 2815 1382 2878 reli-

242 2946 374 3008 quorum
406 2924 610 2988 multitudine
643 2924 858 3009 exemplorum
891 2924 1062 2988 manifesto
1102 2924 1267 2988 contraria
1302 2925 1381 2988 ratio

242 3034 432 3099 declaratur.

328 3143 378 3208 Ad
401 3148 522 3208 ceteros
544 3145 642 3208 libros
670 3144 850 3209 accedimus
877 3149 929 3227 ut,
958 3166 1039 3229 quac
1061 3144 1147 3207 inter
1169 3144 1331 3210 editiones
1352 3150 1382 3208 01

242 3255 433 3319 Vrbinatem
460 3253 707 3338 Ohisianumque
737 3255 820 3317 ratio
848 3255 1041 3336 intercedat,
1071 3275 1230 3317 eruamus.
1278 3258 1383 3339 Atque

242 3368 314 3447 post
336 3364 520 3448 evulgatam
542 3363 688 3428 Hudsoni
712 3363 884 3428 editionem
910 3363 973 3428 dici
995 3363 1107 3447 nequit
1129 3365 1261 3448 quantis
1285 3364 1382 3428 laudi·

243 3475 300 3537 bus
324 3473 422 3538 codex
444 3474 498 3538 ille
512 3473 829 3538 Vrbino-Vaticanus
852 3473 1006 3537 cumulari
1030 3477 1159 3557 coeptus
1182 3474 1236 3538 sit.
1284 3473 1383 3550 Quem

243 3584 427 3648 admodum
451 3585 535 3648 enim
559 3584 692 3648 aliorum
715 3584 904 3667 scriptorum
927 3583 1089 3667 principes
1104 3582 1263 3648 editiones
1280 3585 1384 3671 magis

243 3695 408 3779 magisque
424 3694 673 3779 intellegebatur
688 3717 705 3758 e
720 3695 843 3758 vitiosis
859 3716 954 3777 saepe
971 3697 1027 3757 aut
1040 3692 1233 3775 deterrimis,
1250 3695 1304 3758 vel
1320 3695 1385 3778 ple·

243 3826 374 3889 1111010
389 3809 473 3869 certe
490 3826 507 3868 e
522 3804 732 3869 mediocribus
754 3804 845 3868 libris
867 3827 941 3868 mss.
959 3803 1095 3883 fluxisse,
1119 3803 1166 3866 ita
1189 3802 1258 3866 fere
1283 3804 1386 3888 despi-

244 3915 329 3978 catui
344 3915 416 3977 duci
432 3914 578 3998 Dionysii
602 3913 823 3997 Stephaniana
846 3914 939 3977 solita
962 3916 1019 3993 est,
1045 3934 1083 3976 ex
1098 3933 1159 3996 quo
1183 3914 1293 3977 acrius
1317 3937 1387 3998 per·

243 4029 353 4108 specta
374 4022 526 4088 Vaticani
550 4023 666 4088 codicis
688 4024 887 4108 praestantia
907 4022 977 4085 fuit.
1014 4021 1192 4085 Pessimum
1220 4023 1389 4107 Stephano

245 4135 385 4200 codicem
408 4134 550 4199 oblatum
574 4133 767 4197 Niebuhrius
790 4133 979 4217 querebatur
1000 4131 1085 4195 Hist.
1110 4129 1203 4195 Rom.
1228 4132 1261 4196 Il
1291 4156 1326 4216 p.
1353 4135 1389 4200 10

245 4245 292 4308 cd.
321 4246 357 4329 23
395 4253 554 4321 eximium,
579 4251 792 4325 praeclarum,
828 4250 958 4323 optimae
983 4255 1073 4306 notae
1097 4247 1243 4317 codicem,
1274 4249 1389 4309 librum

243 4363 334 4436 ,111110
352 4363 534 4436 palmarium
554 4354 746 4418 Vaticanum
766 4355 792 4417 is
812 4352 1028 4437 praedicabat.
1052 4351 1105 4435 qui
1128 4350 1278 4434 Dionysii
1301 4375 1390 4416 men·
