2880 4994
226 320 288 385 794
446 337 493 383 DE
517 336 684 384 AMPHORA
707 336 926 386 GALASSIANA
948 338 1160 386 rurscam.

226 490 389 554 sententia
411 511 468 553 sua
491 493 606 573 sponte
627 493 718 574 patet
740 490 775 554 in
797 513 893 574 quam
908 495 1033 573 partem
1056 493 1175 556 valeat.
1198 493 1269 557 Iam
1285 494 1362 558 enim

225 601 319 666 finita
347 584 402 664 est
423 601 485 665 olei
512 600 665 663 metiendi
693 622 806 683 opera,
831 622 869 664 ao
891 604 1023 684 propter
1050 601 1084 665 id
1111 604 1219 686 ipsum
1247 608 1280 668 et
1306 627 1362 669 me-

225 711 327 776 tiendi
350 715 524 794 apparatus
551 710 606 774 ille
634 714 667 773 et
689 731 727 774 ea
749 710 902 794 amphora
935 734 1022 776 nunc
1044 712 1154 796 abest,
1184 737 1267 798 quae
1293 737 1362 780 non·

226 822 300 885 dum
322 822 508 885 demensum
537 821 641 885 oleum
664 820 811 885 tenebat:
840 843 933 904 quem
961 822 1001 885 ad
1030 822 1161 887 modum
1188 847 1232 888 ne
1261 826 1362 889 arbore

226 932 353 1016 quidem
375 932 511 1014 amplius
533 953 613 1013 opus
635 934 699 1013 est,
727 931 845 1015 quippe
872 952 953 1014 quae
980 932 1218 1016 significandae
1246 939 1363 999 tantum

226 1038 363 1106 elivitati
387 1042 512 1106 adiecta
533 1042 569 1104 in
591 1041 699 1105 antica
721 1045 813 1124 parte
836 1045 928 1105 esset.
974 1043 1078 1107 Alteri
1108 1049 1219 1109 autem
1243 1046 1362 1130 ampho

225 1173 281 1217 rao
303 1152 372 1236 ipse
394 1173 480 1216 nuno
503 1152 648 1216 dominus
672 1151 810 1235 adsidet,
839 1153 931 1216 laeva
958 1174 1056 1217 manu
1078 1158 1114 1218 ut
1137 1155 1267 1220 videtur
1290 1178 1362 1220 com-

226 1266 344 1347 putans
367 1265 400 1325 et
421 1261 532 1345 digitis
555 1283 727 1326 numerans
750 1263 966 1346 quantitatem
987 1263 1132 1328 demensi
1154 1266 1236 1349 olei,
1260 1266 1362 1332 desim

225 1373 357 1456 plenum
390 1394 445 1435 vas
471 1375 666 1436 monstrans.
711 1373 817 1436 Tanta
846 1377 953 1437 autem
980 1374 1042 1437 olei
1070 1375 1201 1439 ubertas
1224 1377 1301 1460 fuit,
1332 1381 1362 1440 ut

227 1483 293 1546 eins
323 1481 385 1546 vim
420 1504 476 1545 vas
509 1503 575 1546 non
603 1484 683 1547 satis
712 1486 854 1565 caperet3
891 1482 985 1567 idque
1019 1484 1140 1548 socium
1172 1492 1297 1570 movet,
1331 1491 1362 1550 ut

226 1596 409 1676 optatorum
436 1613 557 1656 memor
579 1592 763 1656 divitiarum
792 1615 879 1657 nunc
901 1597 981 1657 Ecce
1002 1595 1198 1677 respondeat
1226 1610 1360 1676 quesitam

226 1715 281 1767 tac
303 1710 363 1767 iam
386 1710 573 1784 exspectatio
595 1725 656 1768 aon
678 1710 815 1782 expleta,
839 1709 894 1768 sed
914 1709 991 1767 adeo
1012 1716 1160 1783 superata
1180 1714 1232 1771 sit.

311 1812 477 1877 Postremo
500 1816 535 1876 ut
553 1813 636 1876 nihil
657 1812 946 1896 praetermittatur,
970 1813 1053 1896 quod
1076 1813 1111 1878 in
1126 1819 1263 1900 utraque
1278 1822 1360 1901 parte

227 1924 401 2006 amphorae
423 1922 527 1986 adhue
549 1926 708 1987 tractatae
736 1922 895 1986 familiare
917 1922 1099 1987 hominibus
1129 1925 1251 1990 animal
1280 1949 1360 2010 repe-

225 2034 307 2095 titur
330 2032 429 2115 canis,
454 2054 491 2096 eo
513 2033 580 2097 noli
603 2033 772 2117 quiequam
794 2033 1011 2118 significatum
1035 2033 1164 2097 credere
1185 2036 1283 2118 aliud,
1306 2037 1360 2100 nisi

227 2143 268 2205 ad
302 2143 387 2206 vitae
421 2144 562 2207 rationes
600 2144 790 2207 domesticae
827 2164 894 2206 rem
930 2148 1208 2226 repraesentatam
1245 2169 1361 2210 omnem

160 2262 208 2310 189
228 2257 384 2337 spectare.
430 2254 628 2338 Quamquam
657 2253 742 2318 enim
773 2276 839 2317 non
866 2253 993 2336 ineptus
1021 2253 1074 2336 sit,
1110 2257 1164 2338 qui
1193 2256 1233 2320 de
1262 2257 1361 2321 oliveti

228 2364 357 2427 custode
381 2386 460 2428 cane
483 2364 620 2449 cogitet,
644 2332 754 2428 tameir
777 2362 947 2446 aliquando
969 2363 1153 2429 meminisse
1181 2365 1289 2450 decet,
1318 2389 1360 2432 ea-

227 2473 366 2537 vendum
388 2495 456 2536 esse
478 2496 519 2538 ne
542 2475 676 2538 nimium
698 2474 942 2556 interpretando
965 2474 1214 2561 hariolemur.*)

313 2581 380 2647 Sor.
404 2583 526 2648 Romae
549 2606 591 2648 m.
615 2585 708 2649 Febr.
732 2607 761 2649 a.
787 2582 1148 2652 blolececxxxvss.

294 2856 318 2921 *j
338 2854 468 2909 Ceterum
486 2855 707 2923 gratificaturum
725 2874 770 2909 me
788 2856 938 2910 lectoribus
957 2856 1087 2921 arbitror,
1105 2856 1129 2910 si
1149 2859 1364 2915 admonitionem

226 2948 366 3016 quandam
390 2947 448 3002 eius
466 2947 517 3001 viri
536 2966 591 3002 non
609 2949 749 3015 celavero,
772 2949 819 3016 qui
836 2949 953 3018 perlecti
971 2949 1084 3003 artificis
1106 2951 1222 3005 laudem
1245 2972 1307 3007 cum
1324 2954 1365 3007 ad·

226 3041 346 3096 mirabili
365 3041 541 3108 antiquitatis
559 3044 589 3095 et
606 3041 761 3097 eruditione
779 3045 808 3097 et
825 3042 1018 3111 intellegentia
1039 3042 1128 3097 sociat
1147 3062 1212 3099 raro
1232 3065 1267 3100 ae
1284 3066 1366 3116 prope

225 3134 360 3204 singulari
377 3136 518 3204 exemplo,
536 3137 575 3189 lo.
593 3134 675 3188 Mart.
699 3135 861 3204 Wagneri
879 3136 929 3202 Eq.
967 3137 992 3189 ls
1010 3134 1096 3204 igitur
1118 3136 1148 3189 in
1172 3155 1207 3192 eo
1232 3141 1367 3195 discedis

224 3229 371 3298 proposita
389 3226 574 3297 explicatione
592 3245 674 3295 posse
693 3228 780 3282 amice
799 3247 843 3282 me
861 3231 969 3294 menet,
988 3233 1019 3282 nt
1036 3229 1065 3282 in
1083 3230 1178 3298 priore
1197 3234 1297 3288 tabula
1316 3254 1366 3289 non

217 3301 350 3377 seorsum
369 3340 501 3391 expressa
519 3321 573 3375 olei
592 3320 724 3375 metiendi
743 3324 1102 3390 opera,tamquan1quam
1121 3342 1294 3394 praegressa
1311 3331 1368 3399 ipsa

225 3416 359 3470 olivarum
378 3416 476 3470 messis
490 3416 534 3481 sit,
553 3415 691 3482 cogitetur
709 3414 794 3469 nimia
807 3415 928 3482 quadam
946 3417 1104 3481 severitate,
1123 3419 1173 3471 sed
1193 3420 1237 3474 ita
1256 3426 1368 3489 utraque

224 3527 268 3563 res
292 3510 441 3564 coniuncta
462 3509 506 3574 nt,
534 3509 581 3575 qui
608 3525 674 3561 sane
702 3508 809 3562 arboris
832 3508 917 3562 rsmris
940 3510 1081 3563 vasculum
1105 3528 1170 3564 cunr
1192 3512 1368 3568 infundibulo

224 3620 337 3671 prorsus
355 3602 499 3668 admovet,
518 3621 551 3657 ex
571 3620 605 3657 ea
622 3601 685 3671 ipsa
703 3601 802 3656 arbore
820 3602 948 3671 excipere
966 3603 1041 3670 quod
1059 3604 1087 3656 in
1106 3606 1253 3659 vasculum
1271 3608 1368 3661 immit-

224 3697 276 3760 tat,
295 3695 479 3764 significetur:
497 3714 553 3750 non
567 3713 621 3764 quo
635 3695 775 3750 adrerum
787 3696 935 3750 veritatem
952 3697 1066 3765 propius
1085 3697 1145 3750 eius
1164 3699 1243 3753 medi
1262 3718 1368 3770 reprae-

225 3789 347 3844 sentatio
369 3789 497 3855 accedat,
525 3789 576 3843 sed
599 3790 673 3857 quod
695 3789 724 3842 in
745 3787 847 3843 veteris
871 3789 940 3844 artis
967 3790 1198 3846 consuetudinem
1225 3795 1369 3850 conveniat

224 3882 345 3936 velutin
363 3900 447 3936 unam
466 3882 617 3948 actionem,
637 3900 708 3950 quae
726 3900 824 3951 reapse
843 3882 981 3937 disiuncta
999 3885 1076 3948 simt,
1095 3887 1240 3951 coartare,
1264 3888 1322 3942 sive
1340 3890 1369 3941 ut

225 3992 287 4029 cum
304 3975 418 4030 noviciis
436 3975 594 4039 hominibus
614 3977 724 4044 loquar,
748 3975 902 4045 symbolica
923 3976 1031 4030 ratione
1053 3976 1095 4030 uti
1119 3978 1368 4046 significandamm

223 4059 316 4123 rerum
339 4070 571 4124 secund-uriarum.
608 4070 660 4138 [De
682 4069 742 4124 aliis
760 4069 926 4137 quibusdam
952 4071 1034 4124 rebus
1058 4071 1232 4127 secundariis
1254 4073 1366 4127 videti.

180 4233 182 4239 7
223 4162 411 4219 Hermannum
430 4163 638 4219 dissentientem
656 4163 685 4217 in
703 4180 856 4217 censuras.
875 4164 906 4231 a]

643 4407 946 4416 ——--.-.—-—-
