3008 5002
547 368 584 412 nc
606 367 888 415 ammonianum.
1224 357 1286 419 213

149 520 252 603 ipsum
280 518 429 582 Taetaam
457 518 520 581 alio
546 522 689 601 tempore
722 520 816 582 aliter
848 521 976 584 scholiis
1009 523 1073 586 suis
1106 525 1287 605 praefatum

149 652 217 693 esse
240 630 383 692 credam:
411 649 428 690 e
457 627 569 711 quibus
597 628 850 710 praefationibus
874 651 944 692 cum
970 631 1109 714 priorem
1130 634 1287 716 posuisset

142 722 314 820 librarius,
343 741 454 821 postea
484 738 633 820 alteram,
663 761 758 822 quam
785 738 820 802 in
847 761 970 802 summa
997 762 1100 804 rerum
1128 742 1288 806 intellexit

149 847 416 932 praestantiorem
450 868 534 929 esse,
568 847 712 910 subiecit.
763 849 869 931 Atque
900 850 934 911 in
968 849 1064 912 simili
1098 855 1287 935 argumento

149 957 275 1040 saepius
290 978 324 1020 se
339 960 500 1020 versatum
515 978 583 1019 esse
599 957 666 1040 ipse
689 956 811 1020 indicat
834 958 883 1020 his
898 958 1004 1021 verbis
1018 981 1050 1041 p.
1070 960 1140 1041 113,
1158 961 1192 1023 l:
1214 962 1286 1039 περὶ

148 1073 292 1147 ποιητῶν
319 1069 470 1131 πολλάκι(
498 1067 570 1144 ὑμῖν
593 1068 777 1145 ἐδιδάξαμεν
805 1069 855 1131 καὶ
882 1070 953 1148 περὶ
982 1073 1037 1148 τῆ(
1061 1070 1214 1149 ἀγαμαία(
1237 1072 1286 1134 καὶ

148 1178 329 1254 ἀγυιατίδο(
351 1178 517 1260 κωμῳδία(
540 1198 607 1260 sqq.

233 1286 345 1369 ltaque
368 1308 438 1349 cum
460 1286 538 1349 duos
563 1287 736 1349 habeamus
758 1286 892 1350 Taetzae
922 1289 1183 1370 commentarios,
1212 1311 1286 1372 quo·

148 1419 218 1459 rum
247 1418 371 1458 summa
404 1401 453 1459 est
483 1400 516 1459 et
549 1417 619 1458 cum
646 1396 685 1459 iis
719 1417 799 1479 quae
831 1418 848 1458 e
878 1397 984 1460 codice
1011 1396 1158 1461 Parisino
1187 1397 1286 1461 edidit

149 1506 319 1571 Cramerus
341 1505 463 1568 Anecd.
487 1504 589 1568 Paris.
606 1504 621 1567 I
637 1528 667 1587 p.
685 1506 705 1568 3
720 1527 805 1588 sqq.‚
830 1506 959 1588 repetiit
973 1506 1151 1570 Meinekius
1167 1506 1284 1591 fragm.

150 1637 229 1679 eom.
253 1636 360 1698 graec.
384 1614 416 1677 Π
438 1637 469 1697 μ,
496 1615 577 1678 1234
598 1637 683 1698 sqq.‚
713 1618 747 1677 et
767 1615 802 1677 in
824 1615 931 1698 aliqua
958 1619 1049 1698 parte
1072 1637 1143 1679 cum
1166 1615 1286 1679 scholio

149 1725 299 1788 Plautino
328 1747 346 1786 a
375 1723 550 1787 Ritschelio
579 1722 663 1787 edito
691 1723 880 1805 similitud0,
910 1724 1087 1808 quaeritur,
1116 1746 1177 1808 quo
1206 1725 1286 1789 haec

149 1835 210 1897 tria
238 1833 367 1897 vinculo
394 1833 479 1896 inter
508 1854 542 1895 se
570 1832 805 1896 contineantur.
854 1832 938 1896 Nam
967 1855 1037 1896 cum
1066 1837 1139 1916 post
1166 1833 1286 1898 editum

148 1944 332 2007 Parisinum
359 1945 430 2021 περὶ
457 1943 622 2028 κωμῳδία(
655 1943 901 2027 grammaticum
933 1965 1052 2028 magna
1085 1944 1169 2006 inter
1201 1944 1286 2008 viros
1383 1986 1385 1989 .

149 2053 258 2116 doctos
274 2056 353 2115 nata
376 2052 418 2118 sit
440 2052 594 2115 dissensio
603 2102 612 2134 ,
636 2052 707 2115 aliis
723 2073 761 2114 ex
776 2051 832 2115 illo
847 2053 916 2136 ipso
931 2052 1116 2116 Plautinum
1130 2051 1285 2116 scholium

148 2163 278 2225 ductum
301 2183 369 2224 esse
385 2161 580 2225 confidenter
596 2162 846 2243 affirmantibus
870 2162 942 2225 aliis
958 2185 975 2226 e
991 2163 1150 2225 communi
1165 2165 1284 2225 utrum-

148 2294 207 2355 que
234 2272 325 2334 fonte
353 2270 544 2351 derivatum,
574 2272 727 2334 maiorem
755 2274 861 2333 autem
883 2270 1025 2334 Plautini
1053 2271 1164 2334 scholii
1190 2271 1285 2334 fidem

149 2403 216 2443 esse
240 2380 417 2444 aientibus:
440 2403 536 2464 aqua
559 2380 685 2463 quidem
707 2381 763 2443 lite
781 2381 942 2444 excusatio
957 2381 1049 2444 nobis
1072 2381 1209 2464 petenda
1225 2385 1283 2463 est,

148 2491 174 2553 si
196 2489 350 2553 insimili
373 2494 562 2574 argumento
584 2489 718 2572 diutius,
743 2512 838 2573 quam
859 2512 918 2573 pro
932 2511 1038 2553 rerum
1060 2491 1203 2553 exilitate
1225 2512 1286 2573 par

148 2603 233 2680 erat,
257 2600 376 2662 versati
399 2621 467 2662 esse
481 2599 672 2663 videbimur:
695 2599 775 2662 haec
793 2599 900 2662 omnia
915 2599 979 2662 iam
1002 2599 1128 2663 facilius
1144 2621 1161 2663 e
1178 2598 1285 2663 codice

148 2709 362 2772 Ambrosiano
383 2708 558 2772 iudicatum
580 2708 620 2771 iri
643 2729 816 2791 speramus.

233 2819 339 2901 Atque
361 2817 400 2881 de
420 2818 604 2882 Parisino
626 2817 753 2901 quidem
774 2819 985 2902 grammatico
1007 2818 1169 2882 difficilior
1191 2840 1284 2901 quae-

148 2928 220 2990 stio.
259 2927 344 2990 Nam
366 2928 392 2990 si
416 2932 501 2991 recte
524 2927 616 2990 modo
639 2928 856 3011 argumentati
878 2948 946 2990 esse
969 2928 1167 3009 putabimur,
1191 2929 1285 2989 erunt

146 3037 300 3117 fortasse,
331 3036 384 3120 qui
411 3037 541 3099 tertiam
563 3036 698 3100 Tzetzae
726 3037 959 3120 praefationem
987 3036 1041 3098 illa
1069 3034 1285 3117 disputatione

148 3146 308 3209 contineri
330 3145 448 3210 dicant.
495 3146 554 3211 Oui
576 3145 754 3209 sententiae
776 3145 969 3229 praesidium
998 3145 1063 3227 peti
1085 3146 1191 3227 potest
1214 3165 1284 3206 cunr

146 3277 187 3318 ex
216 3256 255 3318 iis
283 3255 488 3318 Ambrosiam
517 3255 633 3318 codicis
662 3256 782 3337 verbis,
818 3276 899 3338 quae
928 3256 961 3317 in
988 3258 1130 3317 nostram
1160 3256 1285 3336 partem

146 3364 242 3426 modo
257 3366 460 3448 interpretati
483 3386 589 3428 sumus
613 3365 740 3448 (quibus
755 3363 794 3426 de
816 3365 936 3426 forensi
953 3363 1130 3444 comoedia,
1153 3361 1186 3424 id
1202 3361 1283 3444 quod

146 3474 190 3536 ab
212 3473 305 3536 initio
327 3473 466 3537 Parisini
486 3474 705 3538 commentarii
728 3474 795 3536 fieri
818 3473 977 3555 videmus,
1002 3473 1064 3535 olio
1085 3475 1228 3554 tempore
1250 3492 1283 3533 se

146 3584 329 3665 exposuisse
352 3584 473 3647 indicat
494 3584 656 3666 scriptor),
687 3587 754 3646 tum
787 3604 824 3645 ex
848 3582 896 3645 his
918 3581 1057 3645 Parisini
1080 3580 1283 3665 grammatici

146 3693 253 3755 verbis
281 3715 312 3775 p.
345 3693 425 3757 1235
454 3693 551 3755 Mein.
583 3695 697 3769 γέγονε
727 3696 761 3756 δὲ
788 3698 843 3772 τῆ(
877 3696 934 3772 μὲν
962 3693 1090 3772 πρώτη(
1116 3691 1284 3775 κωμῳδία(
1304 3709 1352 3759 raa

145 3803 272 3881 ἄρατο(
299 3803 441 3882 τεχνίτη(
469 3803 564 3866 οὗτό(
593 3824 626 3866 τε
650 3803 877 3883 Ἀρκτοφὰνη(
901 3803 952 3865 καί
973 3802 1108 3865 Εὔπολι(
1131 3802 1181 3864 καί
1204 3803 1282 3881 Κρα-

144 3916 250 3989 rivet,
273 3933 353 3993 quae
369 3911 408 3973 ad
431 3911 665 3994 praefationem
680 3910 906 3993 Aristophanis
928 3911 1007 3974 haec
1022 3911 1181 3994 pertinere
1198 3914 1284 3973 certo

144 4020 303 4083 indicant.
342 4021 475 4083 Accedit
497 4024 677 4103 praeterea,
702 4019 784 4102 quod
800 4018 964 4082 Heliodori
980 4019 1018 4083 de
1033 4018 1173 4082 Homero
1188 4022 1283 4101 atque

144 4130 317 4193 Pisistrato
340 4129 491 4211 ineptias,
516 4130 629 4213 quibus
645 4133 742 4192 antea
764 4150 797 4192 se
819 4129 853 4192 in
869 4150 1006 4192 errorem
1029 4128 1193 4192 inductum
1216 4150 1283 4191 esse

144 4241 268 4302 fatetur
291 4238 422 4321 Tzctza,
447 4239 499 4302 hic
520 4243 675 4322 tanquam
697 4260 773 4301 vera
787 4242 935 4301 narratas
958 4259 1026 4300 esse
1047 4238 1199 4301 videmus
1238 4239 1282 4300 At

144 4370 221 4411 vero
236 4348 346 4409 obstat
362 4348 643 4413 Ambrosianorum
665 4348 897 4432 prooemiorum
915 4349 1125 4433 comparati0,
1150 4369 1282 4430 quorum
