2896 4996
228 316 292 381 630
613 331 660 377 na
683 330 753 378 ono
776 329 821 377 ar
844 327 986 377 oarona.

229 511 256 553 κ.
276 512 303 553 τ.
327 492 353 551 λ.
377 488 396 552 δ
418 488 455 552 δὲ
476 485 577 565 Ὠρο(
605 486 624 550 δ
648 485 800 563 Μιλήαοε
829 484 881 548 διὰ
908 486 964 562 τῆ(
993 504 1025 546 αι
1053 483 1233 563 διφθόγγοο
1261 485 1375 565 γράφει

230 600 280 664 καί
309 601 354 663 δι’
383 598 456 663 ἑνὸ(
488 618 520 676 ρ·
556 599 581 680 ᾧ
613 598 735 675 μᾶλλον
763 595 918 659 πειετέον.
968 592 1038 657 Νοο
1066 615 1161 677 sane,
1191 594 1219 657 si
1247 594 1375 678 quiade

231 709 363 774 aieret
387 711 419 771 et
441 707 561 772 κλαίω
584 706 695 769 formis
717 704 752 769 in
774 726 806 769 αι
828 701 1030 788 diphthongo
1050 709 1260 790 praeceptum
1280 705 1376 772 fuisse

230 820 369 902 statuat,
392 817 497 882 habeo
520 817 666 901 equidem
690 837 745 879 cur
767 836 955 900 repugnem.

315 929 346 992 2.
380 928 456 993 Non
477 927 585 1011 paullo
608 925 764 1009 copiosior
792 926 894 989 altera
921 948 996 1010 pars
1018 926 1133 1008 fuerit,
1164 950 1247 1013 quae
1276 950 1377 992 versa

230 1040 341 1104 turin
364 1061 397 1105 ει
420 1036 669 1122 diphthongo
691 1037 757 1120 vel,
782 1037 865 1120 quod
888 1039 997 1101 eodem
1020 1037 1119 1121 redit,
1147 1038 1183 1102 in
1205 1039 1378 1104 iudicanda

231 1174 264 1216 ει
290 1150 360 1214 et'r
387 1150 600 1232 scriptura.
645 1147 693 1212 Eo
721 1147 840 1211 referre
869 1147 1024 1231 Stephani
1053 1149 1150 1213 verba
1179 1172 1210 1233 p.
1234 1150 1315 1234 330,
1344 1153 1378 1216 6:

233 1262 392 1342 Ὀρεετία,
419 1264 459 1340 ἣν
488 1259 653 1338 Εὐδαίμων
682 1260 732 1323 καί
758 1259 857 1339 Ὠροε
884 1260 936 1324 διὰ
962 1264 1018 1339 τῆ(
1046 1282 1073 1324 ει
1100 1262 1283 1342 διφθόγγου
1304 1267 1378 1343 γρά-

232 1393 328 1454 φουει
350 1374 408 1451 τὴν
431 1372 656 1451 'Optaretne
678 1407 720 1419 —
742 1391 779 1433 eo
801 1370 907 1434 minus
929 1368 1051 1452 dubito,
1075 1393 1137 1455 quo
1161 1368 1294 1456 o‘ertius,
1317 1375 1379 1439 nisi

233 1485 448 1547 contestatum
470 1481 660 1545 haberemus
688 1481 900 1564 contrarium,
929 1481 1017 1563 prius
1044 1481 1124 1546 illud
1153 1483 1192 1546 de
1216 1485 1379 1565 Ταίναρον

231 1594 451 1678 fragmentum
479 1592 616 1656 ethnicis
645 1614 869 1675 accensurum,
903 1614 970 1656 non
1000 1592 1254 1677 orthographiae
1281 1618 1379 1659 unum

232 1725 388 1789 quemque
410 1704 509 1767 fuisse
532 1703 667 1770 confido.
713 1703 849 1768 Accedit
872 1703 957 1767 aliud
979 1704 1146 1787 quiddam,
1176 1727 1280 1789 grave
1302 1729 1379 1790 pon-

232 1815 290 1878 dus
312 1815 347 1877 in
369 1815 516 1898 proxima
543 1813 738 1878 habiturum.
784 1814 914 1878 Etenim
942 1815 1023 1898 quod
1053 1815 1220 1879 Eudaemo
1249 1817 1380 1883 ortho-

232 1924 408 2009 graphos
432 1947 504 1988 cum
526 1925 592 1990 Oro
613 1925 770 2010 iungitur,
800 1926 832 1989 id
854 1926 960 2008 ipsum
981 1925 1067 1990 haud
1090 1926 1153 1990 levi
1175 1927 1300 1992 indicio
1323 1932 1378 2009 est,

234 2036 291 2100 Ori
313 2058 436 2119 quoque
459 2035 724 2120 orthographiam
746 2037 852 2119 potius
875 2058 971 2121 quam
994 2036 1057 2100 alia
1072 2036 1196 2120 scripta
1220 2039 1382 2123 quaelibet

233 2146 381 2231 spectari.
425 2145 512 2210 Hinc
534 2146 635 2230 igitur
656 2147 856 2231 proficiscor,
884 2150 921 2210 ut
943 2147 1053 2212 eodem
1075 2148 1217 2213 referam
1240 2171 1324 2234 quae
1345 2150 1381 2212 de

233 2258 318 2337 μείς
346 2258 450 2321 forma
484 2256 663 2340 prodrmtu'r
696 2259 732 2321 in
758 2257 866 2342 Etym.
897 2257 941 2321 M.
973 2258 1061 2322 codd.
1096 2258 1238 2342 Parias,
1275 2260 1379 2325 Harn.

233 2391 265 2451 p.
290 2367 353 2432 965
375 2390 434 2452 sq,
458 2367 552 2431 Koes.
576 2391 608 2451 p.
635 2369 706 2450 192,
730 2369 788 2451 30,
813 2368 895 2432 Gud.
912 2391 944 2452 p.
961 2368 1034 2454 385,
1049 2369 1081 2451 2,
1099 2369 1243 2434 Bekkeri
1259 2371 1379 2436 Anecd.

233 2501 265 2561 p.
285 2479 365 2542 1397
390 2481 421 2562 (e
437 2478 656 2544 Choerobosoo
683 2477 724 2565 [p.
742 2479 815 2562 200,
838 2480 860 2543 5
882 2478 1031 2568 Gaisf.]),
1056 2480 1124 2561 Ori,
1149 2481 1299 2564 Arcadii,
1322 2482 1380 2545 nu-

234 2589 460 2672 daemoniaque
481 2588 559 2653 fide:
588 2611 664 2652 nam
692 2588 789 2652 etiam
812 2590 944 2654 Arcadii
966 2590 1235 2674 orthographiam
1258 2598 1382 2676 praeter

234 2697 365 2762 Suidam
387 2699 534 2763 novimus
557 2722 573 2762 e
597 2698 761 2783 Stephano
783 2723 814 2782 p.
837 2701 889 2783 41,
913 2701 964 2765 35.
998 2701 1112 2784 Itaque
1134 2701 1282 2767 indidem
1304 2703 1379 2766 deri·

235 2831 309 2873 vare
338 2809 439 2897 audeo
469 2810 508 2873 de
540 2832 603 2875 roc
636 2813 669 2873 et
702 2817 785 2875 ιδο(
818 2811 977 2895 genetivis
1012 2811 1053 2874 ab
1081 2812 1147 2876 Oro
1181 2817 1215 2877 et
1244 2813 1380 2878 Arcadio

233 2925 407 3005 praecepta
433 2909 468 2983 iu
491 2919 629 2984 Bekkeri
652 2921 775 2985 Arrecd.
799 2944 830 3004 p.
857 2923 939 2987 1193
963 2919 1129 3008 [Choerob.
1164 2945 1196 3005 p.
1233 2925 1311 3006 188,
1343 2924 1380 2989 88

234 3031 362 3121 Gaisf.].
407 3031 477 3096 Nec
498 3032 623 3095 diversa
645 3033 729 3096 ratio
751 3035 814 3114 est,
847 3054 903 3096 our
932 3034 1145 3114 ἀμβρόειο(
1174 3037 1264 3099 vocis
1286 3036 1379 3120 expli·

235 3143 409 3225 actionem,
434 3142 499 3207 Oro
522 3142 717 3225 adscriptam
738 3143 774 3207 in
796 3142 903 3226 Etym.
929 3142 972 3206 M.
997 3166 1028 3227 p.
1053 3144 1110 3225 80,
1134 3144 1193 3226 35,
1220 3150 1379 3229 sumptam

183 3262 216 3310 45
234 3276 272 3318 ex
296 3255 363 3318 eius
386 3251 617 3337 orthographia
646 3253 795 3338 colligam
822 3276 839 3317 e
862 3253 1014 3337 proximis
1037 3253 1157 3318 verbis:
1185 3258 1240 3321 καὶ
1267 3257 1378 3337 ἀμβρό-

235 3386 300 3430 croc
334 3364 393 3432 οὖν
426 3365 478 3429 διὰ
511 3370 609 3430 τοῦτο
645 3361 769 3441 λέγεται
803 3365 951 3446 δὺγρόε.
1004 3364 1110 3430 οὕτω(
1142 3365 1256 3446 Ὠροε.
1300 3368 1319 3432 δ
1345 3369 1376 3431 δὲ

235 3477 370 3552 Θέογνι(
392 3477 510 3557 γράφει
531 3478 568 3540 τὸ
592 3497 633 3553 (ι,
662 3477 857 3557 δίφθογγον·
885 3478 1024 3557 εημαίνει
1052 3480 1087 3543 δὲ
1110 3478 1168 3543 τὸν
1192 3479 1376 3558 εὐδαίμονα.

234 3586 274 3650 In
296 3586 410 3670 quibus
433 3590 466 3649 et
487 3585 580 3650 nihili
604 3589 652 3650 est
674 3586 837 3670 Theognis
864 3609 982 3651 nomen
1009 3592 1041 3650 et
1067 3588 1187 3651 falsum
1211 3591 1377 3671 ἀμβρόαο(

234 3696 426 3760 tantundem
448 3696 631 3781 significare
654 3701 750 3781 atque
773 3698 941 3777 εὐδαίμων.
982 3696 1092 3760 Scribe
1106 3697 1220 3781 rigitur
1242 3722 1377 3764 mecum:

236 3807 255 3870 ὁ
278 3809 313 3871 δὲ
336 3808 544 3884 Θεόγνωετο(
566 3810 685 3890 γράφει
706 3811 743 3873 τὸ
766 3830 793 3873 ει
815 3811 868 3874 διὰ
890 3808 1085 3889 διφθόγγου,
1113 3815 1297 3888 (queramur
1320 3809 1378 3893 (vel

235 3922 369 4002 εημειοί)
397 3921 432 3983 δὲ
448 3921 540 3984 κατὰ
567 3921 625 3985 τὸν
655 3920 847 3999 Εὐδαίμονα·
880 3921 920 3984 τὰ
947 3920 1008 3999 γὰρ
1036 3919 1089 3983 διὰ
1114 3924 1175 3984 τοῦ
1208 3942 1277 3986 croc
1298 3921 1379 3997 γινό-

234 4049 314 4106 μενα
337 4050 364 4092 e.
381 4051 411 4112 q.
428 4051 453 4091 s.
497 4029 545 4092 De
567 4029 764 4115 Theognosti
788 4030 1019 4114 orthographia
1045 4051 1117 4093 cum
1139 4053 1242 4114 supra
1265 4031 1381 4097 dictum

235 4142 305 4202 tum
327 4162 346 4201 a
369 4137 516 4203 Bentleio
539 4139 642 4224 Epist.
667 4140 706 4204 ad
727 4141 865 4205 Millium
887 4164 918 4224 p.
935 4141 1008 4206 517.
1048 4140 1252 4207 Adiciendus
1275 4143 1382 4227 Orige

235 4270 308 4331 nes,
339 4249 428 4313 cuius
455 4250 533 4314 item
561 4254 686 4335 oportet
707 4252 742 4315 in
764 4251 1014 4337 orthographico
1041 4273 1161 4335 genere
1190 4274 1293 4337 opera
1320 4275 1383 4318 rer·

236 4362 307 4425 sata
330 4360 388 4443 sit,
418 4381 456 4423 ex
479 4359 586 4447 Etym.
616 4360 708 4426 Ko'e’s.
731 4385 762 4445 p.
790 4363 865 4447 191,
888 4363 946 4427 23:
974 4365 1059 4439 λέγει
1085 4365 1121 4427 δὲ
1144 4363 1163 4428 ὁ
1187 4364 1309 4446 Ὧρος,
1338 4365 1384 4429 ὅτι
