<?xml version="1.0" encoding="UTF-8"?>
<!DOCTYPE html PUBLIC "-//W3C//DTD XHTML 1.0 Transitional//EN"
    "http://www.w3.org/TR/xhtml1/DTD/xhtml1-transitional.dtd">
<html xmlns="http://www.w3.org/1999/xhtml" xml:lang="en" lang="en">
 <head>
  <title>
</title>
<meta http-equiv="Content-Type" content="text/html;charset=utf-8" />
  <meta name='ocr-system' content='tesseract 3.04.00' />
  <meta name='ocr-capabilities' content='ocr_page ocr_carea ocr_par ocr_line ocrx_word'/>
</head>
<body>
  <div class='ocr_page' id='page_1' title='image "./fridericiritsch04wachgoog_0510.png"; bbox 0 0 2924 4996; ppageno 0'>
   <div class='ocr_carea' id='block_1_1' title="bbox 407 328 1247 393">
    <p class='ocr_par' dir='ltr' id='par_1_1' title="bbox 407 328 1247 393">
     <span class='ocr_line' id='line_1_1' title="bbox 407 328 1247 393; baseline 0.012 -11"><span class='ocrx_word' id='word_1_1' title='bbox 407 337 563 389; x_wconf 81' lang='lat' dir='ltr'><strong>uroursu</strong></span> <span class='ocrx_word' id='word_1_2' title='bbox 586 339 937 389; x_wconf 71' lang='lat' dir='ltr'><strong>usuronuuassuusrs.</strong></span> <span class='ocrx_word' id='word_1_3' title='bbox 1183 328 1247 393; x_wconf 72' lang='lat'><strong>495</strong></span> 
     </span>
    </p>
   </div>
   <div class='ocr_carea' id='block_1_2' title="bbox 104 488 1247 689">
    <p class='ocr_par' dir='ltr' id='par_1_2' title="bbox 104 488 1247 689">
     <span class='ocr_line' id='line_1_2' title="bbox 104 488 1247 581; baseline 0.006 -29"><span class='ocrx_word' id='word_1_4' title='bbox 104 488 284 574; x_wconf 83' lang='lat' dir='ltr'>ACDFP*)</span> <span class='ocrx_word' id='word_1_5' title='bbox 370 513 402 573; x_wconf 91' lang='lat' dir='ltr'><strong>p.</strong></span> <span class='ocrx_word' id='word_1_6' title='bbox 419 491 450 573; x_wconf 84' lang='lat'><strong>3,</strong></span> <span class='ocrx_word' id='word_1_7' title='bbox 470 494 484 555; x_wconf 93' lang='lat'>1</span> <span class='ocrx_word' id='word_1_8' title='bbox 502 493 684 559; x_wconf 80' lang='grc' dir='ltr'>ἐπεδείξατο</span> <span class='ocrx_word' id='word_1_9' title='bbox 707 491 857 557; x_wconf 79' lang='lat' dir='ltr'><strong>ACDFP.</strong></span> <span class='ocrx_word' id='word_1_10' title='bbox 881 494 1067 561; x_wconf 81' lang='grc' dir='ltr'>ἀπεδείξατο</span> <span class='ocrx_word' id='word_1_11' title='bbox 1083 494 1247 581; x_wconf 51' lang='lat' dir='ltr'><strong>Butae)</strong></span> 
     </span>
     <span class='ocr_line' id='line_1_3' title="bbox 189 601 1247 689; baseline 0.005 -24"><span class='ocrx_word' id='word_1_12' title='bbox 189 601 310 681; x_wconf 89' lang='grc' dir='ltr'>8Περὶ</span> <span class='ocrx_word' id='word_1_13' title='bbox 331 606 397 666; x_wconf 92' lang='grc' dir='ltr'><strong>τῶν</strong></span> <span class='ocrx_word' id='word_1_14' title='bbox 420 606 566 667; x_wconf 87' lang='grc' dir='ltr'>παλαιῶν</span> <span class='ocrx_word' id='word_1_15' title='bbox 595 603 703 682; x_wconf 84' lang='grc' dir='ltr'>ἀρχῶν</span> <span class='ocrx_word' id='word_1_16' title='bbox 733 602 804 666; x_wconf 84' lang='lat' dir='ltr'><strong>add.</strong></span> <span class='ocrx_word' id='word_1_17' title='bbox 828 604 886 668; x_wconf 91' lang='lat' dir='ltr'><strong>DP</strong></span> <span class='ocrx_word' id='word_1_18' title='bbox 931 611 933 614; x_wconf 81' lang='grc'><strong>’</strong></span> <span class='ocrx_word' id='word_1_19' title='bbox 971 604 1121 669; x_wconf 85' lang='lat' dir='ltr'><strong>Proxima</strong></span> <span class='ocrx_word' id='word_1_20' title='bbox 1150 628 1247 689; x_wconf 90' lang='lat' dir='ltr'><strong>usque</strong></span> 
     </span>
    </p>
   </div>
   <div class='ocr_carea' id='block_1_3' title="bbox 103 705 1244 980">
    <p class='ocr_par' dir='ltr' id='par_1_3' title="bbox 103 705 1244 980">
     <span class='ocr_line' id='line_1_4' title="bbox 103 705 1162 821; baseline 0.006 -23"><span class='ocrx_word' id='word_1_21' title='bbox 103 736 145 798; x_wconf 85' lang='lat' dir='ltr'><strong>ad</strong></span> <span class='ocrx_word' id='word_1_22' title='bbox 174 758 205 819; x_wconf 89' lang='lat' dir='ltr'><strong>p.</strong></span> <span class='ocrx_word' id='word_1_23' title='bbox 229 736 264 817; x_wconf 85' lang='lat'><strong>5,</strong></span> <span class='ocrx_word' id='word_1_24' title='bbox 293 738 314 800; x_wconf 80' lang='lat'>5</span> <span class='ocrx_word' id='word_1_25' title='bbox 344 737 501 820; x_wconf 81' lang='lat' dir='ltr'>excerpsit</span> <span class='ocrx_word' id='word_1_26' title='bbox 530 737 643 803; x_wconf 82' lang='lat' dir='ltr'><strong>Suidas</strong></span> <span class='ocrx_word' id='word_1_27' title='bbox 665 760 695 800; x_wconf 91' lang='grc' dir='ltr'><strong>ν.</strong></span> <span class='ocrx_word' id='word_1_28' title='bbox 729 740 880 820; x_wconf 84' lang='grc' dir='ltr'>Ἀ((ιίριοι</span> <span class='ocrx_word' id='word_1_29' title='bbox 966 705 1105 821; x_wconf 73' lang='lat' dir='ltr'><strong>diruptum</strong></span> <span class='ocrx_word' id='word_1_30' title='bbox 1134 739 1162 803; x_wconf 91' lang='grc' dir='ltr'>Β</span> 
     </span>
     <span class='ocr_line' id='line_1_5' title="bbox 105 845 1244 980; baseline 0.005 -72"><span class='ocrx_word' id='word_1_31' title='bbox 105 847 146 909; x_wconf 90' lang='grc'><strong>10</strong></span> <span class='ocrx_word' id='word_1_32' title='bbox 176 845 404 925; x_wconf 84' lang='grc' dir='ltr'>ἐκράτηεενΙ)</span> <span class='ocrx_word' id='word_1_33' title='bbox 491 847 753 980; x_wconf 65' lang='grc' dir='ltr'><strong>11ἀ(υρίωλνΒ</strong></span> <span class='ocrx_word' id='word_1_34' title='bbox 848 850 887 913; x_wconf 78' lang='grc'><strong>12</strong></span> <span class='ocrx_word' id='word_1_35' title='bbox 916 853 1148 931; x_wconf 84' lang='grc' dir='ltr'>περιβαλομένη</span> <span class='ocrx_word' id='word_1_36' title='bbox 1179 850 1244 914; x_wconf 87' lang='grc' dir='ltr'><strong>ΕΡ.</strong></span> 
     </span>
    </p>
   </div>
   <div class='ocr_carea' id='block_1_4' title="bbox 103 981 1146 1065">
    <p class='ocr_par' dir='ltr' id='par_1_4' title="bbox 103 981 1146 1065">
     <span class='ocr_line' id='line_1_6' title="bbox 103 981 1146 1065; baseline 0.005 -22"><span class='ocrx_word' id='word_1_37' title='bbox 103 983 357 1065; x_wconf 75' lang='grc' dir='ltr'>περιβαλλομένη</span> <span class='ocrx_word' id='word_1_38' title='bbox 392 981 511 1047; x_wconf 75' lang='lat' dir='ltr'><strong>ABCF.</strong></span> <span class='ocrx_word' id='word_1_39' title='bbox 546 987 799 1064; x_wconf 85' lang='grc' dir='ltr'>περιβαλλομένη</span> <span class='ocrx_word' id='word_1_40' title='bbox 833 985 862 1047; x_wconf 93' lang='lat' dir='ltr'>D</span> <span class='ocrx_word' id='word_1_41' title='bbox 962 988 1087 1051; x_wconf 91' lang='grc' dir='ltr'>πολλὺν</span> <span class='ocrx_word' id='word_1_42' title='bbox 1121 985 1146 1048; x_wconf 70' lang='lat'><strong>1⁴¹</strong></span> 
     </span>
    </p>
   </div>
   <div class='ocr_carea' id='block_1_5' title="bbox 174 1268 1281 1342">
    <p class='ocr_par' dir='ltr' id='par_1_5' title="bbox 174 1268 1281 1342">
     <span class='ocr_line' id='line_1_7' title="bbox 174 1268 1281 1342; baseline 0.005 -21"><span class='ocrx_word' id='word_1_43' title='bbox 174 1269 199 1336; x_wconf 70' lang='lat' dir='ltr'><strong>*t</strong></span> <span class='ocrx_word' id='word_1_44' title='bbox 224 1268 373 1335; x_wconf 80' lang='lat' dir='ltr'><strong>Isocrates,</strong></span> <span class='ocrx_word' id='word_1_45' title='bbox 397 1269 471 1340; x_wconf 81' lang='lat' dir='ltr'><strong>apud</strong></span> <span class='ocrx_word' id='word_1_46' title='bbox 490 1290 572 1339; x_wconf 90' lang='lat' dir='ltr'><strong>quem</strong></span> <span class='ocrx_word' id='word_1_47' title='bbox 589 1273 646 1326; x_wconf 86' lang='lat' dir='ltr'><strong>tale</strong></span> <span class='ocrx_word' id='word_1_48' title='bbox 666 1271 799 1339; x_wconf 80' lang='lat' dir='ltr'><strong>quiddam</strong></span> <span class='ocrx_word' id='word_1_49' title='bbox 817 1288 846 1325; x_wconf 88' lang='lat' dir='ltr'><strong>se</strong></span> <span class='ocrx_word' id='word_1_50' title='bbox 864 1271 958 1340; x_wconf 83' lang='lat' dir='ltr'><strong>legere</strong></span> <span class='ocrx_word' id='word_1_51' title='bbox 977 1271 1134 1342; x_wconf 71' lang='lat' dir='ltr'><strong>Stephanus</strong></span> <span class='ocrx_word' id='word_1_52' title='bbox 1152 1274 1281 1328; x_wconf 82' lang='lat' dir='ltr'><strong>merui-5</strong></span> 
     </span>
    </p>
   </div>
   <div class='ocr_carea' id='block_1_6' title="bbox 103 1361 1356 1434">
    <p class='ocr_par' dir='ltr' id='par_1_6' title="bbox 103 1361 1356 1434">
     <span class='ocr_line' id='line_1_8' title="bbox 103 1361 1356 1434; baseline 0.006 -20"><span class='ocrx_word' id='word_1_53' title='bbox 103 1362 194 1426; x_wconf 77' lang='lat' dir='ltr'><strong>neret,</strong></span> <span class='ocrx_word' id='word_1_54' title='bbox 213 1361 247 1416; x_wconf 89' lang='lat' dir='ltr'><strong>dc</strong></span> <span class='ocrx_word' id='word_1_55' title='bbox 264 1378 333 1430; x_wconf 83' lang='lat' dir='ltr'><strong>pecc</strong></span> <span class='ocrx_word' id='word_1_56' title='bbox 352 1379 411 1432; x_wconf 78' lang='lat' dir='ltr'><strong>cup.</strong></span> <span class='ocrx_word' id='word_1_57' title='bbox 427 1372 442 1418; x_wconf 81' lang='lat'>3</span> <span class='ocrx_word' id='word_1_58' title='bbox 460 1367 528 1419; x_wconf 81' lang='lat' dir='ltr'><strong>extr.</strong></span> <span class='ocrx_word' id='word_1_59' title='bbox 545 1367 570 1434; x_wconf 75' lang='grc' dir='ltr'><strong>[β</strong></span> <span class='ocrx_word' id='word_1_60' title='bbox 586 1367 639 1434; x_wconf 79' lang='grc' dir='ltr'><strong>11]ι</strong></span> <span class='ocrx_word' id='word_1_61' title='bbox 659 1366 733 1432; x_wconf 86' lang='grc' dir='ltr'>εἰμὴ</span> <span class='ocrx_word' id='word_1_62' title='bbox 747 1367 814 1418; x_wconf 88' lang='grc' dir='ltr'>τοὺ(</span> <span class='ocrx_word' id='word_1_63' title='bbox 828 1366 877 1431; x_wconf 86' lang='grc' dir='ltr'><strong>μὲν</strong></span> <span class='ocrx_word' id='word_1_64' title='bbox 891 1367 991 1430; x_wconf 87' lang='grc' dir='ltr'>λόγου(</span> <span class='ocrx_word' id='word_1_65' title='bbox 1010 1369 1078 1420; x_wconf 89' lang='grc' dir='ltr'>τοὺ(</span> <span class='ocrx_word' id='word_1_66' title='bbox 1096 1373 1157 1420; x_wconf 83' lang='grc' dir='ltr'><strong>τῶν</strong></span> <span class='ocrx_word' id='word_1_67' title='bbox 1169 1369 1246 1421; x_wconf 80' lang='grc' dir='ltr'>ἐναν·</span> <span class='ocrx_word' id='word_1_68' title='bbox 1354 1429 1356 1434; x_wconf 71' lang='lat'>,</span> 
     </span>
    </p>
   </div>
   <div class='ocr_carea' id='block_1_7' title="bbox 76 1455 1312 4407">
    <p class='ocr_par' dir='ltr' id='par_1_7' title="bbox 100 1455 1248 1903">
     <span class='ocr_line' id='line_1_9' title="bbox 102 1455 1247 1528; baseline 0.005 -21"><span class='ocrx_word' id='word_1_69' title='bbox 102 1455 263 1518; x_wconf 83' lang='grc' dir='ltr'>τιουμένιυν</span> <span class='ocrx_word' id='word_1_70' title='bbox 288 1458 485 1523; x_wconf 82' lang='grc' dir='ltr'>παραλλήλου(</span> <span class='ocrx_word' id='word_1_71' title='bbox 503 1459 664 1514; x_wconf 82' lang='grc' dir='ltr'>ἐξετάζοιεν.</span> <span class='ocrx_word' id='word_1_72' title='bbox 700 1457 807 1512; x_wconf 86' lang='lat' dir='ltr'><strong>Eadem</strong></span> <span class='ocrx_word' id='word_1_73' title='bbox 830 1457 968 1511; x_wconf 89' lang='lat' dir='ltr'><strong>scn&#39;bendi</strong></span> <span class='ocrx_word' id='word_1_74' title='bbox 992 1458 1181 1528; x_wconf 73' lang='lat' dir='ltr'><strong>discrepantia</strong></span> <span class='ocrx_word' id='word_1_75' title='bbox 1203 1463 1247 1514; x_wconf 88' lang='lat' dir='ltr'><strong>est</strong></span> 
     </span>
     <span class='ocr_line' id='line_1_10' title="bbox 102 1534 1245 1625; baseline -0.001 -18"><span class='ocrx_word' id='word_1_76' title='bbox 102 1555 139 1609; x_wconf 89' lang='lat' dir='ltr'><strong>de</strong></span> <span class='ocrx_word' id='word_1_77' title='bbox 153 1572 241 1625; x_wconf 87' lang='lat' dir='ltr'><strong>comp.</strong></span> <span class='ocrx_word' id='word_1_78' title='bbox 261 1556 337 1609; x_wconf 83' lang='lat' dir='ltr'>verb.</span> <span class='ocrx_word' id='word_1_79' title='bbox 357 1570 383 1621; x_wconf 88' lang='lat' dir='ltr'><strong>p.</strong></span> <span class='ocrx_word' id='word_1_80' title='bbox 401 1534 432 1606; x_wconf 65' lang='lat' dir='ltr'><strong>Id</strong></span> <span class='ocrx_word' id='word_1_81' title='bbox 444 1554 473 1606; x_wconf 92' lang='lat' dir='ltr'><strong>et</strong></span> <span class='ocrx_word' id='word_1_82' title='bbox 488 1558 529 1616; x_wconf 78' lang='lat'><strong>21,</strong></span> <span class='ocrx_word' id='word_1_83' title='bbox 548 1551 595 1604; x_wconf 92' lang='lat' dir='ltr'><strong>ubi</strong></span> <span class='ocrx_word' id='word_1_84' title='bbox 607 1551 670 1605; x_wconf 90' lang='lat' dir='ltr'><strong>vide</strong></span> <span class='ocrx_word' id='word_1_85' title='bbox 683 1550 870 1605; x_wconf 83' lang='lat' dir='ltr'><strong>Scheeferum.</strong></span> <span class='ocrx_word' id='word_1_86' title='bbox 897 1551 1063 1619; x_wconf 69' lang='lat' dir='ltr'><strong>[Praestare</strong></span> <span class='ocrx_word' id='word_1_87' title='bbox 1082 1552 1158 1621; x_wconf 84' lang='lat' dir='ltr'><strong>apud</strong></span> <span class='ocrx_word' id='word_1_88' title='bbox 1175 1553 1245 1606; x_wconf 85' lang='lat' dir='ltr'><strong>auti-</strong></span> 
     </span>
     <span class='ocr_line' id='line_1_11' title="bbox 102 1644 1247 1714; baseline -0.003 -13"><span class='ocrx_word' id='word_1_89' title='bbox 102 1647 215 1714; x_wconf 81' lang='lat' dir='ltr'><strong>quiores</strong></span> <span class='ocrx_word' id='word_1_90' title='bbox 234 1648 342 1713; x_wconf 83' lang='lat' dir='ltr'><strong>saltem,</strong></span> <span class='ocrx_word' id='word_1_91' title='bbox 360 1644 506 1698; x_wconf 78' lang='lat' dir='ltr'><strong>discidium</strong></span> <span class='ocrx_word' id='word_1_92' title='bbox 524 1644 652 1698; x_wconf 84' lang='lat' dir='ltr'><strong>binarum</strong></span> <span class='ocrx_word' id='word_1_93' title='bbox 672 1662 772 1698; x_wconf 85' lang='lat' dir='ltr'><strong>vocum</strong></span> <span class='ocrx_word' id='word_1_94' title='bbox 790 1644 873 1697; x_wconf 88' lang='lat' dir='ltr'><strong>dccet</strong></span> <span class='ocrx_word' id='word_1_95' title='bbox 890 1644 1050 1698; x_wconf 82' lang='lat' dir='ltr'><strong>Thesaurus</strong></span> <span class='ocrx_word' id='word_1_96' title='bbox 1072 1646 1089 1697; x_wconf 90' lang='grc' dir='ltr'><strong>Ι.</strong></span> <span class='ocrx_word' id='word_1_97' title='bbox 1109 1663 1149 1714; x_wconf 79' lang='lat' dir='ltr'><strong>gr.</strong></span> <span class='ocrx_word' id='word_1_98' title='bbox 1169 1647 1189 1700; x_wconf 92' lang='lat' dir='ltr'><strong>t.</strong></span> <span class='ocrx_word' id='word_1_99' title='bbox 1209 1645 1247 1698; x_wconf 91' lang='lat' dir='ltr'><strong>VI</strong></span> 
     </span>
     <span class='ocr_line' id='line_1_12' title="bbox 100 1736 1248 1810; baseline -0.003 -16"><span class='ocrx_word' id='word_1_100' title='bbox 100 1759 130 1810; x_wconf 93' lang='lat' dir='ltr'><strong>p.</strong></span> <span class='ocrx_word' id='word_1_101' title='bbox 151 1747 201 1795; x_wconf 85' lang='grc'><strong>318</strong></span> <span class='ocrx_word' id='word_1_102' title='bbox 220 1758 259 1808; x_wconf 90' lang='lat' dir='ltr'><strong>sq.</strong></span> <span class='ocrx_word' id='word_1_103' title='bbox 297 1740 336 1794; x_wconf 83' lang='lat' dir='ltr'><strong>Cf.</strong></span> <span class='ocrx_word' id='word_1_104' title='bbox 362 1739 553 1804; x_wconf 84' lang='grc' dir='ltr'>ἐπαλλήλουε,</span> <span class='ocrx_word' id='word_1_105' title='bbox 578 1739 788 1805; x_wconf 80' lang='grc' dir='ltr'>καταλλήλουε,</span> <span class='ocrx_word' id='word_1_106' title='bbox 811 1737 840 1790; x_wconf 87' lang='lat' dir='ltr'><strong>et</strong></span> <span class='ocrx_word' id='word_1_107' title='bbox 863 1736 934 1790; x_wconf 84' lang='lat' dir='ltr'><strong>sdde</strong></span> <span class='ocrx_word' id='word_1_108' title='bbox 956 1736 1088 1791; x_wconf 86' lang='lat' dir='ltr'><strong>Lobeekii</strong></span> <span class='ocrx_word' id='word_1_109' title='bbox 1106 1738 1248 1807; x_wconf 82' lang='lat' dir='ltr'><strong>Psrulipo·</strong></span> 
     </span>
     <span class='ocr_line' id='line_1_13' title="bbox 103 1835 323 1903; baseline 0.005 -17"><span class='ocrx_word' id='word_1_110' title='bbox 103 1850 191 1887; x_wconf 89' lang='lat' dir='ltr'><strong>mena</strong></span> <span class='ocrx_word' id='word_1_111' title='bbox 208 1852 235 1903; x_wconf 91' lang='lat' dir='ltr'><strong>p.</strong></span> <span class='ocrx_word' id='word_1_112' title='bbox 254 1835 323 1901; x_wconf 78' lang='grc'><strong>471]</strong></span> 
     </span>
    </p>

    <p class='ocr_par' dir='ltr' id='par_1_8' title="bbox 76 1911 1312 4407">
     <span class='ocr_line' id='line_1_14' title="bbox 172 1911 1246 1994; baseline -0.001 -15"><span class='ocrx_word' id='word_1_113' title='bbox 172 1927 213 1994; x_wconf 79' lang='grc'><strong>**)</strong></span> <span class='ocrx_word' id='word_1_114' title='bbox 232 1925 300 1979; x_wconf 87' lang='lat' dir='ltr'><strong>Cum</strong></span> <span class='ocrx_word' id='word_1_115' title='bbox 318 1925 518 1994; x_wconf 86' lang='lat' dir='ltr'><strong>propemodum</strong></span> <span class='ocrx_word' id='word_1_116' title='bbox 537 1911 667 1977; x_wconf 75' lang='lat' dir='ltr'><strong>constans</strong></span> <span class='ocrx_word' id='word_1_117' title='bbox 685 1922 767 1976; x_wconf 86' lang='lat' dir='ltr'><strong>sitin</strong></span> <span class='ocrx_word' id='word_1_118' title='bbox 785 1924 837 1977; x_wconf 89' lang='lat' dir='ltr'><strong>hoc</strong></span> <span class='ocrx_word' id='word_1_119' title='bbox 856 1939 958 1991; x_wconf 82' lang='lat' dir='ltr'><strong>genere</strong></span> <span class='ocrx_word' id='word_1_120' title='bbox 977 1923 1146 1992; x_wconf 91' lang='lat' dir='ltr'><strong>optimorum</strong></span> <span class='ocrx_word' id='word_1_121' title='bbox 1163 1924 1246 1978; x_wconf 90' lang='lat' dir='ltr'><strong>libro-</strong></span> 
     </span>
     <span class='ocr_line' id='line_1_15' title="bbox 100 2015 1247 2086; baseline -0.001 -14"><span class='ocrx_word' id='word_1_122' title='bbox 100 2037 166 2072; x_wconf 88' lang='lat' dir='ltr'><strong>rum</strong></span> <span class='ocrx_word' id='word_1_123' title='bbox 187 2018 386 2083; x_wconf 82' lang='lat' dir='ltr'><strong>inconstantis,</strong></span> <span class='ocrx_word' id='word_1_124' title='bbox 409 2019 505 2072; x_wconf 85' lang='lat' dir='ltr'><strong>tumen</strong></span> <span class='ocrx_word' id='word_1_125' title='bbox 524 2017 599 2086; x_wconf 81' lang='lat' dir='ltr'><strong>apud</strong></span> <span class='ocrx_word' id='word_1_126' title='bbox 621 2015 784 2084; x_wconf 83' lang='lat' dir='ltr'><strong>Dionysium</strong></span> <span class='ocrx_word' id='word_1_127' title='bbox 802 2018 831 2070; x_wconf 89' lang='lat' dir='ltr'><strong>et</strong></span> <span class='ocrx_word' id='word_1_128' title='bbox 848 2016 936 2070; x_wconf 90' lang='lat' dir='ltr'><strong>multo</strong></span> <span class='ocrx_word' id='word_1_129' title='bbox 960 2016 1071 2085; x_wconf 85' lang='lat' dir='ltr'><strong>saepius</strong></span> <span class='ocrx_word' id='word_1_130' title='bbox 1089 2018 1157 2071; x_wconf 83' lang='lat' dir='ltr'><strong>dno·</strong></span> <span class='ocrx_word' id='word_1_131' title='bbox 1180 2017 1247 2086; x_wconf 83' lang='lat' dir='ltr'><strong>legi-</strong></span> 
     </span>
     <span class='ocr_line' id='line_1_16' title="bbox 100 2108 1245 2178; baseline -0.002 -13"><span class='ocrx_word' id='word_1_132' title='bbox 100 2115 150 2165; x_wconf 91' lang='lat' dir='ltr'><strong>tur</strong></span> <span class='ocrx_word' id='word_1_133' title='bbox 167 2111 243 2165; x_wconf 89' lang='lat' dir='ltr'><strong>nullo</strong></span> <span class='ocrx_word' id='word_1_134' title='bbox 262 2111 386 2165; x_wconf 89' lang='lat' dir='ltr'><strong>codicum</strong></span> <span class='ocrx_word' id='word_1_135' title='bbox 405 2111 542 2176; x_wconf 84' lang='lat' dir='ltr'><strong>dissensu,</strong></span> <span class='ocrx_word' id='word_1_136' title='bbox 565 2127 616 2163; x_wconf 87' lang='lat' dir='ltr'><strong>nee</strong></span> <span class='ocrx_word' id='word_1_137' title='bbox 638 2108 752 2178; x_wconf 77' lang='lat' dir='ltr'><strong>probari</strong></span> <span class='ocrx_word' id='word_1_138' title='bbox 775 2108 851 2162; x_wconf 90' lang='lat' dir='ltr'><strong>omni</strong></span> <span class='ocrx_word' id='word_1_139' title='bbox 873 2126 907 2163; x_wconf 84' lang='lat' dir='ltr'><strong>ex</strong></span> <span class='ocrx_word' id='word_1_140' title='bbox 928 2111 1010 2178; x_wconf 84' lang='lat' dir='ltr'><strong>perte</strong></span> <span class='ocrx_word' id='word_1_141' title='bbox 1030 2109 1191 2164; x_wconf 85' lang='lat' dir='ltr'><strong>Schneideri</strong></span> <span class='ocrx_word' id='word_1_142' title='bbox 1209 2111 1245 2163; x_wconf 85' lang='lat' dir='ltr'><strong>ed</strong></span> 
     </span>
     <span class='ocr_line' id='line_1_17' title="bbox 100 2203 1247 2273; baseline -0.003 -15"><span class='ocrx_word' id='word_1_143' title='bbox 100 2203 230 2273; x_wconf 87' lang='lat' dir='ltr'><strong>Xenoph.</strong></span> <span class='ocrx_word' id='word_1_144' title='bbox 255 2205 369 2258; x_wconf 88' lang='lat' dir='ltr'><strong>Memor.</strong></span> <span class='ocrx_word' id='word_1_145' title='bbox 394 2203 443 2269; x_wconf 88' lang='lat' dir='ltr'><strong>IV,</strong></span> <span class='ocrx_word' id='word_1_146' title='bbox 467 2209 495 2268; x_wconf 88' lang='lat'><strong>4,</strong></span> <span class='ocrx_word' id='word_1_147' title='bbox 520 2210 551 2256; x_wconf 83' lang='lat'><strong>18</strong></span> <span class='ocrx_word' id='word_1_148' title='bbox 575 2203 755 2271; x_wconf 84' lang='lat' dir='ltr'><strong>praeceptum</strong></span> <span class='ocrx_word' id='word_1_149' title='bbox 782 2204 884 2270; x_wconf 86' lang='lat' dir='ltr'><strong>potest.</strong></span> <span class='ocrx_word' id='word_1_150' title='bbox 925 2203 1019 2272; x_wconf 88' lang='lat' dir='ltr'><strong>Ipsum</strong></span> <span class='ocrx_word' id='word_1_151' title='bbox 1042 2205 1148 2268; x_wconf 84' lang='lat' dir='ltr'><strong>autem,</strong></span> <span class='ocrx_word' id='word_1_152' title='bbox 1172 2203 1247 2270; x_wconf 89' lang='lat' dir='ltr'><strong>quod</strong></span> 
     </span>
     <span class='ocr_line' id='line_1_18' title="bbox 100 2294 1247 2367; baseline -0.003 -15"><span class='ocrx_word' id='word_1_153' title='bbox 100 2297 180 2366; x_wconf 84' lang='lat' dir='ltr'><strong>apud</strong></span> <span class='ocrx_word' id='word_1_154' title='bbox 201 2297 414 2367; x_wconf 76' lang='lat' dir='ltr'><strong>Xenophontem</strong></span> <span class='ocrx_word' id='word_1_155' title='bbox 432 2296 478 2350; x_wconf 87' lang='lat' dir='ltr'><strong>ille</strong></span> <span class='ocrx_word' id='word_1_156' title='bbox 497 2296 624 2360; x_wconf 81' lang='lat' dir='ltr'><strong>damnat,</strong></span> <span class='ocrx_word' id='word_1_157' title='bbox 647 2294 768 2349; x_wconf 82' lang='lat' dir='ltr'><strong>activum</strong></span> <span class='ocrx_word' id='word_1_158' title='bbox 791 2295 960 2360; x_wconf 75' lang='grc' dir='ltr'>ἐπιδείκνυμι</span> <span class='ocrx_word' id='word_1_159' title='bbox 981 2295 1054 2349; x_wconf 85' lang='lat' dir='ltr'><strong>infra</strong></span> <span class='ocrx_word' id='word_1_160' title='bbox 1071 2295 1158 2349; x_wconf 83' lang='lat' dir='ltr'><strong>hebes</strong></span> <span class='ocrx_word' id='word_1_161' title='bbox 1176 2314 1203 2365; x_wconf 92' lang='lat' dir='ltr'><strong>p.</strong></span> <span class='ocrx_word' id='word_1_162' title='bbox 1223 2302 1247 2361; x_wconf 82' lang='lat'><strong>6,</strong></span> 
     </span>
     <span class='ocr_line' id='line_1_19' title="bbox 100 2385 1247 2457; baseline -0.001 -14"><span class='ocrx_word' id='word_1_163' title='bbox 100 2397 137 2444; x_wconf 75' lang='lat'><strong>22</strong></span> <span class='ocrx_word' id='word_1_164' title='bbox 150 2391 179 2443; x_wconf 89' lang='lat' dir='ltr'><strong>et</strong></span> <span class='ocrx_word' id='word_1_165' title='bbox 193 2395 232 2455; x_wconf 85' lang='lat'><strong>10,</strong></span> <span class='ocrx_word' id='word_1_166' title='bbox 247 2396 285 2455; x_wconf 87' lang='grc'><strong>18,</strong></span> <span class='ocrx_word' id='word_1_167' title='bbox 304 2407 358 2457; x_wconf 89' lang='lat' dir='ltr'><strong>quo</strong></span> <span class='ocrx_word' id='word_1_168' title='bbox 370 2390 431 2444; x_wconf 88' lang='lat' dir='ltr'><strong>loco</strong></span> <span class='ocrx_word' id='word_1_169' title='bbox 445 2406 511 2443; x_wconf 83' lang='lat' dir='ltr'><strong>sune</strong></span> <span class='ocrx_word' id='word_1_170' title='bbox 530 2394 689 2442; x_wconf 78' lang='lat' dir='ltr'><strong>dedocendo</strong></span> <span class='ocrx_word' id='word_1_171' title='bbox 707 2399 747 2441; x_wconf 82' lang='lat' dir='ltr'><strong>est</strong></span> <span class='ocrx_word' id='word_1_172' title='bbox 763 2407 853 2441; x_wconf 72' lang='lat' dir='ltr'><strong>renuo.</strong></span> <span class='ocrx_word' id='word_1_173' title='bbox 878 2385 966 2451; x_wconf 82' lang='lat' dir='ltr'><strong>Quem</strong></span> <span class='ocrx_word' id='word_1_174' title='bbox 979 2388 1139 2442; x_wconf 81' lang='lat' dir='ltr'><strong>admodum</strong></span> <span class='ocrx_word' id='word_1_175' title='bbox 1152 2390 1247 2443; x_wconf 84' lang='lat' dir='ltr'><strong>autem</strong></span> 
     </span>
     <span class='ocr_line' id='line_1_20' title="bbox 100 2480 1244 2552; baseline -0.001 -16"><span class='ocrx_word' id='word_1_176' title='bbox 100 2482 259 2552; x_wconf 88' lang='lat' dir='ltr'><strong>posteriore</strong></span> <span class='ocrx_word' id='word_1_177' title='bbox 277 2483 338 2537; x_wconf 91' lang='lat' dir='ltr'><strong>loco</strong></span> <span class='ocrx_word' id='word_1_178' title='bbox 356 2483 537 2548; x_wconf 83' lang='grc' dir='ltr'>ἀποδείκνυμι</span> <span class='ocrx_word' id='word_1_179' title='bbox 554 2481 678 2551; x_wconf 82' lang='lat' dir='ltr'><strong>praebet</strong></span> <span class='ocrx_word' id='word_1_180' title='bbox 687 2485 718 2545; x_wconf 88' lang='lat' dir='ltr'><strong>B,</strong></span> <span class='ocrx_word' id='word_1_181' title='bbox 736 2480 777 2534; x_wconf 83' lang='lat' dir='ltr'><strong>itu</strong></span> <span class='ocrx_word' id='word_1_182' title='bbox 793 2480 822 2533; x_wconf 89' lang='lat' dir='ltr'><strong>in</strong></span> <span class='ocrx_word' id='word_1_183' title='bbox 840 2481 938 2535; x_wconf 90' lang='lat' dir='ltr'><strong>eodem</strong></span> <span class='ocrx_word' id='word_1_184' title='bbox 955 2483 1086 2536; x_wconf 83' lang='grc' dir='ltr'>ἐπιδείξαι</span> <span class='ocrx_word' id='word_1_185' title='bbox 1099 2483 1142 2536; x_wconf 90' lang='lat' dir='ltr'><strong>est</strong></span> <span class='ocrx_word' id='word_1_186' title='bbox 1154 2482 1201 2547; x_wconf 93' lang='grc' dir='ltr'><strong>ΙΙΙ,</strong></span> <span class='ocrx_word' id='word_1_187' title='bbox 1216 2488 1244 2536; x_wconf 91' lang='grc'><strong>11</strong></span> 
     </span>
     <span class='ocr_line' id='line_1_21' title="bbox 101 2575 1245 2645; baseline 0.003 -16"><span class='ocrx_word' id='word_1_188' title='bbox 101 2592 155 2645; x_wconf 87' lang='lat' dir='ltr'><strong>pro</strong></span> <span class='ocrx_word' id='word_1_189' title='bbox 175 2592 207 2629; x_wconf 92' lang='lat' dir='ltr'><strong>eo</strong></span> <span class='ocrx_word' id='word_1_190' title='bbox 227 2575 301 2642; x_wconf 92' lang='lat' dir='ltr'><strong>quod</strong></span> <span class='ocrx_word' id='word_1_191' title='bbox 319 2580 343 2628; x_wconf 85' lang='lat' dir='ltr'><em>A</em></span> <span class='ocrx_word' id='word_1_192' title='bbox 363 2579 391 2629; x_wconf 91' lang='lat' dir='ltr'><strong>et</strong></span> <span class='ocrx_word' id='word_1_193' title='bbox 403 2575 465 2629; x_wconf 90' lang='lat' dir='ltr'><strong>edd.</strong></span> <span class='ocrx_word' id='word_1_194' title='bbox 486 2575 585 2629; x_wconf 89' lang='lat' dir='ltr'><strong>tenent</strong></span> <span class='ocrx_word' id='word_1_195' title='bbox 603 2576 618 2628; x_wconf 89' lang='grc' dir='ltr'>δ</span> <span class='ocrx_word' id='word_1_196' title='bbox 637 2576 761 2627; x_wconf 82' lang='grc' dir='ltr'>πολλου(</span> <span class='ocrx_word' id='word_1_197' title='bbox 779 2575 902 2640; x_wconf 78' lang='grc' dir='ltr'>πατέρα(</span> <span class='ocrx_word' id='word_1_198' title='bbox 920 2575 1245 2639; x_wconf 76' lang='grc' dir='ltr'>ἀποδεῖξοίδυνάμενο(</span> 
     </span>
     <span class='ocr_line' id='line_1_22' title="bbox 101 2666 1245 2723; baseline 0 -2"><span class='ocrx_word' id='word_1_199' title='bbox 101 2667 161 2722; x_wconf 85' lang='lat' dir='ltr'><strong>Sed</strong></span> <span class='ocrx_word' id='word_1_200' title='bbox 182 2668 293 2723; x_wconf 84' lang='lat' dir='ltr'><strong>medis</strong></span> <span class='ocrx_word' id='word_1_201' title='bbox 316 2669 406 2722; x_wconf 83' lang='lat' dir='ltr'><strong>forms</strong></span> <span class='ocrx_word' id='word_1_202' title='bbox 428 2667 482 2721; x_wconf 87' lang='lat' dir='ltr'><strong>etsi</strong></span> <span class='ocrx_word' id='word_1_203' title='bbox 504 2669 579 2721; x_wconf 91' lang='lat' dir='ltr'><strong>recte</strong></span> <span class='ocrx_word' id='word_1_204' title='bbox 607 2666 789 2720; x_wconf 86' lang='lat' dir='ltr'><strong>Schneiderus</strong></span> <span class='ocrx_word' id='word_1_205' title='bbox 818 2667 1020 2721; x_wconf 86' lang='grc' dir='ltr'>ἐπιδείκνυεθαι</span> <span class='ocrx_word' id='word_1_206' title='bbox 1048 2667 1192 2723; x_wconf 72' lang='lat' dir='ltr'><strong>contendit</strong></span> <span class='ocrx_word' id='word_1_207' title='bbox 1214 2674 1245 2721; x_wconf 78' lang='lat' dir='ltr'><strong>de</strong></span> 
     </span>
     <span class='ocr_line' id='line_1_23' title="bbox 98 2759 1312 2830; baseline 0 -16"><span class='ocrx_word' id='word_1_208' title='bbox 98 2760 489 2830; x_wconf 73' lang='lat' dir='ltr'><strong>sactisdi0ivelib1potius,</strong></span> <span class='ocrx_word' id='word_1_209' title='bbox 507 2759 555 2813; x_wconf 87' lang='lat' dir='ltr'><strong>ubi</strong></span> <span class='ocrx_word' id='word_1_210' title='bbox 573 2765 672 2814; x_wconf 77' lang='lat' dir='ltr'><strong>uirtutis</strong></span> <span class='ocrx_word' id='word_1_211' title='bbox 690 2773 728 2814; x_wconf 82' lang='lat' dir='ltr'><strong>ce‘</strong></span> <span class='ocrx_word' id='word_1_212' title='bbox 739 2779 832 2813; x_wconf 68' lang='lat' dir='ltr'><strong>mortun</strong></span> <span class='ocrx_word' id='word_1_213' title='bbox 844 2766 949 2828; x_wconf 71' lang='lat' dir='ltr'><strong>aliquod</strong></span> <span class='ocrx_word' id='word_1_214' title='bbox 965 2768 1092 2828; x_wconf 78' lang='lat' dir='ltr'><strong>specimen</strong></span> <span class='ocrx_word' id='word_1_215' title='bbox 1110 2771 1149 2815; x_wconf 83' lang='lat' dir='ltr'><strong>ve!</strong></span> <span class='ocrx_word' id='word_1_216' title='bbox 1166 2768 1246 2815; x_wconf 77' lang='lat' dir='ltr'><strong>doru·</strong></span> <span class='ocrx_word' id='word_1_217' title='bbox 1310 2779 1312 2783; x_wconf 84' lang='grc'><strong>’</strong></span> 
     </span>
     <span class='ocr_line' id='line_1_24' title="bbox 99 2853 1246 2921; baseline -0.001 -14"><span class='ocrx_word' id='word_1_218' title='bbox 99 2865 209 2907; x_wconf 79' lang='lat' dir='ltr'><strong>mentum</strong></span> <span class='ocrx_word' id='word_1_219' title='bbox 226 2861 331 2917; x_wconf 76' lang='lat' dir='ltr'><strong>edatur,</strong></span> <span class='ocrx_word' id='word_1_220' title='bbox 355 2853 568 2909; x_wconf 75' lang='grc' dir='ltr'>ἀποδείκνυεθαι</span> <span class='ocrx_word' id='word_1_221' title='bbox 590 2869 655 2906; x_wconf 83' lang='lat' dir='ltr'><strong>vero</strong></span> <span class='ocrx_word' id='word_1_222' title='bbox 679 2860 711 2906; x_wconf 83' lang='lat' dir='ltr'><strong>de</strong></span> <span class='ocrx_word' id='word_1_223' title='bbox 735 2858 871 2921; x_wconf 81' lang='lat' dir='ltr'><strong>prodendo</strong></span> <span class='ocrx_word' id='word_1_224' title='bbox 888 2861 927 2906; x_wconf 83' lang='lat' dir='ltr'><strong>ve!</strong></span> <span class='ocrx_word' id='word_1_225' title='bbox 944 2859 1102 2907; x_wconf 60' lang='lat' dir='ltr'><strong>deauranda</strong></span> <span class='ocrx_word' id='word_1_226' title='bbox 1119 2860 1246 2907; x_wconf 76' lang='lat' dir='ltr'><strong>sententia</strong></span> 
     </span>
     <span class='ocr_line' id='line_1_25' title="bbox 102 2944 1246 3014; baseline 0 -15"><span class='ocrx_word' id='word_1_227' title='bbox 102 2947 148 3013; x_wconf 90' lang='lat' dir='ltr'><strong>(ut</strong></span> <span class='ocrx_word' id='word_1_228' title='bbox 163 2945 241 3012; x_wconf 89' lang='lat' dir='ltr'>VIII,</span> <span class='ocrx_word' id='word_1_229' title='bbox 264 2953 296 3001; x_wconf 79' lang='grc'><strong>74</strong></span> <span class='ocrx_word' id='word_1_230' title='bbox 318 2946 361 2999; x_wconf 89' lang='lat' dir='ltr'><strong>bis</strong></span> <span class='ocrx_word' id='word_1_231' title='bbox 379 2963 441 3000; x_wconf 90' lang='lat' dir='ltr'><strong>cum</strong></span> <span class='ocrx_word' id='word_1_232' title='bbox 458 2947 576 3014; x_wconf 86' lang='grc' dir='ltr'>γνώμην</span> <span class='ocrx_word' id='word_1_233' title='bbox 598 2944 734 3009; x_wconf 84' lang='lat' dir='ltr'><strong>iunctum,</strong></span> <span class='ocrx_word' id='word_1_234' title='bbox 757 2945 880 3013; x_wconf 79' lang='lat' dir='ltr'><strong>itemque</strong></span> <span class='ocrx_word' id='word_1_235' title='bbox 902 2945 952 3011; x_wconf 89' lang='lat' dir='ltr'><strong>XI,</strong></span> <span class='ocrx_word' id='word_1_236' title='bbox 976 2954 1004 3000; x_wconf 90' lang='grc'><strong>15</strong></span> <span class='ocrx_word' id='word_1_237' title='bbox 1027 2950 1056 3000; x_wconf 90' lang='lat' dir='ltr'><strong>et</strong></span> <span class='ocrx_word' id='word_1_238' title='bbox 1073 2945 1109 3010; x_wconf 89' lang='lat' dir='ltr'><strong>V,</strong></span> <span class='ocrx_word' id='word_1_239' title='bbox 1129 2953 1175 3011; x_wconf 77' lang='grc'><strong>51,</strong></span> <span class='ocrx_word' id='word_1_240' title='bbox 1198 2946 1246 3000; x_wconf 93' lang='lat' dir='ltr'><strong>ubi</strong></span> 
     </span>
     <span class='ocr_line' id='line_1_26' title="bbox 100 3039 1246 3108; baseline 0 -15"><span class='ocrx_word' id='word_1_241' title='bbox 100 3042 200 3093; x_wconf 84' lang='lat' dir='ltr'><strong>tamen</strong></span> <span class='ocrx_word' id='word_1_242' title='bbox 220 3045 242 3093; x_wconf 87' lang='lat' dir='ltr'><em>A</em></span> <span class='ocrx_word' id='word_1_243' title='bbox 266 3041 431 3106; x_wconf 72' lang='grc' dir='ltr'>ἀποδεῖξαιλε</span> <span class='ocrx_word' id='word_1_244' title='bbox 461 3041 557 3093; x_wconf 87' lang='lat' dir='ltr'><strong>tumen</strong></span> <span class='ocrx_word' id='word_1_245' title='bbox 580 3056 642 3093; x_wconf 89' lang='lat' dir='ltr'><strong>cum</strong></span> <span class='ocrx_word' id='word_1_246' title='bbox 665 3041 726 3093; x_wconf 89' lang='lat' dir='ltr'><strong>hoc</strong></span> <span class='ocrx_word' id='word_1_247' title='bbox 748 3056 782 3094; x_wconf 90' lang='lat' dir='ltr'><strong>ue</strong></span> <span class='ocrx_word' id='word_1_248' title='bbox 804 3056 887 3108; x_wconf 86' lang='lat' dir='ltr'><strong>posse</strong></span> <span class='ocrx_word' id='word_1_249' title='bbox 910 3039 1022 3106; x_wconf 90' lang='lat' dir='ltr'><strong>quidem</strong></span> <span class='ocrx_word' id='word_1_250' title='bbox 1044 3040 1246 3093; x_wconf 86' lang='grc' dir='ltr'>ἐπιδείκνυεθαι</span> 
     </span>
     <span class='ocr_line' id='line_1_27' title="bbox 101 3130 1245 3201; baseline 0.002 -17"><span class='ocrx_word' id='word_1_251' title='bbox 101 3130 161 3184; x_wconf 83' lang='lat' dir='ltr'><strong>dici</strong></span> <span class='ocrx_word' id='word_1_252' title='bbox 176 3132 305 3186; x_wconf 83' lang='lat' dir='ltr'><strong>videatur</strong></span> <span class='ocrx_word' id='word_1_253' title='bbox 323 3134 367 3200; x_wconf 85' lang='lat' dir='ltr'><strong>(cf.</strong></span> <span class='ocrx_word' id='word_1_254' title='bbox 386 3132 406 3196; x_wconf 95' lang='grc' dir='ltr'><strong>Ι,</strong></span> <span class='ocrx_word' id='word_1_255' title='bbox 424 3137 439 3185; x_wconf 85' lang='grc'>6</span> <span class='ocrx_word' id='word_1_256' title='bbox 457 3151 484 3201; x_wconf 88' lang='lat' dir='ltr'><strong>p.</strong></span> <span class='ocrx_word' id='word_1_257' title='bbox 504 3137 529 3195; x_wconf 85' lang='grc'><strong>8,</strong></span> <span class='ocrx_word' id='word_1_258' title='bbox 547 3136 603 3200; x_wconf 72' lang='grc'><strong>15),</strong></span> <span class='ocrx_word' id='word_1_259' title='bbox 626 3131 714 3185; x_wconf 90' lang='lat' dir='ltr'><strong>illud</strong></span> <span class='ocrx_word' id='word_1_260' title='bbox 735 3149 791 3186; x_wconf 91' lang='lat' dir='ltr'><strong>uon</strong></span> <span class='ocrx_word' id='word_1_261' title='bbox 810 3135 854 3185; x_wconf 84' lang='lat' dir='ltr'><strong>est</strong></span> <span class='ocrx_word' id='word_1_262' title='bbox 870 3132 911 3185; x_wconf 77' lang='lat' dir='ltr'><strong>Itu</strong></span> <span class='ocrx_word' id='word_1_263' title='bbox 929 3150 1036 3196; x_wconf 80' lang='lat' dir='ltr'><strong>rerum,</strong></span> <span class='ocrx_word' id='word_1_264' title='bbox 1059 3135 1163 3186; x_wconf 92' lang='lat' dir='ltr'><strong>utnon</strong></span> <span class='ocrx_word' id='word_1_265' title='bbox 1181 3132 1245 3186; x_wconf 93' lang='lat' dir='ltr'><strong>licu-</strong></span> 
     </span>
     <span class='ocr_line' id='line_1_28' title="bbox 101 3223 1245 3294; baseline 0 -15"><span class='ocrx_word' id='word_1_266' title='bbox 101 3223 160 3279; x_wconf 88' lang='lat' dir='ltr'><strong>erit</strong></span> <span class='ocrx_word' id='word_1_267' title='bbox 177 3224 263 3278; x_wconf 82' lang='lat' dir='ltr'><strong>etium</strong></span> <span class='ocrx_word' id='word_1_268' title='bbox 281 3226 493 3279; x_wconf 83' lang='grc' dir='ltr'>ἀποδείκνυεθαι</span> <span class='ocrx_word' id='word_1_269' title='bbox 510 3241 621 3294; x_wconf 88' lang='lat' dir='ltr'><strong>ponere.</strong></span> <span class='ocrx_word' id='word_1_270' title='bbox 659 3225 806 3279; x_wconf 90' lang='lat' dir='ltr'><strong>Librorum</strong></span> <span class='ocrx_word' id='word_1_271' title='bbox 825 3241 960 3279; x_wconf 85' lang='lat' dir='ltr'><strong>consensu</strong></span> <span class='ocrx_word' id='word_1_272' title='bbox 983 3228 1111 3292; x_wconf 85' lang='grc' dir='ltr'>λαμπρὰ(</span> <span class='ocrx_word' id='word_1_273' title='bbox 1134 3226 1245 3291; x_wconf 83' lang='grc' dir='ltr'>πράξει(</span> 
     </span>
     <span class='ocr_line' id='line_1_29' title="bbox 100 3318 1246 3386; baseline 0 -14"><span class='ocrx_word' id='word_1_274' title='bbox 100 3319 288 3372; x_wconf 62' lang='lat' dir='ltr'><strong>emoreretur</strong></span> <span class='ocrx_word' id='word_1_275' title='bbox 305 3318 392 3372; x_wconf 82' lang='lat' dir='ltr'><strong>hebes</strong></span> <span class='ocrx_word' id='word_1_276' title='bbox 411 3334 478 3373; x_wconf 84' lang='lat' dir='ltr'><strong>sane</strong></span> <span class='ocrx_word' id='word_1_277' title='bbox 500 3336 527 3386; x_wconf 91' lang='lat' dir='ltr'><strong>p.</strong></span> <span class='ocrx_word' id='word_1_278' title='bbox 548 3325 572 3383; x_wconf 86' lang='grc'><strong>5,</strong></span> <span class='ocrx_word' id='word_1_279' title='bbox 594 3325 635 3384; x_wconf 71' lang='lat' dir='ltr'><strong>le,</strong></span> <span class='ocrx_word' id='word_1_280' title='bbox 659 3320 790 3385; x_wconf 87' lang='grc' dir='ltr'>λαμπρὸν</span> <span class='ocrx_word' id='word_1_281' title='bbox 813 3320 896 3384; x_wconf 82' lang='grc' dir='ltr'>ἔργον</span> <span class='ocrx_word' id='word_1_282' title='bbox 919 3320 1135 3383; x_wconf 83' lang='grc' dir='ltr'>ἐπιδεδειγμένοι</span> <span class='ocrx_word' id='word_1_283' title='bbox 1153 3318 1186 3379; x_wconf 86' lang='grc' dir='ltr'><strong>ΙΙ,</strong></span> <span class='ocrx_word' id='word_1_284' title='bbox 1205 3325 1246 3384; x_wconf 80' lang='grc'><strong>30,</strong></span> 
     </span>
     <span class='ocr_line' id='line_1_30' title="bbox 100 3408 1245 3479; baseline 0 -16"><span class='ocrx_word' id='word_1_285' title='bbox 100 3408 333 3464; x_wconf 84' lang='lat' dir='ltr'><strong>dissentientibus</strong></span> <span class='ocrx_word' id='word_1_286' title='bbox 351 3410 416 3465; x_wconf 90' lang='lat' dir='ltr'><strong>solis</strong></span> <span class='ocrx_word' id='word_1_287' title='bbox 436 3416 459 3463; x_wconf 85' lang='grc' dir='ltr'><em>Α</em></span> <span class='ocrx_word' id='word_1_288' title='bbox 466 3415 506 3464; x_wconf 86' lang='lat' dir='ltr'><strong>Va</strong></span> <span class='ocrx_word' id='word_1_289' title='bbox 524 3411 636 3477; x_wconf 84' lang='grc' dir='ltr'>πράξει(</span> <span class='ocrx_word' id='word_1_290' title='bbox 658 3411 837 3465; x_wconf 81' lang='grc' dir='ltr'>ἐπεδείξαντο</span> <span class='ocrx_word' id='word_1_291' title='bbox 855 3428 882 3479; x_wconf 90' lang='lat' dir='ltr'><strong>p.</strong></span> <span class='ocrx_word' id='word_1_292' title='bbox 903 3416 926 3475; x_wconf 81' lang='grc'><strong>6,</strong></span> <span class='ocrx_word' id='word_1_293' title='bbox 945 3417 989 3475; x_wconf 74' lang='grc'><strong>21,</strong></span> <span class='ocrx_word' id='word_1_294' title='bbox 1013 3411 1086 3477; x_wconf 90' lang='lat' dir='ltr'><strong>quod</strong></span> <span class='ocrx_word' id='word_1_295' title='bbox 1105 3427 1189 3479; x_wconf 83' lang='lat' dir='ltr'><strong>aegre</strong></span> <span class='ocrx_word' id='word_1_296' title='bbox 1206 3410 1245 3463; x_wconf 90' lang='lat' dir='ltr'><strong>in-</strong></span> 
     </span>
     <span class='ocr_line' id='line_1_31' title="bbox 98 3502 1244 3573; baseline -0.001 -15"><span class='ocrx_word' id='word_1_297' title='bbox 98 3503 224 3572; x_wconf 74' lang='lat' dir='ltr'><strong>telleges</strong></span> <span class='ocrx_word' id='word_1_298' title='bbox 248 3520 295 3557; x_wconf 90' lang='lat' dir='ltr'><strong>cur</strong></span> <span class='ocrx_word' id='word_1_299' title='bbox 317 3504 368 3558; x_wconf 91' lang='lat' dir='ltr'><strong>hoc</strong></span> <span class='ocrx_word' id='word_1_300' title='bbox 395 3502 571 3573; x_wconf 87' lang='lat' dir='ltr'><strong>potissimum</strong></span> <span class='ocrx_word' id='word_1_301' title='bbox 598 3503 659 3557; x_wconf 88' lang='lat' dir='ltr'><strong>loco</strong></span> <span class='ocrx_word' id='word_1_302' title='bbox 687 3502 829 3572; x_wconf 84' lang='lat' dir='ltr'><strong>Stephano</strong></span> <span class='ocrx_word' id='word_1_303' title='bbox 853 3505 882 3557; x_wconf 91' lang='lat' dir='ltr'><strong>et</strong></span> <span class='ocrx_word' id='word_1_304' title='bbox 904 3503 1036 3557; x_wconf 85' lang='lat' dir='ltr'><strong>Hudsono</strong></span> <span class='ocrx_word' id='word_1_305' title='bbox 1064 3503 1244 3572; x_wconf 84' lang='lat' dir='ltr'><strong>displicuerit,</strong></span> 
     </span>
     <span class='ocr_line' id='line_1_32' title="bbox 98 3594 1245 3665; baseline 0 -15"><span class='ocrx_word' id='word_1_306' title='bbox 98 3594 287 3650; x_wconf 85' lang='lat' dir='ltr'><strong>dissentieute</strong></span> <span class='ocrx_word' id='word_1_307' title='bbox 308 3599 521 3652; x_wconf 76' lang='grc' dir='ltr'>Βέπεδείὶαεθε</span> <span class='ocrx_word' id='word_1_308' title='bbox 544 3598 650 3663; x_wconf 82' lang='grc' dir='ltr'>ἀρετήν</span> <span class='ocrx_word' id='word_1_309' title='bbox 672 3595 722 3659; x_wconf 86' lang='lat' dir='ltr'><strong>VI,</strong></span> <span class='ocrx_word' id='word_1_310' title='bbox 745 3601 785 3650; x_wconf 83' lang='grc'><strong>85.</strong></span> <span class='ocrx_word' id='word_1_311' title='bbox 828 3595 931 3650; x_wconf 79' lang='lat' dir='ltr'><strong>Contra</strong></span> <span class='ocrx_word' id='word_1_312' title='bbox 959 3596 1035 3650; x_wconf 83' lang='lat' dir='ltr'><strong>nulle</strong></span> <span class='ocrx_word' id='word_1_313' title='bbox 1058 3596 1245 3665; x_wconf 78' lang='lat' dir='ltr'><strong>discrepantis</strong></span> 
     </span>
     <span class='ocr_line' id='line_1_33' title="bbox 98 3687 1245 3758; baseline 0 -16"><span class='ocrx_word' id='word_1_314' title='bbox 98 3687 260 3756; x_wconf 77' lang='lat' dir='ltr'><strong>scripturae</strong></span> <span class='ocrx_word' id='word_1_315' title='bbox 278 3690 470 3744; x_wconf 77' lang='grc' dir='ltr'>ἀποδείξαεθαι</span> <span class='ocrx_word' id='word_1_316' title='bbox 488 3691 581 3744; x_wconf 84' lang='lat' dir='ltr'><strong>exstat</strong></span> <span class='ocrx_word' id='word_1_317' title='bbox 592 3707 618 3758; x_wconf 92' lang='lat' dir='ltr'><strong>p.</strong></span> <span class='ocrx_word' id='word_1_318' title='bbox 634 3695 685 3753; x_wconf 86' lang='lat'><strong>·2,6</strong></span> <span class='ocrx_word' id='word_1_319' title='bbox 704 3691 875 3756; x_wconf 78' lang='lat' dir='ltr'><strong>(neprouctuv</strong></span> <span class='ocrx_word' id='word_1_320' title='bbox 892 3695 942 3756; x_wconf 80' lang='grc' dir='ltr'><strong>τῆ(</strong></span> <span class='ocrx_word' id='word_1_321' title='bbox 962 3693 1026 3756; x_wconf 83' lang='grc' dir='ltr'>περί</span> <span class='ocrx_word' id='word_1_322' title='bbox 1045 3692 1146 3754; x_wconf 83' lang='grc' dir='ltr'>λόγου(</span> <span class='ocrx_word' id='word_1_323' title='bbox 1165 3690 1245 3743; x_wconf 88' lang='grc' dir='ltr'>δυνά-</span> 
     </span>
     <span class='ocr_line' id='line_1_34' title="bbox 96 3780 1244 3849; baseline 0 -13"><span class='ocrx_word' id='word_1_324' title='bbox 96 3782 208 3849; x_wconf 84' lang='grc' dir='ltr'>μεωε),</span> <span class='ocrx_word' id='word_1_325' title='bbox 226 3780 264 3834; x_wconf 93' lang='lat' dir='ltr'><strong>VI</strong></span> <span class='ocrx_word' id='word_1_326' title='bbox 271 3825 276 3834; x_wconf 85' lang='lat'><strong>.</strong></span> <span class='ocrx_word' id='word_1_327' title='bbox 295 3788 327 3835; x_wconf 80' lang='lat'><strong>43</strong></span> <span class='ocrx_word' id='word_1_328' title='bbox 350 3786 419 3836; x_wconf 85' lang='lat' dir='ltr'><strong>extr.</strong></span> <span class='ocrx_word' id='word_1_329' title='bbox 440 3785 591 3847; x_wconf 76' lang='grc' dir='ltr'>(εὔνοιαν),</span> <span class='ocrx_word' id='word_1_330' title='bbox 609 3781 674 3848; x_wconf 88' lang='lat' dir='ltr'>VII,</span> <span class='ocrx_word' id='word_1_331' title='bbox 693 3790 725 3837; x_wconf 81' lang='grc'><strong>45</strong></span> <span class='ocrx_word' id='word_1_332' title='bbox 750 3785 887 3849; x_wconf 67' lang='grc' dir='ltr'>(ἀρετάς),</span> <span class='ocrx_word' id='word_1_333' title='bbox 905 3782 983 3845; x_wconf 83' lang='lat' dir='ltr'>VIII,</span> <span class='ocrx_word' id='word_1_334' title='bbox 1003 3788 1035 3836; x_wconf 82' lang='grc'><strong>54</strong></span> <span class='ocrx_word' id='word_1_335' title='bbox 1055 3784 1244 3849; x_wconf 71' lang='grc' dir='ltr'>ιεὺεργεάαε),</span> 
     </span>
     <span class='ocr_line' id='line_1_35' title="bbox 94 3872 1245 3943; baseline -0.001 -14"><span class='ocrx_word' id='word_1_336' title='bbox 94 3872 181 3937; x_wconf 84' lang='lat' dir='ltr'>VIII,</span> <span class='ocrx_word' id='word_1_337' title='bbox 201 3877 233 3927; x_wconf 83' lang='grc'><strong>67</strong></span> <span class='ocrx_word' id='word_1_338' title='bbox 256 3874 328 3928; x_wconf 83' lang='lat' dir='ltr'><strong>med.</strong></span> <span class='ocrx_word' id='word_1_339' title='bbox 348 3877 427 3943; x_wconf 85' lang='grc' dir='ltr'>(ἔργα</span> <span class='ocrx_word' id='word_1_340' title='bbox 444 3877 585 3940; x_wconf 85' lang='grc' dir='ltr'>γενναῖα),</span> <span class='ocrx_word' id='word_1_341' title='bbox 609 3875 660 3940; x_wconf 90' lang='lat' dir='ltr'><strong>XI,</strong></span> <span class='ocrx_word' id='word_1_342' title='bbox 683 3882 711 3928; x_wconf 83' lang='lat'><strong>19</strong></span> <span class='ocrx_word' id='word_1_343' title='bbox 730 3876 856 3942; x_wconf 88' lang='grc' dir='ltr'>((οφίαν,</span> <span class='ocrx_word' id='word_1_344' title='bbox 880 3875 926 3928; x_wconf 88' lang='lat' dir='ltr'><strong>ubi</strong></span> <span class='ocrx_word' id='word_1_345' title='bbox 950 3875 1049 3929; x_wconf 89' lang='lat' dir='ltr'><strong>mirere</strong></span> <span class='ocrx_word' id='word_1_346' title='bbox 1068 3874 1245 3943; x_wconf 84' lang='lat' dir='ltr'><strong>Sylburgium</strong></span> 
     </span>
     <span class='ocr_line' id='line_1_36' title="bbox 90 3967 1243 4037; baseline -0.001 -16"><span class='ocrx_word' id='word_1_347' title='bbox 90 3968 331 4032; x_wconf 82' lang='grc' dir='ltr'>ἐπιδεικνύμενα(</span> <span class='ocrx_word' id='word_1_348' title='bbox 349 3967 513 4035; x_wconf 88' lang='lat' dir='ltr'><strong>requirere),</strong></span> <span class='ocrx_word' id='word_1_349' title='bbox 531 3968 583 4032; x_wconf 90' lang='lat' dir='ltr'><strong>XI,</strong></span> <span class='ocrx_word' id='word_1_350' title='bbox 603 3976 635 4022; x_wconf 82' lang='grc'><strong>59</strong></span> <span class='ocrx_word' id='word_1_351' title='bbox 654 3970 777 4036; x_wconf 76' lang='grc' dir='ltr'>(πράξειε</span> <span class='ocrx_word' id='word_1_352' title='bbox 795 3974 875 4035; x_wconf 84' lang='grc' dir='ltr'>τιμῆ(</span> <span class='ocrx_word' id='word_1_353' title='bbox 894 3969 997 4034; x_wconf 85' lang='grc' dir='ltr'>ἀξία();</span> <span class='ocrx_word' id='word_1_354' title='bbox 1027 3967 1133 4037; x_wconf 89' lang='lat' dir='ltr'><strong>perlevi</strong></span> <span class='ocrx_word' id='word_1_355' title='bbox 1151 3971 1243 4022; x_wconf 83' lang='lat' dir='ltr'><strong>sutem</strong></span> 
     </span>
     <span class='ocr_line' id='line_1_37' title="bbox 87 4060 1244 4129; baseline -0.002 -13"><span class='ocrx_word' id='word_1_356' title='bbox 87 4062 152 4126; x_wconf 86' lang='grc' dir='ltr'><strong>ΙΙΙ,</strong></span> <span class='ocrx_word' id='word_1_357' title='bbox 177 4067 189 4113; x_wconf 98' lang='grc'><strong>1</strong></span> <span class='ocrx_word' id='word_1_358' title='bbox 211 4061 239 4112; x_wconf 90' lang='lat' dir='ltr'><strong>et</strong></span> <span class='ocrx_word' id='word_1_359' title='bbox 256 4060 303 4124; x_wconf 89' lang='lat' dir='ltr'>III,</span> <span class='ocrx_word' id='word_1_360' title='bbox 322 4068 366 4125; x_wconf 81' lang='grc'><strong>61,</strong></span> <span class='ocrx_word' id='word_1_361' title='bbox 385 4060 432 4114; x_wconf 89' lang='lat' dir='ltr'><strong>ubi</strong></span> <span class='ocrx_word' id='word_1_362' title='bbox 451 4061 525 4128; x_wconf 92' lang='lat' dir='ltr'><strong>quod</strong></span> <span class='ocrx_word' id='word_1_363' title='bbox 542 4061 571 4114; x_wconf 89' lang='lat' dir='ltr'><strong>in</strong></span> <span class='ocrx_word' id='word_1_364' title='bbox 590 4061 655 4115; x_wconf 90' lang='lat' dir='ltr'><strong>solis</strong></span> <span class='ocrx_word' id='word_1_365' title='bbox 674 4061 736 4116; x_wconf 89' lang='lat' dir='ltr'><strong>edd.</strong></span> <span class='ocrx_word' id='word_1_366' title='bbox 756 4061 887 4129; x_wconf 83' lang='lat' dir='ltr'><strong>vulgetur</strong></span> <span class='ocrx_word' id='word_1_367' title='bbox 906 4063 1012 4127; x_wconf 82' lang='grc' dir='ltr'>μεγάλα</span> <span class='ocrx_word' id='word_1_368' title='bbox 1030 4064 1098 4128; x_wconf 85' lang='grc' dir='ltr'>ἔργα</span> <span class='ocrx_word' id='word_1_369' title='bbox 1114 4063 1244 4116; x_wconf 78' lang='grc' dir='ltr'>ἐπιδειξά-</span> 
     </span>
     <span class='ocr_line' id='line_1_38' title="bbox 83 4153 1243 4226; baseline -0.002 -17"><span class='ocrx_word' id='word_1_370' title='bbox 83 4169 186 4226; x_wconf 86' lang='grc' dir='ltr'>μενο(</span> <span class='ocrx_word' id='word_1_371' title='bbox 207 4154 237 4205; x_wconf 86' lang='lat' dir='ltr'><strong>et</strong></span> <span class='ocrx_word' id='word_1_372' title='bbox 253 4155 361 4219; x_wconf 89' lang='grc' dir='ltr'>τόλμαν</span> <span class='ocrx_word' id='word_1_373' title='bbox 379 4156 614 4220; x_wconf 81' lang='grc' dir='ltr'>ἐπιδεικνύμενοε,</span> <span class='ocrx_word' id='word_1_374' title='bbox 633 4172 667 4209; x_wconf 81' lang='lat' dir='ltr'><strong>ex</strong></span> <span class='ocrx_word' id='word_1_375' title='bbox 685 4159 736 4208; x_wconf 82' lang='lat' dir='ltr'><strong>AB</strong></span> <span class='ocrx_word' id='word_1_376' title='bbox 749 4155 955 4222; x_wconf 80' lang='lat' dir='ltr'><strong>corrigendum:</strong></span> <span class='ocrx_word' id='word_1_377' title='bbox 974 4157 1122 4223; x_wconf 85' lang='lat' dir='ltr'><strong>praeterea</strong></span> <span class='ocrx_word' id='word_1_378' title='bbox 1141 4153 1243 4208; x_wconf 85' lang='lat' dir='ltr'><strong>codicis</strong></span> 
     </span>
     <span class='ocr_line' id='line_1_39' title="bbox 79 4243 1241 4317; baseline -0.002 -13"><span class='ocrx_word' id='word_1_379' title='bbox 79 4258 112 4309; x_wconf 86' lang='lat' dir='ltr'><em>A</em></span> <span class='ocrx_word' id='word_1_380' title='bbox 135 4243 316 4304; x_wconf 78' lang='lat' dir='ltr'><strong>auctoritate</strong></span> <span class='ocrx_word' id='word_1_381' title='bbox 342 4247 495 4312; x_wconf 80' lang='lat' dir='ltr'><strong>firmatum,</strong></span> <span class='ocrx_word' id='word_1_382' title='bbox 523 4265 692 4315; x_wconf 84' lang='lat' dir='ltr'><strong>quamquem</strong></span> <span class='ocrx_word' id='word_1_383' title='bbox 716 4248 891 4317; x_wconf 78' lang='lat' dir='ltr'><strong>discrepante</strong></span> <span class='ocrx_word' id='word_1_384' title='bbox 911 4251 943 4312; x_wconf 90' lang='lat' dir='ltr'><strong>B,</strong></span> <span class='ocrx_word' id='word_1_385' title='bbox 962 4249 1158 4303; x_wconf 77' lang='grc' dir='ltr'>ἀποδείξαιθαι</span> <span class='ocrx_word' id='word_1_386' title='bbox 1180 4265 1241 4314; x_wconf 91' lang='grc' dir='ltr'>γεν-</span> 
     </span>
     <span class='ocr_line' id='line_1_40' title="bbox 76 4337 670 4407; baseline -0.005 -12"><span class='ocrx_word' id='word_1_387' title='bbox 76 4343 184 4406; x_wconf 65' lang='grc' dir='ltr'>ναῖόν</span> <span class='ocrx_word' id='word_1_388' title='bbox 204 4354 233 4390; x_wconf 86' lang='grc' dir='ltr'><strong>τι</strong></span> <span class='ocrx_word' id='word_1_389' title='bbox 251 4337 298 4400; x_wconf 91' lang='grc' dir='ltr'><strong>ΙΙΙ,</strong></span> <span class='ocrx_word' id='word_1_390' title='bbox 317 4346 340 4401; x_wconf 90' lang='grc'><strong>5,</strong></span> <span class='ocrx_word' id='word_1_391' title='bbox 358 4341 464 4407; x_wconf 82' lang='grc' dir='ltr'>ἀρετήν</span> <span class='ocrx_word' id='word_1_392' title='bbox 482 4338 528 4405; x_wconf 84' lang='lat' dir='ltr'><strong>VI,</strong></span> <span class='ocrx_word' id='word_1_393' title='bbox 546 4347 578 4394; x_wconf 82' lang='grc'><strong>43</strong></span> <span class='ocrx_word' id='word_1_394' title='bbox 598 4341 670 4394; x_wconf 89' lang='lat' dir='ltr'><strong>med.</strong></span> 
     </span>
    </p>
   </div>
   <div class='ocr_carea' id='block_1_8' title="bbox 0 0 1466 4996">
    <p class='ocr_par' dir='ltr' id='par_1_9' title="bbox 0 0 1466 4996">
     <span class='ocr_line' id='line_1_41' title="bbox 0 0 1466 4996; baseline 0 2"><span class='ocrx_word' id='word_1_395' title='bbox 0 0 1466 4996; x_wconf 95' lang='lat' dir='ltr'><strong> </strong></span> 
     </span>
    </p>
   </div>
  </div>
 </body>
</html>
