3008 5002
269 295 333 359 210
619 309 775 358 τκπτπκιτ
797 311 1057 360 Ριιουκοοκυιικ

271 466 312 529 ού
341 468 438 543 μέλον
467 466 528 528 ἐςτί
556 486 624 544 μοι,
653 465 745 528 ὅπως
774 466 813 529 ἂν
842 466 892 529 καὶ
915 467 1097 543 ’καλέςειας,
1131 464 1192 529 εἴτε
1222 464 1362 541 εἵςοδον,
1390 465 1409 543 ἢ

270 575 447 649 είςέλευςιν,
476 576 494 651 ἢ
517 574 678 651 ἐπήλυςιν,
701 576 720 652 ἢ
743 575 895 653 ἐπίβαςιν,
925 576 944 652 ἢ
967 576 1113 654 πάροδον
1135 575 1154 651 ἢ
1177 575 1368 653 παράβαςιν,
1390 576 1435 652 ἢι

269 683 377 747 ἄλλως
399 703 471 746 πως
494 684 654 761 ςημαίνων
676 684 773 747 ταύτό
795 722 837 729 -
859 683 999 747 εἰςελθάν
1029 683 1088 746 οὑν
1118 684 1167 746 καὶ
1188 685 1341 762 παραβάν
1368 685 1410 748 εἰς

268 794 326 870 τὴν
354 793 531 870 όρχήςτραν
559 797 658 856 τοὺτο
688 794 725 855 τά
754 794 889 870 ςύςτημα
910 796 986 867 πάν,
1002 794 1034 855 ’ὃ
1057 794 1106 855 καί
1133 793 1232 870 χορὸς
1255 793 1408 865 ἐκαλεῖτο,

268 902 352 979 πρὸς
374 902 450 964 τοὺς
472 902 644 980 ὑποκριτάς
667 902 784 976 λόγους
805 902 1013 979 ποιούμενον,
1036 902 1073 964 τὸ
1088 902 1266 979 πρόςωπον
1290 903 1408 980 βλέπον

269 1009 336 1089 είχε
358 1011 441 1089 πρὸς
463 1013 522 1088 τὴν
544 1011 674 1087 ςκηνήν·
697 1011 894 1076 ἐξελθόντων
918 1013 953 1074 δὲ
975 1014 1041 1074 τῶν
1063 1009 1244 1089 ὑποκριτῶν
1266 1012 1351 1089 πρὸς
1374 1011 1409 1075 τὸ

268 1123 328 1182 τοὺ
357 1120 458 1196 δήμου
485 1120 581 1197 μέρος
611 1119 794 1199 ἐςτρέφετο,
825 1120 904 1197 ἢτὸ
930 1120 1034 1183 δεξιὸν
1057 1121 1076 1196 ἢ
1098 1120 1135 1182 τὸ
1158 1119 1339 1198 άριςτερόν,
1361 1122 1409 1183 καὶ
1422 1141 1443 1176 10

270 1229 367 1292 πάλιν
391 1228 623 1307 ἀντεςτρέφετο
645 1231 727 1307 πρός
749 1230 787 1292 τὸ
811 1229 922 1306 ἕτερον
939 1230 987 1291 καί
1011 1228 1101 1303 ἐλεγέ
1124 1250 1151 1291 τι
1167 1228 1330 1307 ἑκατέροις
1346 1235 1411 1293 τοῖς

268 1339 404 1416 μέρεςιν,
432 1335 502 1400 εἶτα
528 1338 693 1416 ἐξήρχετο,
724 1338 773 1400 καὶ
795 1339 887 1401 τέλος
908 1338 946 1399 τό
968 1340 1071 1415 δράμα
1092 1337 1260 1415 ἐλάμβανε.
1304 1339 1412 1402 Ῑαὺτα

269 1450 326 1525 μὲν
342 1446 420 1523 ἠςαν
436 1435 623 1525 πρακτικάδ
638 1448 714 1524 μέρη
730 1451 788 1510 τού
803 1447 978 1523 δράματος,
994 1446 1013 1523 ἡ
1029 1446 1219 1525 παράβαςις,
1240 1446 1260 1523 ἡ
1277 1451 1413 1527 (τροφὴ,

270 1556 525 1635 ἡάντίςτροφος
554 1558 603 1619 καί
632 1556 651 1632 ἡ
680 1554 807 1619 ἔξοδος·
836 1557 886 1618 καὶ
916 1556 1027 1630 λογικά
1054 1557 1130 1632 μέρη
1154 1555 1251 1632 αὑτῆς
1266 1545 1304 1631 δ,
1328 1556 1413 1620 ἀντι-

270 1666 444 1744 παρόβαςις
474 1665 574 1741 ἤγουν
602 1667 754 1742 πρώτως,
783 1666 942 1742 δευτέρως
970 1665 1148 1743 πρόλογος,
1178 1666 1228 1728 καὶ
1257 1666 1329 1730 ἀντὶ
1356 1669 1412 1742 τῆς
1426 1689 1450 1726 ιι

270 1779 411 1853 ςτροφῆς
440 1776 489 1837 καὶ
516 1777 573 1851 τῆς
601 1774 815 1853 άντιςτρόφου
843 1774 936 1848 λόγια
963 1775 1013 1835 καί
1040 1771 1124 1855 ᾡδάς
1148 1775 1197 1836 καὶ
1221 1774 1414 1856 ἀντψδάςῆ

269 1885 467 1961 ἐπιρρήματα
495 1884 544 1946 καὶ
572 1883 826 1961 ἀντεπιρρήματα
854 1882 971 1957 εἴποις,
1006 1882 1046 1944 ού
1074 1883 1279 1960 διαμάχομαι·
1315 1884 1366 1945 καὶ
1393 1884 1413 1959 ἡ

271 1992 383 2055 ἔξοδος
404 1994 424 2069 ἡ
448 1994 514 2074 ᾡδὴ
538 1993 588 2054 καί
609 1993 647 2054 τό
671 1991 753 2069 ῥῆμα
767 1996 826 2055 τού
848 1993 1007 2069 δράματος
1027 1992 1065 2054 τό
1084 1991 1316 2068 ἐπιτελεύτιον,
1339 1992 1359 2054 ά
1383 1992 1414 2053 οί

270 2101 397 2178 αἰθέριοι
420 2102 469 2163 καὶ
492 2101 753 2178 οὑρανοβάμονες
773 2102 924 2163 λαλούςιν
946 2100 1053 2177 ὥςπερ
1076 2102 1240 2164 λαλοὺςιν·
1263 2101 1354 2178 ἔχετε
1378 2102 1414 2163 δὲ

269 2214 436 2292 ταῦτατῷ
459 2209 582 2272 ἐαθέντι
604 2230 656 2286 μοι
678 2210 852 2292 προοιμίῳ,
881 2209 963 2270 ἀλλά
984 2209 1106 2286 μακράν
1135 2209 1244 2272 αὑτῶν
1273 2209 1413 2286 άποτρέ-
1427 2234 1450 2268 ιι

270 2339 374 2397 χοιτε,
398 2320 437 2395 μὴ
459 2321 509 2380 καί
532 2319 630 2381 άκοάς
653 2317 743 2394 ὑμῶν
766 2319 815 2381 καὶ
837 2319 942 2396 ψυχάς
965 2317 1178 2394 λυμανθείητε.
1223 2318 1333 2380 Ταῦτα
1355 2320 1414 2393 μὲν

270 2429 309 2491 τά
330 2417 352 2490 δ
372 2428 449 2504 μέρη
472 2431 649 2506 πρακτικῶς
671 2447 705 2490 τε
727 2429 777 2489 καί
799 2429 934 2501 λογικῶς
956 2430 1022 2489 τῶν
1045 2429 1245 2503 δραματικῶν
1275 2428 1413 2503 ποιημά-

269 2557 336 2599 των
365 2535 520 2612 ὑπῆρχεν·
549 2543 614 2599 τῶν
643 2538 678 2599 δὲ
707 2538 843 2613 λυρικῶν
874 2535 1123 2613 ςυγγραμμάτων
1158 2535 1229 2612 τρία
1258 2534 1338 2611 ῆςαν
1373 2537 1435 2599 τά

271 2647 364 2724 μέρη,
393 2646 567 2722 ςτροφικόν
594 2646 643 2707 καὶ
671 2644 915 2722 άντιςτροφικὸν
945 2644 1051 2718 λόγια,
1085 2643 1237 2721 ἑκάτερον
1267 2644 1413 2726 ἑκατέρῳ

269 2755 449 2833 ίςαρίθμους
474 2753 551 2830 ἔχον
578 2755 654 2816 τοὺς
682 2754 821 2830 ςτίχους,
849 2754 898 2815 καὶ
926 2753 1051 2830 μέτρων
1077 2756 1144 2816 τῶν
1173 2752 1299 2817 αὐτῶν·
1327 2755 1448 2832 πρὸςθ

269 2867 337 2927 τοῖς
359 2866 541 2942 ςτροφικοῖς
564 2865 599 2926 δὲ
621 2863 670 2924 καὶ
693 2862 946 2940 άντιςτροφικοῖς
967 2862 1074 2940 τρίτον
1096 2860 1136 2938 ἠν
1158 2863 1254 2939 μέρος
1270 2863 1412 2945 τάέπιμ-

270 2974 358 3036 δικόν
383 2972 504 3048 λόγιον,
527 2970 706 3048 ὁμωνύμως
728 2972 778 3033 καὶ
792 2973 891 3033 ταύτα
913 2971 1069 3048 λεγόμενα
1090 2973 1157 3033 τοῖς
1183 2967 1412 3050 ἑαυτῶνπρα·

270 3085 401 3157 κτικοῑς,
423 3087 460 3162 τῇ
483 3101 516 3143 τε
540 3086 662 3162 ςτροφῇ
692 3081 742 3142 καὶ
771 3079 971 3161 ἀντιςτρόφιμ
995 3081 1044 3142 καί
1066 3081 1183 3163 ἐπψδῷ
1207 3080 1279 3156 ἤτοι
1306 3081 1411 3163 ἐξόδῳ

269 3192 319 3254 καί
341 3190 493 3255 ἐξελεύςει
508 3191 558 3252 καί
573 3190 723 3270 ἐπιλόγῳ.
761 3190 816 3252 Καί
830 3190 891 3267 γάρ
910 3189 959 3251 καὶ
976 3188 1005 3251 οί
1021 3189 1141 3267 λυρικοὶ
1156 3190 1238 3266 πρὸς
1255 3189 1411 3267 ἑκάτερον

268 3302 364 3378 μέρος
392 3303 450 3362 τοὺ
478 3300 579 3376 δήμου
601 3300 742 3375 ὁρῶντες
765 3298 965 3377 ἐφθέγγοντο
989 3299 1027 3361 τά
1049 3299 1221 3374 ποιήματα,
1251 3301 1302 3361 καὶ
1325 3301 1448 3363 τέλειυ

204 3425 251 3471 122
269 3413 326 3472 τοὺ
354 3409 514 3487 δράματος
541 3408 716 3485 μέλλοντος
745 3408 897 3470 παύεςθαι
918 3408 976 3470 τὸν
1000 3407 1131 3488 ἐπῳδὸν
1153 3407 1412 3486 ἐπεφθέγγοντο,

269 3519 339 3594 ἤτοι
371 3521 429 3596 τὴν
463 3517 596 3594 ὑςτέραν
631 3517 717 3598 ᾠδήν
751 3537 784 3579 τε
812 3517 861 3578 καὶ
889 3517 947 3579 τόν
976 3515 1140 3591 ἐπίλογον,
1171 3515 1213 3579 είς
1245 3517 1348 3596 εὐχάς
1375 3520 1413 3581 τό

270 3628 417 3703 πλεῑςτον
446 3627 545 3690 αὑτὸν
573 3609 812 3703 περικλείοντες.
856 3625 1035 3702 Προοίμιον
1064 3625 1098 3687 δὲ
1125 3626 1254 3689 τούτοις
1278 3626 1341 3690 οὑκ
1363 3627 1414 3704 ἦν,

271 3733 315 3796 ῶς
343 3734 489 3811 ἐκείνοις,
519 3734 568 3798 ότι
596 3734 659 3811 ἅμα
685 3740 731 3817 τῷ
762 3734 910 3797 είςελθεῑν
938 3733 981 3797 είς
1008 3734 1045 3796 τὸ
1073 3734 1209 3812 θέατρον
1240 3737 1327 3813 πρὸς
1356 3739 1414 3802 τάν

338 4023 388 4090 [10.
413 4025 575 4089 ἐςτρέφετο,
599 4040 654 4077 ιιοιι
677 4019 781 4091 έςτέφ.,
805 4017 875 4093 σού]
970 4026 1007 4079 w.
1031 4022 1103 4077 Αιιίο
1127 4023 1172 4078 καί
1197 4023 1290 4094 prius,
1315 4046 1334 4082 ιι
1359 4040 1412 4096 quo

270 4131 341 4166 nova
358 4114 462 4182 pagina
478 4114 586 4167 initium
605 4117 691 4184 capit,
714 4119 832 4170 alterum
852 4122 896 4170 καί
915 4117 942 4169 in
962 4119 1086 4170 extrema
1104 4117 1194 4170 altera
1218 4121 1331 4187 pagina
1349 4122 1412 4174 add.

270 4205 329 4257 cod.
382 4209 594 4272 ι2“ί.ὡμονύμως
614 4209 673 4261 cod.
726 4217 766 4262 30.
780 4214 832 4263 τού
852 4212 951 4277 δήμου]
964 4212 1088 4273 οὑδαμοθ
1108 4209 1169 4262 cod,
1227 4213 1414 4280 [1.ἐπεφθέγ·

269 4312 369 4363 γοντο,
388 4314 443 4349 non
460 4299 602 4366 ἐφθ.,οοά,]
