2904 4996
211 332 273 394 ’116
605 341 766 389 senunan
789 338 963 386 emmena.

211 497 360 581 loquendi
389 519 497 578 usum,
532 495 586 579 qui
608 493 711 578 qualis
739 492 782 556 sit
811 492 1023 576 cognoscetur
1052 490 1208 573 exemplis
1239 490 1358 574 aliquot

212 607 449 691 Aristophanis,
474 605 528 690 qui
551 605 585 668 in
607 603 691 667 Pace
713 625 744 667 v.
767 602 830 665 416
852 601 899 665 sio
922 604 970 664 est
991 601 1133 666 locutus:

457 726 539 805 apoc
561 725 662 796 ταῦτ’,
687 722 713 786 ὦ
736 722 806 803 φίλ’
828 723 933 801 Ἑρμῆ,
956 722 1126 800 ξύλλαβε

363 837 435 915 ἡμῖν
458 835 632 913 προθύμωε
654 834 749 912 τήνδε
772 833 822 896 καὶ
844 832 1104 905 ξυνέλκνεον,

364 945 425 1010 καί
453 965 501 1008 (οι
523 945 562 1008 τὰ
584 944 698 1024 μεγάλ’
722 943 809 1023 ήμεῑε
831 941 1032 1021 Παναθήναι’
1053 939 1211 1020 ἄξομεν.

213 1062 301 1127 Idem
323 1061 465 1126 Nubium
487 1086 516 1127 ν.
545 1062 640 1126 1494:

365 1181 434 1260 ἐμοὶ
457 1183 492 1246 δὲ
514 1183 590 1264 δᾷδ’
611 1180 813 1256 ἐνεγκάτω
835 1199 881 1243 τι(
903 1157 1054 1258 ἡμμένην,

365 1290 468 1367 κάγώ
490 1293 555 1356 τιν’
577 1290 685 1355 αὐτῶν
706 1290 845 1369 τήμερον
868 1291 982 1353 δοῦναι
1003 1288 1093 1367 δίκην

365 1401 435 1480 ἐμοὶ
457 1402 618 1480 ποιήτω.
939 1391 943 1399 ’

213 1518 299 1582 Pluti
322 1541 351 1582 ν.
379 1519 475 1582 1027:

365 1639 394 1701 τι
416 1639 478 1717 γάρ
497 1639 635 1717 ποιήεει;
658 1638 798 1718 φράζε,
821 1624 882 1700 Ικαὶ
904 1636 1154 1716 πεπράξεται,

214 1755 393 1838 Vesperum
414 1778 444 1819 v.
468 1756 546 1820 393:

366 1876 529 1952 ἐλέητον
553 1875 602 1938 καὶ
624 1881 749 1939 (dicos
774 1875 845 1940 νυνὶ
867 1875 924 1939 τὸν
947 1878 1063 1939 εαυτοῦ
1086 1876 1332 1954 πληειόχωρον,

366 1984 440 2047 κού
473 1986 623 2064 μήποτέ
658 2006 715 2048 (ον
742 1986 831 2064 παρὰ
862 1986 919 2049 τά(
951 1985 1070 2051 κάνναε
1099 1984 1261 2062 οὐρήεω
1290 1988 1363 2064 μηδ’

922 2093 1154 2174 ἀποπάρδω.

216 2213 349 2300 [Eadem
380 2213 463 2277 ratio
492 2217 541 2276 est
562 2213 716 2277 Messiani
740 2213 825 2277 illius
846 2217 983 2295 ζητεῖτε,
1012 2214 1060 2278 καὶ
1088 2212 1250 2293 εὑρήεετε.
1296 2213 1363 2277 Nec

215 2325 308 2388 aliter
335 2324 443 2388 Latini
475 2324 684 2407 posteriora,
716 2325 804 2388 velut
831 2324 953 2388 Seneca
975 2323 1128 2406 exemplis
1153 2347 1171 2387 a
1194 2324 1363 2408 Madvigio

215 2436 331 2518 Opusc.
349 2434 438 2498 acad.
457 2436 512 2499 alt.
530 2459 561 2518 p.
581 2436 641 2499 162
658 2434 926 2499 commemoratis:
950 2454 1130 2512 recoqnosce
1144 2447 1175 2497 et
1189 2442 1362 2515 intellcaes3

213 2552 376 2610 considera
399 2559 427 2609 et
454 2552 614 2623 intellepes.
659 2545 773 2619 Qualia
802 2568 820 2608 a
844 2544 996 2609 Cicerone
1025 2546 1213 2608 constanter
1243 2545 1314 2608 sine
1336 2557 1364 2607 et

214 2656 372 2738 particula
395 2655 458 2719 dici
482 2678 552 2718 eum
575 2654 756 2738 Madvigius
784 2655 965 2718 observavit
986 2658 1054 2717 tum
1077 2653 1229 2718 Halmius
1253 2660 1375 2720 noster.

215 2766 383 2829 adnotavit
405 2766 445 2828 ad
469 2765 692 2830 Catilinariam
713 2764 729 2827 1
753 2786 779 2828 o.
796 2765 826 2839 4,
850 2766 869 2829 8
892 2788 923 2848 p.
940 2765 981 2827 26
1004 2765 1052 2827 ed.
1078 2763 1184 2828 Berol.
1209 2788 1241 2827 a.
1269 2767 1361 2830 1863.

125 2956 129 2964 Ι
214 2876 264 2939 Ad
282 2876 494 2959 antiquiorem
510 2874 770 2939 consuetudinem
792 2874 918 2939 Persius
942 2897 1010 2938 sese
1032 2874 1226 2957 applicavit:
1254 2880 1362 2940 Teown

214 2992 364 3051 habitu:
387 2993 491 3050 noris
513 3007 603 3066 quam
625 2992 663 3049 sit
679 2992 735 3050 tibi
754 2998 844 3049 curta
857 2984 1017 3072 superea]
1049 2984 1124 3048 Vim
1141 2989 1253 3049 autem
1270 2986 1363 3050 istius

214 3096 485 3180 breviloquentiae
507 3096 738 3179 persentiscere
754 3096 832 3160 licet
851 3096 887 3158 in
909 3096 991 3158 Isaei
1008 3095 1078 3177 illo,
1104 3095 1232 3178 Assyrii
1257 3096 1362 3179 sophi-

213 3210 297 3289 stae,
322 3206 406 3289 apud
428 3206 659 3270 Philostratum
674 3204 759 3269 Vitis
782 3206 915 3289 sophist.
939 3229 970 3289 p.
987 3206 1051 3269 514
1067 3204 1116 3269 ed.
1134 3205 1246 3270 Olear.
1268 3205 1306 3293 [1‚
1323 3208 1364 3270 20

214 3339 245 3399 p.
268 3317 342 3400 218,
368 3316 407 3381 18
429 3316 558 3403 Kaysl:
592 3319 679 3382 οὕτω
702 3319 812 3396 ετῆτέ
839 3339 905 3397 μοι,
936 3317 1195 3395 Λακεδαιμόνιοι,
1224 3320 1289 3382 καὶ
1310 3339 1364 3382 τε-

213 3428 450 3507 τειχίεμεθα,
474 3427 557 3510 quod
572 3427 731 3510 prioribus
748 3428 811 3490 illis
827 3432 859 3490 et
881 3426 988 3510 paullo
1008 3425 1201 3489 insolentius
1218 3431 1254 3490 et
1279 3427 1364 3491 haud

213 3537 320 3619 paullo
343 3537 457 3600 fortius
480 3540 528 3600 est
550 3541 681 3620 propter
700 3538 880 3624 perfectum
901 3541 1036 3618 tempus.

297 3647 387 3710 lllius
414 3647 499 3710 modi
526 3651 633 3712 autem
660 3648 805 3731 exempla
833 3671 900 3712 non
928 3647 1052 3710 videtur
1080 3645 1274 3711 recordatus
1298 3671 1366 3711 esse

215 3757 253 3819 G.
278 3756 495 3840 Hermannus‚
520 3780 592 3822 cum
614 3759 648 3822 in
671 3759 810 3822 Aiacis
833 3757 1077 3841 Sophocleae
1100 3777 1195 3820 versu
1219 3759 1304 3823 516:

368 3934 375 3947 .
400 3935 406 3948 .
431 3937 438 3949 .
461 3936 468 3949 .
493 3887 528 3949 εὺ
550 3887 612 3966 γάρ
633 3908 687 3965 μοι
709 3887 840 3965 πατρίδ’
864 3888 1004 3969 ᾔττωεαε
1026 3885 1127 3963 δόρει,

365 3997 415 4059 καὶ
437 3997 548 4076 μητέρ’
570 3997 651 4075 άλλη
674 4001 769 4075 μοῖρα
791 3999 848 4062 τὸν
871 3994 1017 4076 φύεαντά
1038 4015 1075 4073 με

364 4108 508 4171 καθεῖλεν
531 4108 641 4171 Ἅιδου
664 4106 854 4186 θαναείμον(
880 4108 1047 4185 οἰκήτορα(
1067 4141 1110 4152 -

213 4240 263 4304 καί
284 4241 476 4323 particulam
499 4241 638 4305 alienam
661 4243 702 4307 ab
724 4242 873 4327 loquendi
903 4239 1131 4306 consuetudine
1163 4240 1368 4310 Graecorum

213 4349 366 4413 iudicavit
390 4349 435 4436 [in
459 4351 598 4416 editione
621 4354 723 4419 altera
746 4352 947 4440 anni182lrl.
986 4349 1104 4425 Quodsi
1128 4350 1273 4419 offendit
1297 4380 1368 4421 eum
