2896 4996
223 330 286 407 622
605 357 652 402 nu
676 355 745 403 ono
769 355 814 401 nr
836 355 977 403 oarouu.

223 514 295 591 περὶ
317 512 467 586 ἐθνικῶν,
497 530 583 572 nunc
611 508 688 571 satis
717 511 765 570 est
790 529 855 571 uno
882 507 980 570 verbo
1006 509 1146 570 moneri:
1183 507 1259 571 licet
1282 508 1362 571 nihil

223 618 432 684 dubitationis
465 618 543 682 Orio
575 616 846 700 ethnicographus
881 639 952 680 curn
980 617 1052 680 aliis
1080 618 1190 680 multis
1217 618 1364 681 iniecerit

222 734 292 793 tum
313 728 461 792 Berkelio
483 728 584 811 praef.
608 727 644 790 in
666 726 776 810 Steph.
801 726 878 810 Byz.
902 749 934 809 p.
959 726 1080 790 XVIII.

309 838 412 904 Semel
435 841 564 901 tantum
591 838 678 916 περὶ
705 837 901 916 διχρόνων
930 836 1012 900 liber
1041 841 1310 901 commemoratur
1332 837 1365 900 in

223 949 446 1033 Etymologico
468 947 572 1031 Regio
595 947 635 1009 ab
657 945 772 1009 Koesio
795 950 944 1029 excerpto
966 969 998 1029 p.
1024 947 1096 1030 190,
1119 948 1172 1029 30,
1204 969 1246 1010 ne
1269 948 1367 1010 semel

224 1059 360 1142 quidem,
386 1079 479 1141 quem
502 1059 589 1136 περὶ
612 1057 843 1132 ἐγκλιτικῶν
871 1058 1020 1137 μορίων
1050 1058 1091 1119 ab
1120 1057 1186 1121 Oro
1210 1058 1366 1140 scriptum

223 1168 336 1233 Suidas
367 1171 513 1231 testatur.
559 1165 681 1228 Eadem
713 1165 796 1228 ratio
829 1167 936 1229 omissi
965 1166 1049 1249 apud
1083 1166 1216 1231 Suidam
1250 1167 1368 1231 indicis

222 1281 311 1358 περὶ
333 1278 575 1356 πολυεήμων
597 1276 664 1339 sive
691 1277 1004 1355 πολυεημάντων
1032 1279 1196 1353 λέξεων,
1232 1299 1330 1360 quem
1352 1299 1370 1340 e

224 1393 371 1465 Cotaloao
403 1393 469 1451 cod.
504 1408 571 1451 mss.
603 1391 798 1450 bibliothecae
831 1391 948 1465 Βορέαο
979 1409 1009 1450 n.
1040 1396 1116 1450 604⁴
1133 1388 1301 1470 prolatum
1336 1388 1370 1450 in

222 1497 361 1576 Fabtii
384 1496 468 1560 Bibl.
493 1517 542 1581 gr.
566 1496 582 1558 I
604 1518 636 1578 p.
663 1496 722 1559 105
745 1499 777 1559 et
799 1495 846 1561 VI
868 1519 899 1579 p.
923 1496 987 1561 374
1009 1516 1069 1581 ego
1091 1496 1223 1580 quidem
1245 1498 1369 1561 frustra

222 1608 287 1671 illic
314 1607 465 1691 quaesivi.

307 1716 368 1782 Sed
392 1716 489 1781 alium
510 1717 587 1781 ilem
610 1715 723 1781 Suidas
746 1716 868 1799 omisit,
897 1738 990 1800 quem
1018 1716 1110 1780 valde
1130 1700 1235 1780 xnobis
1260 1721 1370 1802 grahi·

222 1826 326 1890 lamur
347 1830 509 1890 servatum*
531 1849 602 1890 cum
630 1849 648 1889 a
671 1825 796 1889 Zonara
822 1848 854 1908 p.
880 1803 965 1890 1669'
988 1830 1057 1889 tum
1086 1827 1122 1890 in
1145 1827 1368 1912 Etymologici

224 1937 332 2001 codice
354 1937 458 2021 Regio
480 1959 512 1999 n.
537 1938 599 2001 346
627 1936 760 2021 (Aduot.
793 1959 825 2019 p.
852 1937 932 2000 1036
955 1938 1067 2021 exta),
1096 1937 1151 1999 ubi
1183 1940 1234 2000 est
1264 1939 1370 2002 οὕτω(

222 2024 322 2127 Ὠροε
345 2048 364 2112 ὁ
388 2048 539 2126 Μιλήειο(
561 2049 650 2126 περὶ
672 2047 829 2111 πάθους.
874 2045 1031 2109 Vsitatius
1057 2050 1226 2129 exspectes
1251 2047 1370 2131 plurali

224 2179 355 2220 numero
377 2160 450 2237 περὶ
472 2161 595 2222 παθῶν.
641 2156 715 2219 Non
744 2160 792 2219 est
819 2160 945 2239 tamen,
982 2155 1163 2218 litterarum
1192 2138 1370 2221 memoriae

225 2290 279 2331 cur
311 2268 425 2331 leviter
456 2267 635 2330 illudamus
681 2265 799 2340 Quidni
832 2267 918 2329 enim
950 2266 1077 2350 singula
1106 2288 1254 2351 quaeque
1285 2269 1369 2345 πάθη

224 2377 534 2461 comprehendantur
549 2377 692 2461 generali
708 2376 811 2440 πάθο(
826 2376 966 2460 nomine,
990 2398 1083 2459 quem
1099 2376 1139 2439 ad
1156 2377 1291 2440 modum
1314 2382 1368 2455 τῆ(

222 2490 404 2574 προεῳδίαε
433 2488 609 2570 complures
632 2488 707 2550 sunt
731 2487 931 2572 προεῳδίαιῖ
973 2486 1042 2550 Nec
1070 2487 1280 2551 mediocriter
1309 2487 1368 2550 hoc

222 2599 322 2661 tutari
344 2597 558 2681 Etymologici
581 2597 625 2659 M.
649 2597 754 2661 verbis
778 2598 917 2660 conabor
938 2619 969 2680 p.
993 2596 1067 2678 382,
1091 2598 1149 2662 30:
1173 2602 1235 2662 τοῦ
1259 2599 1367 2662 ἐεταλ-

223 2710 287 2772 κώε
310 2708 369 2772 οὐκ
391 2707 460 2773 οἶδε
481 2709 539 2786 τὴν
563 2712 670 2787 χρῆον
693 2709 764 2785 περὶ
785 2708 916 2772 πάθους.
949 2706 1013 2770 Vbi
1036 2706 1076 2770 de
1090 2706 1283 2771 Herodiano
1299 2707 1366 2790 Syl-

222 2818 354 2902 burgius
378 2817 552 2901 cogitabat,
577 2818 664 2880 cuius
686 2820 760 2897 περὶ
775 2822 887 2884 παθῶν
909 2817 1026 2880 librum
1048 2818 1082 2879 in
1097 2817 1208 2900 Etym.
1226 2818 1274 2882 M.
1299 2839 1365 2881 sae·

123 2917 125 2921 ’
221 2928 351 3012 pissime
375 2927 467 2990 cltari
490 2927 605 2990 omisso
628 2928 766 2991 auctoris
782 2928 910 2991 nomine
925 2927 1025 2991 Index
1041 2927 1236 3010 scriptorum
1260 2929 1363 3009 docet,

222 3039 335 3121 quibus
363 3037 516 3119 exemplis
544 3036 624 3101 adde
647 3037 799 3102 Orionem
821 3060 852 3121 p.
876 3039 933 3120 57,
957 3038 1008 3102 34.
1055 3037 1117 3101 Sed
1139 3038 1176 3101 in
1204 3038 1364 3104 ἐεταλκώ(

222 3169 298 3212 voce
327 3170 398 3212 cum
426 3146 495 3211 οἶδε
524 3147 654 3210 verbum
682 3169 723 3210 ne
745 3148 888 3231 patiatur
909 3147 1036 3231 quidem
1057 3147 1198 3211 nominis
1221 3148 1363 3211 omissio

221 3280 306 3340 nem,
330 3262 398 3320 turn
420 3257 593 3341 siugularis
615 3280 764 3321 numerus
787 3259 905 3322 maiore
928 3258 995 3320 iure
1018 3258 1117 3322 Orum
1139 3259 1248 3340 poscit
1270 3280 1362 3343 quam

222 3366 450 3430 Herodianum.
493 3364 627 3453 [reihout
649 3367 743 3432 hodie
765 3368 817 3432 vix
841 3368 951 3431 dubito
973 3367 1051 3451 quin
1074 3367 1277 3432 confidenter
1300 3391 1361 3432 mu·

221 3476 355 3540 tandum
378 3477 475 3539 sitin
498 3477 632 3564 παθῶν]

305 3587 451 3670 Denique
489 3586 568 3650 satis
600 3587 735 3651 obscura
772 3589 838 3651 eius
870 3587 944 3651 libri
977 3587 1130 3650 memoria
1163 3590 1229 3669 est,
1272 3610 1361 3672 quem

170 3698 350 3762 :relucere
383 3697 613 3776 προτάεεων
645 3701 726 3762 τῶν
755 3699 998 3776 Ἡρωδιανοῦ
1025 3696 1220 3779 inscriptum
1251 3698 1362 3762 Suidas

221 3807 329 3869 refert.
375 3806 418 3869 Et
440 3807 607 3885 προτάοει(
637 3805 764 3888 quidem
792 3829 858 3870 non
885 3809 960 3869 srmt
988 3807 1070 3869 aliae
1099 3810 1195 3890 atque
1224 3810 1363 3889 προβλή-

219 3936 312 3995 ματα,
335 3918 473 3995 ζητήεει(
496 3919 529 3978 et
550 3918 724 3995 ζητήματα,
748 3918 919 3992 ἐνετάεειο,
949 3917 1079 3996 ἀπορίαι
1102 3919 1134 3978 et
1157 3917 1362 3999 ἀπορήματα,

220 4025 303 4109 quod
340 4025 577 4090 exercItationis
614 4048 716 4109 genus
750 4026 1041 4090 Alexandrinorum
1077 4028 1364 4109 grammaticorum

219 4134 399 4215 pererudite
422 4157 524 4218 nuper
539 4135 688 4199 Lchrsius
710 4136 864 4199 tractavit
885 4136 924 4199 de
939 4135 1127 4199 Aristarcho
1151 4159 1184 4219 p.
1200 4136 1270 4203 200
1284 4161 1363 4221 sqq.,

219 4265 286 4306 non
308 4244 362 4307 ille
385 4245 441 4308 Ori
464 4246 581 4309 oblitus
604 4270 635 4330 p.
659 4246 732 4310 229.
763 4246 876 4329 Itaque
900 4268 972 4309 cum
994 4245 1097 4328 primo
1119 4244 1160 4308 de
1183 4245 1365 4311 Herodicni

219 4353 471 4436 quaestiunculis
487 4355 678 4447 cogitassem
693 4377 747 4419 ore
762 4359 890 4419 tantum
905 4355 1087 4439 propositis,
1105 4355 1241 4420 auribus
1258 4361 1365 4422 autem
