2896 4996
462 319 508 365 ns
532 318 601 366 ouo
625 318 669 397 ur
692 318 833 365 omouu.
1156 303 1218 367 585

77 472 257 538 discedunt.
302 470 392 546 Quod
414 471 540 555 quidem
562 493 635 535 vere
664 472 800 536 sentiam
829 494 871 536 an
894 493 1000 554 secus,
1024 473 1070 535 sic
1093 472 1217 556 potissi-

77 605 166 647 mum
195 583 379 666 apparebit,
409 586 459 665 ut,
490 582 517 646 si
539 583 622 647 forte
645 582 775 647 edendis
795 583 860 646 illis
884 582 1115 667 Etymologicis
1138 583 1217 646 inte-

78 694 146 779 gris
170 714 287 777 operae
310 693 447 777 pretium
474 714 540 757 non
563 693 630 757 fieri
653 693 756 757 visum
777 693 890 775 fuerit,
916 697 1001 756 certe
1024 715 1088 756 una
1111 693 1218 777 aliqua

77 804 189 867 littera
219 825 258 867 ex
286 803 421 888 singulis
444 803 566 887 Regiae
593 803 805 867 bibliothecae
834 803 995 867 codicibus
1023 802 1218 866 transcriba-

76 919 131 977 tur
163 915 308 998 integra,
348 914 486 998 itemque
526 914 677 977 continua
710 914 816 997 aliqua
849 913 1007 997 particula
1039 913 1218 977 Aristarchi

77 1024 229 1106 minoris,
258 1029 294 1088 ut
322 1024 409 1087 cuius
436 1025 585 1089 κανόνων
613 1003 773 1104 θηεοωρόν
791 1045 892 1104 prope
913 1036 1004 1089 totum
1027 1032 1122 1088 inesse
1146 1029 1218 1106 Ety-

77 1141 226 1213 molopr‘co
253 1156 364 1214 mopno
391 1133 554 1197 Bekkerus
582 1138 692 1197 narret
719 1134 841 1198 Anccd.
865 1134 914 1198 ΙΠ
942 1157 973 1217 p.
1002 1134 1097 1216 14003
1129 1155 1218 1216 prae-

78 1247 168 1308 terea
191 1248 297 1308 autem
321 1266 359 1308 ex
381 1243 516 1328 reliquis
539 1243 633 1307 lexici
660 1244 776 1308 litteris
804 1245 950 1308 omnibus
973 1244 1146 1328 diligenter
1168 1265 1219 1306 ex-

79 1359 232 1437 cerpatur
251 1355 402 1439 quidquid
424 1355 509 1418 inest
530 1355 851 1419 testimoniorum
873 1355 914 1419 ad
929 1358 1073 1418 veterum
1088 1354 1219 1417 nomina

77 1465 363 1549 grammaticorum
385 1465 609 1548 spectantium,
634 1465 668 1528 in
683 1465 844 1548 impressis
866 1468 973 1529 eutem
988 1464 1219 1548 Etymologicis

78 1574 341 1639 desideraturum.
372 1576 458 1640 Nam
480 1597 520 1639 ne
543 1574 603 1638 hoc
626 1575 753 1658 quidem
775 1597 887 1661 genuS,
912 1576 946 1640 in
968 1597 1030 1659 quo
1051 1577 1219 1658 praesten-

77 1684 127 1747 tia
145 1684 364 1749 Parisinorum
386 1686 529 1750 codicum
550 1687 707 1770 imprimis
731 1687 923 1768 continetur,
948 1684 1112 1749 Bekherus
1134 1684 1218 1748 vide-

77 1798 142 1876 tur,
167 1800 322 1877 quantum
344 1796 470 1880 quidem
493 1796 616 1860 conicio
639 1819 677 1859 ex
699 1797 826 1860 indiciis
848 1796 933 1860 haud
955 1796 1123 1880 ambiguis,
1148 1817 1219 1858 cum

77 1904 257 1987 pulvisculo
284 1909 320 1970 ut
347 1907 439 1970 aiunt
465 1907 602 1970 voluisse
635 1907 814 1989 absolvere3
847 1929 982 1991 quocum
1015 1906 1219 1970 coniunctum

78 2018 140 2092 est,
163 2016 246 2098 quod
269 2017 368 2080 multo
391 2017 495 2080 minus
518 2039 598 2100 quae
621 2017 811 2080 omittantur
834 2018 868 2080 in
891 2016 1064 2100 ParisiniS,
1095 2000 1219 2079 adiecta

78 2146 119 2188 ea
134 2125 169 2187 in
185 2124 399 2210 Sylburgiano
422 2128 576 2210 exemplo,
600 2126 742 2190 videmur
757 2130 922 2190 enotatum
937 2126 1065 2209 habere,
1089 2125 1219 2189 tametsi

78 2235 174 2297 huius
196 2235 243 2298 rei
264 2258 330 2300 non
358 2237 458 2300 levius
486 2240 535 2302 est
562 2259 658 2321 quam
685 2237 903 2301 accessionum
931 2237 1058 2300 illerum
1081 2257 1219 2300 momen-

77 2348 150 2408 tum
172 2345 213 2408 ed
235 2346 440 2411 iudicandam
462 2347 633 2430 pristinam
656 2347 872 2431 Etymologici
894 2347 1042 2412 formam.

614 2545 688 2624 se.

167 2677 312 2765 Alteram
344 2700 440 2762 quam
473 2701 569 2762 supra
602 2679 697 2764 attigi
730 2679 954 2743 difficultatem
987 2679 1027 2742 ad
1055 2678 1220 2742 nominum

78 2787 322 2852 similitudinem
350 2794 494 2873 spectare
523 2790 604 2873 dixi,
639 2813 701 2873 qua
728 2791 850 2853 factum
880 2793 928 2853 est
960 2793 996 2851 ut
1022 2789 1101 2852 locis
1127 2788 1219 2852 innu-

78 2898 287 2962 merabilibus
316 2903 574 2983 permutarentur
595 2901 695 2980 Ὧρος
722 2904 755 2963 et
778 2900 907 2979 Ὠρίωνε
946 2899 1033 2962 cuius
1061 2903 1220 2981 permuta·

78 3008 180 3076 tionis
207 3011 351 3093 exempla
379 3011 503 3074 affatim
530 3013 702 3094 suppetent
723 3010 883 3092 deinceps.
930 3008 1091 3072 Pertinuit
1113 3011 1220 3072 autem

80 3118 150 3181 eius
174 3121 293 3207 ,erroris
323 3122 501 3185 communio
529 3122 626 3185 etium
655 3120 694 3183 ad
717 3120 852 3183 aliorum
880 3119 1011 3183 uomina
1034 3119 1221 3203 grammati·

81 3250 206 3311 corum,
236 3232 342 3313 qualia
371 3235 446 3296 sunt
467 3232 680 3312 Ἡρωδωνόε,
710 3231 877 3311 (ωρανόε,
909 3229 947 3292 de
970 3229 1083 3312 quibus
1106 3232 1220 3312 agetur

81 3343 102 3418 ξ
128 3339 177 3402 14.
204 3340 242 3403 16
264 3344 296 3403 et
317 3342 369 3405 20.
415 3341 520 3416 Quid?
542 3342 635 3427 quod,
663 3342 690 3405 si
712 3340 924 3425 grammatica
945 3342 1073 3403 tantum
1095 3339 1220 3403 ratione

81 3470 133 3512 res
156 3455 338 3534 censeatur,
363 3452 507 3534 profecto
529 3452 611 3515 nihil
634 3452 803 3536 impediet,
833 3451 1000 3536 quominus
1022 3450 1116 3514 unius
1139 3450 1220 3513 eius-

81 3559 216 3642 demque
248 3562 388 3625 nominis
422 3562 580 3646 duplicem
611 3563 752 3646 potuisse
785 3563 921 3626 formam
954 3582 1023 3624 esse
1055 3561 1155 3640 Ὦρο(
1188 3564 1221 3624 et

81 3670 200 3748 Ὠρίων
225 3674 411 3736 statuamus.
458 3673 545 3748 Quae
572 3673 699 3756 quidem
726 3673 835 3755 opinio
857 3693 1049 3757 quamquam
1071 3670 1253 3737 Harlesi04

61 3779 116 3870 ,in
139 3778 278 3844 Fabricii
302 3780 386 3845 Bibl.
411 3804 460 3867 gr.
483 3782 530 3847 VI
551 3806 583 3866 p.
607 3783 669 3848 603
692 3786 724 3846 et
746 3782 870 3848 Sturnio
892 3783 993 3865 praef.
1019 3783 1053 3845 in
1068 3781 1220 3846 Orionem

79 3913 113 3973 p.
130 3887 177 3952 VI
200 3892 303 3975 magis
325 3892 464 3956 levitatis
487 3893 676 3956 administra
698 3894 853 3976 quaedam
874 3893 937 3956 fuit
957 3914 1052 3976 quam
1074 3914 1091 3954 e
1113 3891 1219 3954 sobria

79 4001 128 4065 rei
144 4001 337 4079 iudicatione
353 4006 446 4067 nata:
470 4024 581 4086 reapse
597 4004 683 4067 enim
698 4005 739 4067 ab
754 4004 815 4067 hec
838 4025 959 4085 caussa,
983 4006 1019 4066 ut
1033 4024 1107 4065 mox
1122 4023 1219 4085 appu-

80 4111 181 4192 rebit,
211 4132 339 4194 prorsus
361 4113 416 4176 illa
439 4113 545 4177 aliena
567 4118 632 4177 est:
670 4114 845 4197 aptioribus
866 4119 976 4177 tamen
998 4113 1103 4196 potuit
1125 4135 1220 4196 quern

79 4221 190 4285 allatis
212 4212 371 4286 aSturzio
395 4224 516 4303 Κρόνος
539 4227 571 4287 ct
595 4225 739 4304 Κρονίων
762 4224 914 4308 exemplis
937 4223 1065 4287 defendi
1081 4225 1220 4304 Εὔρυτο(

78 4336 113 4394 et
136 4332 313 4414 Εὐρυτίων,
342 4335 443 4398 ”locor
470 4338 502 4397 et
529 4335 664 4416 Ἰαείων,
694 4336 816 4415 Ἴκορο(
839 4339 871 4398 et
894 4335 1049 4416 'luupiurv,
1077 4337 1109 4397 et
1137 4356 1219 4419 quac
