2904 4996
490 323 650 371 sorssors
674 322 847 370 carnosa.
1181 305 1244 370 735

96 499 126 539 v.
161 476 222 540 746
252 473 337 562 [759]
373 476 499 541 πίπτειν
532 476 670 556 βαρεῖαι(
699 476 781 554 πρὸ(
809 474 1020 556 occupatiore,
1056 477 1089 537 et
1120 495 1245 537 rursum

96 585 289 650 Prometheo
311 608 340 648 v.
370 585 432 649 928
457 583 542 672 [930]
572 586 704 651 irruite(
730 589 813 670 τῷδε
841 587 923 664 πρὸ(
945 592 1031 670 κακῷ
1052 588 1088 651 ¹et
1115 584 1246 647 Electra

97 695 266 779 Sophoclis
288 718 317 758 v.
345 694 559 785 1029·Herm.
585 693 692 782 [1040]
720 696 899 773 uptcuercou
925 702 1030 779 κακῷ,
1056 694 1135 758 item
1161 694 1246 778 apud
1278 754 1279 757 ,

97 805 274 870 Pindarum
298 803 350 892 [fr.
377 805 437 870 188
459 803 592 892 Bergk]
616 806 700 885 ἀρχὰ
723 807 862 883 μεγάλα(
884 806 1000 885 ἀρετᾶ(
1028 806 1147 870 ὤνα((’
1170 806 1245 869 ἀλά-

97 923 183 998 θε1α,
206 920 247 996 μὴ
270 917 401 1001 πταίῑῃ(
424 916 502 994 ἐμὰν
525 917 667 980 (ύνθεαν
689 920 799 996 τραχεῖ
820 917 894 981 ποτὶ
916 916 1044 996 ψεύδει,
1072 936 1153 999 quae
1182 899 1245 978 ser-

97 1027 187 1090 uauit
209 1026 364 1091 Stobaeus
387 1027 471 1089 Flor.
496 1025 553 1109 XI,
581 1026 618 1090 3:
646 1025 693 1088 ito
718 1025 800 1088 nihil
828 1025 978 1109 impedit,
1002 1026 1170 1110 quominus
1192 1026 1246 1089 ho-

97 1137 217 1199 minem
240 1136 431 1200 desidiosum
453 1135 594 1200 dixerint
622 1136 713 1220 quasi
735 1136 827 1219 affigi
849 1136 914 1199 otio
921 1186 929 1218 ‚
955 1136 1144 1215 (τηρίζε(θα1
1164 1138 1247 1216 πρὸ(

98 1247 230 1330 ἀγωνίῳ
259 1250 374 1331 (χολῇ,
407 1246 555 1310 traducta
588 1246 730 1331 imagine
764 1247 806 1309 ab
840 1267 873 1308 re
906 1267 987 1329 quae
1020 1246 1165 1309 sensibus
1198 1249 1247 1309 est

98 1357 292 1440 subiecta.*)
316 1356 395 1422 011111
417 1343 530 1441 quarto
553 1379 628 1421 casu
649 1357 784 1421 eandem
800 1355 962 1438 copulavit
976 1356 1246 1439 praepositionem

97 1466 268 1549 Euripides
297 1466 415 1531 Bacch.
445 1491 475 1531 v.
502 1467 598 1531 1080:
626 1468 708 1547 πρὸ(
737 1467 880 1548 οὐρανὸν
908 1468 958 1531 καὶ
986 1470 1080 1543 γαῖαν
1110 1467 1246 1546 ἐετήριζε

99 1583 173 1657 φῶ(
201 1583 318 1658 (εμνοῦ
341 1579 460 1661 πυρό(,
495 1600 589 1662 quern
621 1598 747 1641 versum
774 1598 840 1640 non
867 1577 1084 1660 praetermisit
1111 1577 1246 1641 Valcke-

98 1687 209 1751 narius
238 1688 278 1751 ad
308 1687 476 1772 Hippolyti
503 1710 533 1751 r.
565 1688 657 1752 1200.
681 1725 724 1735 --
746 1686 894 1751 Ceterum
916 1688 1094 1770 Aeschylus
1123 1709 1246 1771 quoque

98 1798 163 1861 ista
189 1800 279 1864 ποτί
309 1798 414 1862 forma
449 1821 523 1863 usus
552 1801 601 1861 est
628 1797 840 1881 compluriens
869 1797 946 1881 [sive
974 1820 1115 1861 seorsum
1142 1798 1246 1881 posita

97 1910 168 1973 sive
199 1908 382 1992 compositis
415 1908 588 1992 adhibital,
627 1912 663 1971 ut
696 1908 831 1971 llumen.
870 1908 921 1972 79.
958 1909 1018 1972 168
1051 1908 1116 1992 [82.
1155 1907 1245 1995 176];

97 2018 206 2082 Prom.
244 2019 307 2083 528
337 2018 445 2105 [531];
483 2018 594 2101 suppl.
629 2017 691 2081 357
729 2017 841 2105 [347];
878 2017 1008 2100 Septem
1046 2018 1087 2081 ad
1119 2017 1246 2081 Thebas

96 2130 174 2193 277.
198 2129 271 2193 328.

570 2329 762 2336 mm

187 2503 375 2599 Infadem,
408 2524 502 2587 quam
534 2501 646 2565 ultimo
680 2503 750 2567 loco
780 2502 864 2586 dixi,
907 2502 1099 2586 Aeschyli
1137 2502 1248 2566 fabula

96 2612 291 2710 Thebana
298 2664 307 2698 ,
341 2618 377 2678 ut
405 2613 470 2677 iam
497 2613 646 2683 adalind
674 2635 776 2698 genus
798 2613 953 2677 deducam
975 2613 1170 2697 orationem,
1199 2614 1246 2677 sic

96 2726 197 2807 pocta
218 2724 299 2787 facit
321 2725 451 2787 chorum
473 2725 706 2787 exclamantem
729 2747 758 2787 v.
783 2725 844 2788 807
868 2745 954 2808 sqq:

254 2870 394 2950 πότερον
416 2871 516 2950 χαίρω
540 2869 752 2951 κάπολολύξω

304 2981 432 3045 πόλεω(
455 2980 580 3045 ἀεινεῑ
603 2984 761 3062 (ωτῆρι,
786 2994 788 2997 ·

253 3089 370 3168 ἢτοὺ(
392 3092 549 3170 μογεροὺ(
571 3093 621 3155 καὶ
643 3090 853 3169 ceraunon<

304 3200 458 3266 ἀτέκνου(
480 3201 607 3265 κλαύ(ω
629 3201 865 3281 πολεμάρχα(;

96 3342 149 3408 sio
183 3343 268 3407 enim
301 3344 335 3407 in
368 3345 527 3428 plerisque
556 3345 647 3408 libris
679 3365 754 3407 msa.
785 3342 894 3426 [etiam
921 3342 1077 3428 Mediceo]
1114 3344 1244 3428 legitur,

97 3458 199 3538 atque
222 3454 425 3519 adsciverunt
446 3454 593 3518 editores.
632 3455 662 3517 A
678 3453 791 3537 quibus
807 3458 839 3517 et
859 3475 970 3517 sensus
992 3476 1080 3517 meus
1102 3458 1135 3517 et
1156 3476 1246 3519 mens

96 3565 195 3629 valde
222 3563 393 3649 discrepat.
438 3565 522 3629 Nam
555 3568 590 3628 ut
619 3565 658 3628 de
686 3564 867 3628 sententiae
889 3564 921 3627 vi
943 3586 1140 3648 quaeramus
1175 3565 1246 3648 quis

95 3675 233 3740 tandem
256 3679 304 3739 est
326 3677 380 3740 ille
403 3676 511 3755 ἀ(ινή(
533 3675 662 3755 (ωτήρ1
683 3674 810 3759 quando
833 3696 893 3738 nee
908 3675 1063 3738 innocens
1078 3696 1138 3738 nec
1159 3675 1246 3738 illae-

94 3808 156 3852 sus
184 3789 327 3849 servator
355 3786 406 3849 vel
433 3786 580 3850 Eteocles
609 3789 715 3869 potest
741 3786 792 3848 vel
819 3785 964 3868 Iuppiter
991 3784 1163 3869 appellari,
1196 3785 1256 3848 vel-

94 3896 188 3961 cives
209 3895 355 3960 Thebani
386 3901 521 3981 possunt
545 3889 606 3981 'qui
637 3918 674 3959 ex
702 3917 813 3980 pugna
840 3896 1080 3978 superfuerunt:
1114 3896 1246 3979 pluralis

93 4007 190 4073 enim
211 4028 360 4071 numerus
383 4007 443 4071 hoc
465 4011 560 4090 pacto
582 4007 754 4090 requiritur
775 4006 965 4069 necessario
1011 4006 1141 4070 Scilicet
1163 4013 1245 4072 dam-

170 4261 196 4331 *)
222 4259 303 4331 [Huic
320 4259 503 4332 disputationi
525 4260 594 4318 nihil
615 4260 698 4318 hodie
717 4260 808 4319 habeo
827 4261 901 4331 quod
919 4261 1034 4332 addam,
1057 4261 1111 4319 nisi
1135 4279 1183 4320 eos
1201 4279 1245 4319 me

87 4373 199 4417 omnes
218 4355 349 4410 demirari
367 4358 414 4424 qui
437 4361 507 4413 ποτὲ
523 4358 721 4427 defenderint]
1160 4368 1163 4373 ·
