2948 4996
229 335 292 398 412
657 352 702 397 ua
726 352 925 398 ussaruours

232 509 251 585 ξ
274 505 317 568 30
338 527 369 587 ρ.
393 505 413 569 5
436 505 484 568 ed.
509 504 644 569 Duker:
674 506 874 584 (υνεχρόνιιε
896 508 932 571 δὲ
955 506 1198 592 (Θουκυδίδηι),
1228 508 1272 571 ὥ(
1293 528 1361 588 φηιι

231 615 441 696 Πραξιφάνης
463 616 498 679 ἐν
521 623 567 700 τῷ
590 617 663 695 περὶ
684 615 836 696 irreptor,
859 617 1011 682 Πλάτωνι
1033 623 1079 700 τῷ
1102 624 1240 702 κωμικῷ,
1264 619 1363 695 Ἀγά-

231 723 326 790 θωνι
354 731 543 809 τραγικῷ,
574 727 739 811 Νικηράτιρ
768 726 916 810 ἐποποιῷ
945 728 995 790 καὶ
1025 727 1163 811 Χοιρίλῳ
1192 729 1243 791 καὶ
1266 731 1365 793 Μελα-

231 835 377 919 νιππίδῃ·
405 837 455 900 καὶ
483 837 552 900 ἐπεὶ
575 838 630 913 μὲν
655 836 708 914 ἔζη
732 837 917 916 Ἀρχέλαοι,
947 837 1065 902 ἄδοξοι
1086 837 1125 916 ἦν
1153 859 1181 900 e.
1205 859 1237 920 q.
1262 860 1288 901 s,
1332 837 1368 902 lu

230 945 343 1029 quibus
377 945 528 1009 Archelai
566 945 822 1009 commemoratio
858 946 1049 1010 mirabiliter
1086 947 1180 1010 elusit
1216 946 1370 1011 Dodwelli

230 1059 472 1139 praeposterum
505 1077 639 1119 acumen
672 1056 857 1139 Apparatus
891 1056 931 1120 ad
958 1056 1080 1120 Annal.
1110 1057 1253 1142 Thucyd.
1290 1058 1373 1138 §26

230 1189 262 1249 p.
289 1166 326 1229 17
350 1187 418 1249 sqq.
442 1166 544 1230 Dulc:
577 1188 672 1250 quam
694 1165 822 1249 quidem
849 1167 1084 1250 ineptissimam
1111 1188 1180 1231 esse
1208 1168 1374 1251 praeclare

230 1275 311 1338 vidit
347 1276 547 1340 acutissimus
581 1298 693 1340 censor
719 1275 913 1360 Thucydidis
940 1277 1143 1360 Popponiani
1171 1277 1207 1341 in
1234 1277 1374 1361 Ephem.

232 1384 380 1470 Gotting.
404 1409 433 1449 a.
459 1385 746 1453 cloloccdxxss
767 1409 799 1470 p.
816 1387 907 1452 1046.
947 1386 1044 1452 euius
1066 1387 1192 1451 monitu
1215 1409 1289 1451 cum
1312 1390 1377 1472 pri-

231 1494 303 1558 dem
331 1495 484 1560 Archelai
511 1518 629 1560 nomen
661 1496 753 1560 uncis
780 1497 963 1561 inclusisset
990 1497 1068 1560 Lud.
1098 1497 1303 1580 Dindorfius,
1343 1499 1378 1561 in

232 1605 366 1669 eandem
395 1607 610 1670 coniecturam
637 1605 741 1670 denuo
768 1607 883 1670 incidit
910 1606 1083 1672 Grauertus
1110 1630 1142 1690 p.
1169 1608 1231 1671 190
1260 1607 1379 1673 Oluser-

232 1716 395 1781 vutionum
424 1717 493 1780 crit.
517 1717 552 1780 in
574 1716 755 1780 Marcellini
783 1717 883 1780 vitam
905 1717 1022 1799 Thuc,
1051 1739 1131 1802 quae
1159 1711 1317 1802 legimtur
1344 1719 1378 1781 in

231 1826 334 1890 Musei
362 1825 512 1891 Rhenani
542 1824 777 1915 [Niebuhriani]
812 1829 875 1891 vol.
897 1827 923 1892 l.
968 1827 1189 1911 Praxiphanes
1218 1848 1296 1891 vero
1324 1829 1381 1892 ille

231 1959 309 2002 num
331 1936 415 2001 idem
429 1937 472 2002 sit
492 1958 530 2003 ac
541 1936 755 2023 Theophrasti
769 1937 952 2023 discipulus,
976 1936 1129 2020 Rhodius,
1154 1959 1249 2021 quem
1272 1938 1380 2023 ipsum

233 2127 435 2138 -——--

232 2259 286 2310 quc
303 2242 372 2295 illud
390 2244 502 2310 quidem
521 2244 601 2298 facile
620 2245 691 2310 fere,
716 2243 790 2311 quod
808 2261 864 2298 non
883 2243 1148 2312 delorepraevideo
1171 2242 1219 2309 qui
1237 2243 1381 2309 quaestio

231 2354 298 2389 num
316 2336 574 2405 chronologicarum
591 2336 733 2407 pusillam,
756 2338 787 2389 ut
805 2337 896 2402 aiunt,
919 2336 1072 2390 exilitatem
1089 2335 1274 2405 putidumque
1295 2354 1381 2403 quan-

195 2462 198 2466 ·
232 2429 297 2482 dam
325 2429 501 2484 sedulitatem
524 2430 604 2483 valde
627 2429 773 2483 fastidiant
800 2431 828 2483 et
851 2430 1060 2483 stomachentur
1086 2427 1303 2482 incredibiliter:
1333 2429 1380 2496 qui

233 2521 344 2588 quidem
366 2539 417 2576 uec
436 2540 507 2589 quae
530 2523 566 2576 sit
584 2524 655 2576 ratio
680 2526 708 2577 et
726 2523 773 2590 qui
796 2522 857 2576 finis
880 2522 1048 2591 philologiae
1071 2520 1220 2575 historicae
1242 2540 1380 2591 pernosse

232 2614 373 2680 videntur,
396 2633 447 2670 uec
465 2616 534 2670 illud
550 2618 696 2686 reputare,
719 2634 775 2670 non
792 2632 875 2685 posse
894 2616 928 2669 de
950 2634 980 2670 re
999 2632 1141 2682 quaquam
1159 2616 1320 2683 generatim
1338 2619 1380 2669 at

186 2715 214 2765 lv
233 2724 286 2774 que
304 2708 430 2763 universe
453 2709 579 2775 iudicari,
603 2709 657 2762 uisi
676 2710 785 2778 singula
803 2725 941 2776 quaeque,
965 2710 1069 2774 quanto
1088 2707 1148 2761 fieri
1165 2708 1304 2762 acerrimo
1323 2711 1379 2761 stu-

233 2801 279 2856 dio
302 2802 391 2871 possit
414 2803 571 2872 explorata,
594 2804 776 2872 inpromptu
799 2802 918 2855 habeas:
948 2818 1002 2867 quo
1025 2800 1054 2854 in
1072 2818 1175 2869 genere
1196 2801 1234 2854 vis
1259 2801 1379 2870 insignis

233 2894 355 2950 cernitur
371 2896 400 2949 in
419 2895 515 2949 subtili
532 2898 690 2965 temporum
709 2895 936 2962 investigatione,
960 2912 1031 2960 quae
1053 2896 1084 2946 ut
1101 2894 1149 2947 lux
1165 2894 1303 2947 historiae
1322 2912 1378 2947 me-

232 2989 287 3042 rito
305 2990 449 3059 appellata
467 2992 523 3055 est,
546 2989 587 3042 ita
607 2988 747 3042 immerito
766 3007 783 3041 a
802 2987 967 3055 quibusdam
985 2986 1067 3041 hodie
1088 2986 1284 3040 contemnitur.
1322 2985 1378 3040 Sed

232 3100 288 3137 non
311 3082 370 3137 siue
387 3083 516 3138 molestia
534 3082 655 3150 quadam
673 3099 737 3135 mea
759 3081 911 3151 sepositum
935 3082 977 3134 ast
998 3079 1108 3132 initium
1127 3079 1300 3148 scriptionis:
1323 3096 1378 3146 quo

233 3177 338 3230 factum
360 3179 403 3230 est
426 3178 457 3229 ut
478 3177 671 3230 resecarentur
693 3175 848 3229 floridiores
871 3173 1078 3228 commentandi
1100 3173 1166 3238 loci,
1190 3172 1293 3239 quibus
1317 3190 1378 3225 erun

234 3270 351 3324 aliorum
370 3287 456 3338 opera
473 3269 680 3334 aestimaretur,
703 3271 762 3322 tum
780 3267 869 3321 nostri
891 3267 1011 3321 instituti
1029 3270 1059 3320 et
1075 3266 1148 3319 ratio
1166 3265 1333 3319 redderetur
1350 3268 1379 3318 et

235 3362 383 3415 salubritas
407 3363 661 3427 commendaretur,
691 3363 750 3415 tum
773 3361 829 3415 aha
851 3360 989 3427 quaedam
1019 3359 1053 3412 dc
1075 3358 1185 3427 tragica
1208 3358 1379 3412 Graecorum

234 3455 312 3523 poesi
331 3454 540 3521 dissererentur,
559 3472 630 3523 quac
649 3456 706 3508 sere
724 3455 834 3523 placere
853 3454 944 3509 solent
962 3453 1001 3506 eis
1020 3452 1067 3519 qui
1085 3452 1121 3505 ad
1139 3450 1289 3505 interiores
1307 3451 1379 3505 litte-

234 3565 280 3601 ras
298 3566 354 3602 non
372 3550 556 3602 accesserunt.
590 3549 689 3615 Itaque
708 3547 884 3615 quantumvis
903 3547 939 3600 ab
963 3564 1058 3600 eorum
1078 3562 1131 3613 ego
1155 3543 1326 3599 abhorream
1343 3544 1379 3597 ie-

234 3641 352 3696 iunitate
371 3642 426 3709 qui,
445 3642 525 3709 quasi
544 3659 656 3696 carmen
674 3641 796 3696 condant
813 3641 858 3695 vel
876 3640 1000 3694 fabulam
1018 3640 1113 3708 agant,
1131 3637 1161 3690 iu
1178 3636 1303 3691 mediam
1321 3656 1381 3690 rem

236 3734 332 3788 statim
355 3735 533 3805 abripiendos
556 3736 676 3790 lectores
699 3752 761 3789 esse
779 3733 832 3788 sibi
850 3733 1032 3804 persuadent,
1055 3734 1151 3785 tamen
1173 3748 1247 3784 nunc
1268 3731 1381 3798 quidem

235 3829 402 3884 necessitate
425 3832 543 3899 urgente
565 3828 738 3883 istiusmodi
761 3828 938 3883 sterilitatem
965 3826 1050 3881 etiam
1073 3825 1214 3894 superari,
1238 3826 1326 3892 atque
1354 3823 1382 3876 in

234 3923 387 3991 fragmenti
410 3924 530 3993 speciem
554 3941 667 3977 exorsus
690 3941 750 3975 snm
774 3921 936 3975 orationem.
973 3918 1028 3973 Sed
1045 3919 1114 3973 haec
1132 3919 1284 3972 hacteuus:
1306 3935 1384 3971 unm·

236 4034 289 4084 quo
313 4016 415 4070 diutius
443 4017 470 4069 in
494 4017 536 4070 his
560 4015 746 4084 conquerendi
774 4013 977 4080 excusandique
1001 4012 1135 4066 molestiis
1158 4010 1266 4063 versari
1291 4017 1386 4080 ecquid

236 4118 284 4162 erit
303 4117 433 4177 praemit’
470 4108 609 4179 [Ceterum
635 4126 705 4176 quac
729 4126 843 4161 saumae
868 4108 982 4171 tuerint,
1007 4123 1054 4158 cur
1072 4105 1142 4158 haec
1166 4104 1384 4157 commentatio-

236 4219 285 4256 nes
309 4202 513 4269 agathonicae,
543 4221 674 4271 maguam
703 4221 752 4256 erro
775 4204 884 4271 partem
912 4201 968 4254 iam
990 4198 1065 4267 typis
1089 4196 1260 4264 exscriptae,
1291 4198 1386 4251 lucem

237 4313 387 4361 numquam
410 4297 549 4359 viderent,
579 4299 644 4365 post
673 4297 799 4365 elapsum
828 4293 954 4347 XXXVII
984 4309 1120 4346 annornm
1150 4290 1274 4357 spatium
1299 4290 1386 4346 hodie

237 4405 367 4443 enarrare
386 4389 453 4443 nihil
471 4389 592 4459 attinet]
