2904 4996
478 355 601 402 aanvrs
625 355 813 402 aaaaarro.
1156 340 1219 402 691)

77 508 169 591 plum
191 508 283 572 abest
305 507 347 570 ab
368 507 442 590 AO,
466 529 532 571 non
555 505 665 590 BKM,
695 528 755 571 nec
776 506 921 570 Petreius
943 507 1083 590 ignorat.
1110 545 1154 555 —
1179 507 1219 570 In

77 617 233 700 proximis
261 620 399 682 salsina
422 617 494 699 Ab,
525 620 698 683 καλοῦνται
727 615 836 698 BKM3
865 638 937 680 mox
965 619 1103 692 λογάδας
1132 615 1219 680 Aca

77 731 113 791 et
141 726 329 812 (Homero
357 726 516 812 tribuens)
549 727 709 809 Petreius,
743 728 884 803 λαγάδα(
913 726 958 809 Β,
992 727 1141 802 λωγὰδαε
1174 727 1218 788 Μ.

77 844 203 903 Pactam
231 837 491 922 Etymologicum
518 837 562 902 M.
593 861 625 921 p.
649 838 728 920 572,
760 837 801 903 38
830 858 847 910 e
875 836 996 903 Sorano
1023 836 1130 922 prodit
1158 818 1219 902 So·

77 948 268 1032 phronem
289 950 326 1014 ἐν
350 950 576 1029 Θυννοθήραιε.

164 1082 201 1147 Ρ.
225 1084 277 1167 69,
301 1085 321 1148 6
344 1085 362 1149 ὁ
386 1087 421 1150 δὲ
445 1086 656 1165 Καλλίμαχοε·
679 1081 771 1161 οὔτις
793 1081 959 1171 εὐλήρους
981 1081 1137 1167 αὐγάζων
1158 1107 1218 1148 κα-

76 1200 205 1278 θαραῖς
227 1191 269 1257 οὐ
292 1192 434 1259 δύναται
456 1195 583 1277 λογάσι.
615 1195 747 1260 Habent
768 1194 863 1259 BKM
885 1199 918 1259 ct
939 1195 1042 1259 Patr:
1065 1218 1126 1260 om.
1151 1195 1218 1260 AO.

76 1342 121 1353 -
144 1305 300 1384 εὐλήρου(
323 1304 367 1383 Β,
390 1305 535 1385 εὐλίρου(
558 1305 607 1382 Μ,
637 1307 813 1385 εὐκλήρου(
835 1305 880 1387 Κ;
904 1306 986 1370 δετι(
1008 1305 1112 1388 Pota,
1126 1286 1219 1371 1ὅετι(

78 1415 229 1495 ἀλιτροὺ(
251 1414 359 1498 Etym.
377 1415 438 1497 M.;
460 1437 533 1479 mox
557 1417 708 1481 δύνανται
725 1415 805 1498 KM3
828 1419 988 1499 post-remo
1011 1417 1120 1492 λογάει
1142 1414 1218 1497 ΚΜ,

34 1557 37 1563 -
77 1526 210 1600 λογάειν
226 1524 325 1607 Ρολτ,
350 1528 460 1602 λαγάει
476 1524 514 1608 Β,
540 1527 669 1606 λοχάειν
693 1526 742 1590 vel
759 1528 910 1606 λογχάειν
934 1526 1023 1590 codd.
1046 1526 1099 1590 nt.
1117 1526 1162 1590 M.
1180 1565 1218 1573 —
1329 1549 1333 1558 ·

43 1685 46 1688 .
76 1633 140 1698 Est
163 1633 402 1699 Callimachi
427 1636 469 1699 fr.
496 1636 563 1700 132.

167 1761 204 1824 Ρ.
228 1761 280 1845 83,
305 1765 322 1826 7
347 1764 397 1828 καὶ
419 1763 518 1828 οὖλος
541 1765 559 1829 ὁ
583 1767 741 1847 ὀλέθριος,
765 1765 853 1844 παρὰ
873 1765 911 1829 τὸ
935 1764 1059 1829 ὀλλύω·
1088 1759 1221 1828 illoesa
1345 1743 1352 1756 ⁸

78 1883 193 1947 κεῖνος
216 1868 248 1949 ἐξ
274 1865 420 1955 ἀνδρῶν.
465 1873 543 1937 Post
571 1876 701 1956 ἀνδρῶν
730 1875 835 1957 posita
857 1878 935 1938 nota
957 1874 1124 1939 Cramerus
1147 1881 1220 1937 ‘om
1315 1869 1317 1872 ⁴

77 1984 122 2046 A'
147 1983 267 2065 inquit:
303 1983 386 2066 quod
414 1987 520 2048 utrum
549 1985 589 2048 ad
618 2008 715 2048 unam
743 2007 852 2050 vocem
879 1984 967 2048 illam
991 2007 1032 2048 an
1056 1984 1097 2047 ad
1118 1987 1222 2048 toturn

78 2092 300 2156 testimonium
328 2097 468 2177 spectet,
499 2095 638 2159 dubium.
685 2096 816 2159 Habent
844 2095 904 2158 hoc
931 2095 1005 2159 KM.
1034 2133 1076 2143 -
1108 2093 1245 2158 Laceri'

76 2202 232 2266 senarii
260 2203 412 2288 reliquiae
440 2204 539 2268 videri
567 2208 716 2289 possunt:
751 2206 861 2271 ὄλοιτο
892 2209 997 2271 κεῖνο(
1023 2259 1043 2266 -
1066 2248 1083 2267 ο
1110 2207 1143 2272 ἐξ
1166 2205 1220 2271 ἀν-

75 2319 168 2394 δρῶν
191 2355 209 2374 ο
229 2340 268 2380 -;
291 2315 404 2398 quibus
426 2319 536 2379 tamen
558 2316 633 2400 quid
657 2338 728 2380 cum
750 2317 848 2382 οὖλοε
871 2316 1060 2380 commune?

165 2440 202 2504 P.
226 2443 283 2524 83,
311 2444 347 2505 11
382 2445 401 2522 ἢ
432 2443 476 2508 ὡ(
507 2443 716 2524 Καλλίμαχος·
742 2443 882 2528 μήκωνα
910 2455 1051 2508 navalis.
1090 2442 1221 2507 Habent

80 2551 187 2635 ΛΟΜ,
212 2575 273 2615 om.
297 2549 367 2617 ΒΚ.
395 2591 438 2602 -
465 2556 596 2633 μήκωνα
617 2558 745 2619 πατεῑτε
768 2554 835 2638 Aa,
859 2556 989 2633 μήκωνα
1011 2558 1153 2620 πατεῑται
1174 2555 1219 2637 Μ,

78 2664 214 2740 μήκωνα
236 2663 408 2755 πάττοντακ
430 2663 530 2746 Petn,
555 2665 573 2729 ὁ
596 2666 634 2744 δή
657 2665 787 2771 μήκωνα
809 2668 953 2730 πατεῑται
976 2664 1074 2729 Orion
1097 2687 1128 2747 p.
1152 2663 1220 2743 162,

76 2771 130 2836 22.
155 2810 198 2821 —
222 2772 458 2838 Callimachi
481 2774 520 2837 fr.
544 2774 617 2838 437.

166 2898 203 2962 Ρ.
227 2900 279 2982 83,
306 2901 344 2963 14
372 2903 446 2981 φηεὶ
468 2903 529 2982 γὰρ
553 2903 783 2983 Ἀριετοφάνη(
805 2904 954 2967 Ἱππεῡει·
984 2912 1126 2966 καπαῑον
1148 2900 1220 2984 ήτοι

78 3007 211 3090 φάλαον
243 3014 322 3074 Δία.
373 3010 505 3074 Habent
532 3011 639 3094 ΛΟΜ,
670 3034 732 3075 om.
763 3010 832 3076 ΒΚ.
870 3050 912 3062 -
949 3017 1163 3092 Aristophanes
1191 3019 1221 3075 in

78 3126 193 3200 Hippis
220 3119 350 3201 (omisso
377 3122 576 3208 testimonio)
611 3122 697 3185 Patr.
732 3123 879 3188 ἱππεῡειν
909 3123 1046 3199 ἀγγαῐον
1079 3123 1137 3186 τὸν
1170 3122 1221 3186 δία

77 3229 125 3293 Μ.
141 3268 183 3278 -
205 3230 453 3313 Antiphanis
470 3253 548 3315 esse,
573 3254 653 3316 quac
674 3232 710 3294 in
725 3231 951 3314 Aristophanis
973 3232 1091 3295 fabulis
1114 3253 1221 3314 super-

77 3339 209 3403 stitibus
241 3362 308 3404 non
336 3346 481 3425 exstant,
516 3342 725 3426 probabiliter
753 3341 932 3405 Meinekius
962 3342 1140 3425 suspicatus
1172 3345 1221 3404 est

78 3450 170 3516 Com.
193 3471 243 3535 gr.
267 3450 384 3536 fragm.
414 3452 464 3516 ΙΠ
491 3476 522 3536 p.
546 3453 603 3536 58,
634 3455 793 3533 φατναῑον
824 3452 985 3516 coniciens
1011 3474 1070 3535 pro
1093 3454 1219 3533 φάλτον

76 3560 174 3643 idque
196 3560 257 3644 ipsi
280 3561 424 3626 tribuens
448 3563 587 3627 Meletio.

164 3687 201 3751 P.
225 3689 283 3771 84,
307 3690 327 3753 6
356 3693 405 3755 καὶ
433 3693 495 3771 γὰρ
524 3692 542 3757 ὁ
566 3692 748 3773 Λυκόφρων
771 3693 860 3773 canei·
897 3689 1081 3773 ἑτύμβευσε
1109 3689 1219 3775 adop.

73 3797 145 3862 Vbi
168 3799 277 3878 φάρον
301 3800 331 3863 Α
339 3850 347 3881 ,
376 3801 431 3865 sed
454 3803 552 3886 φάρῳ
574 3800 711 3884 ΒΟΚΜ,
741 3801 818 3865 item
840 3801 1004 3865 Parisinus
1026 3800 1109 3864 2227
1133 3799 1221 3864 Bois-

70 3908 204 3974 sonadii
233 3909 356 3974 Anccd.
387 3932 436 3995 gr.
466 3910 514 3977 lv
540 3934 572 3994 p.
596 3912 675 3994 478,
706 3934 777 3975 cum
804 3911 912 3994 Etym.
942 3910 985 3973 M.
1015 3932 1046 3992 p.
1072 3911 1149 3991 788,
1178 3911 1220 3974 32

71 4018 245 4105 ipsiasque
268 4020 398 4084 scholiis
413 4021 632 4105 Lycophronis
656 4020 739 4104 apud
760 4020 1005 4085 Bachmannum
1027 4043 1058 4103 p.
1082 4021 1140 4084 43:
1163 4042 1221 4103 pro

65 4151 140 4216 quo
163 4130 259 4214 τάφῳ
284 4129 408 4195 codices
430 4131 705 4215 Lycophronis
727 4154 757 4195 ν.
783 4131 854 4213 154,
879 4130 1037 4194 immerito
1059 4134 1220 4194 servatum

63 4267 88 4307 a
116 4238 343 4303 Bachmanno.

163 4364 202 4429 P.
227 4365 283 4448 84,
309 4368 328 4430 9
356 4369 375 4435 ὁ
402 4369 438 4433 δὲ
467 4369 678 4448 Καλλίμαχος·
712 4366 846 4452 ἄφορον
870 4367 1056 4452 φαρόωσιν.
1102 4368 1218 4435 Calli-
