2896 4996
228 330 291 392 042
613 344 660 390 00
684 343 820 390 onom
844 341 985 390 001000.

230 499 447 582 Ἀκαδήμιον),
482 498 621 581 itemque
644 520 676 580 p.
702 496 757 578 19,
781 497 801 559 3
824 497 895 559 0011.
921 497 988 560 cod.
1014 495 1110 559 Dorv.
1135 520 1167 580 p.
1192 495 1289 580 XIII,
1318 498 1368 561 ubi

229 610 379 688 Ἀδρίαο
412 609 478 673 ἀπὸ
506 608 631 687 Ἀδρίου
658 612 717 672 τοῦ
746 608 930 672 Μεααπίου
963 612 1022 672 τοῦ
1052 608 1236 674 Παιίεωνοε
1264 610 1371 695 (vulgo

230 719 421 785 Merousion
444 720 648 804 Uodrwvoc).
694 717 820 793 00010
842 739 935 799 voce,
970 721 1007 781 ut
1034 718 1158 812 110010
1187 722 1373 785 transcursu

228 851 392 911 moneam,
423 829 490 892 sive
518 850 642 892 mecum
670 850 726 903 seu
754 850 827 892 cum
848 827 1065 912 Wesselingio
1088 830 1122 893 in
1145 829 1280 906 Diodori
1303 831 1373 913 XV,

232 940 285 1020 13,
324 961 419 1023 quem
452 939 486 1003 10
520 939 640 1003 Adnot.
678 941 958 1002 commemoratum
998 961 1085 1003 nunc
1119 948 1278 1024 usurpare
1312 966 1375 1007 non

229 1049 358 1133 11001*),
393 1050 537 1134 elapsum
560 1049 759 1133 Olympiadis
787 1071 954 1113 numerum
982 1051 1052 1114 sine
1079 1051 1146 1114 ulla
1173 1052 1376 1117 dubitatione

229 1160 275 1223 sic
304 1160 466 1224 instaura:
503 1162 539 1226 ἐν
567 1167 605 1245 τῇ
628 1159 680 1240 (λη’
702 1161 881 1240 ὀλυμπιάδι.
909 1199 951 1208 -
979 1162 1085 1245 Atque
1114 1161 1197 1225 haec
1228 1165 1376 1248 congessi

229 1292 266 1333 00
296 1272 443 1353 00001110,
479 1274 515 1334 01
544 1274 576 1334 01
598 1292 817 1334 enumerarem
846 1271 907 1334 hae
929 1271 1190 1355 opportunitate,
1227 1296 1312 1356 qnae
1345 1276 1376 1338 in

229 1380 377 1444 Ethnicis
400 1403 460 1444 nee
476 1381 548 1443 aliis
564 1381 622 1444 Ori
643 1381 772 1464 scriptis
794 1380 954 1445 exstitisse
976 1381 1208 1463 existimarem,
1234 1388 1270 1447 et
1293 1407 1376 1463 vero,

187 1529 189 1532 -
228 1495 350 1575 quanta
383 1513 489 1554 rerum
522 1491 771 1555 reconditiorum
803 1491 950 1555 doctrina
986 1491 1026 1554 ad
1055 1492 1127 1555 11100
1162 1493 1377 1559 declarandas

228 1601 369 1685 origines
399 1601 612 1685 grammatico
645 1624 725 1685 opus
759 1604 857 1683 esset,
892 1602 1119 1686 significarem.
1171 1602 1376 1689 Quamquam

229 1711 288 1774 hoc
310 1711 378 1774 fere
401 1733 465 1775 non
488 1712 594 1775 minus
616 1712 651 1775 in
674 1734 711 1775 ea
734 1713 865 1783 nomina
889 1712 983 1794 cadit,
1007 1734 1088 1797 quae
1112 1735 1180 1776 non
1203 1737 1223 1776 a
1239 1709 1376 1799 propriis

228 1821 284 1884 sed
312 1822 515 1905 appellativis
543 1822 713 1886 ducuntur.
765 1823 906 1897 Quorum
933 1822 992 1886 etsi
1020 1822 1131 1905 paucis
1160 1824 1376 1908 expediuntur

227 1933 504 2012 Ἀλικαρναεόε
526 1932 580 1996 Et.
605 1933 650 1997 M.
674 1957 705 2016 p.
722 1933 774 2014 64,
786 1932 843 2015 26,
867 1933 1063 2009 Αἴγυπτος
1084 1956 1116 2016 ρ.
1140 1933 1195 2016 29,
1224 1936 1264 1998 12
1289 1936 1375 2020 (nam

228 2041 267 2105 de
283 2043 348 2106 Oro
366 2047 507 2108 7001000
531 2043 572 2106 cf.
595 2046 615 2123 ξ
634 2043 697 2128 14),
723 2045 855 2123 Ἀρήνη
879 2066 910 2127 ρ.
935 2043 1009 2124 141,
1035 2046 1064 2124 1,
1088 2047 1202 2107 tamen
1225 2047 1375 2109 0000100

228 2153 386 2236 singulari
413 2153 601 2216 eruditionis
628 2153 722 2216 laude
753 2152 1029 2216 commemoranda
1065 2156 1141 2216 sunt
1169 2155 1373 2235 Κομμαγήνη,

228 2262 267 2325 de
289 2285 352 2346 quo
374 2264 519 2347 posthac,
543 2264 700 2328 Αἰολέῑ(
723 2286 754 2347 ρ.
776 2264 828 2345 37,
852 2263 894 2328 23
917 2263 985 2348 (uhi
1007 2263 1103 2347 vulgo
1127 2263 1277 2351 Ὠρίων),
1302 2264 1372 2350 q'uo·

230 2394 301 2437 cunr
330 2394 395 2438 non
424 2373 536 2438 dubito
574 2395 762 2458 componere
791 2374 1076 2457 Arnprdlervp.
1106 2374 1191 2456 293,
1221 2376 1266 2439 40
1300 2378 1372 2440 item

228 2505 300 2546 mea
322 2485 483 2548 sententia
499 2506 537 2548 ex
553 2485 701 2548 Ethnicis
717 2487 895 2568 sumptum3
918 2483 1226 2565 010100οἈβαρνί(
1249 2509 1283 2569 p.
1300 2487 1331 2567 2,
1342 2489 1370 2567 4,

228 2592 267 2657 (10
290 2615 352 2677 quo
373 2599 487 2658 notata
510 2595 592 2660 Orus
616 2595 696 2680 (nou
719 2596 737 2659 ὁ
757 2596 911 2679 Θηβαῖος)
935 2600 991 2657 001
1012 2594 1123 2657 debuit
1144 2600 1203 2658 aut
1226 2597 1371 2680 praebuit

228 2703 419 2768 scholiastae
441 2706 476 2768 in
502 2705 709 2790 Apollonium
738 2705 801 2769 Ith.
828 2705 861 2768 Η
886 2727 916 2767 v.
945 2704 1023 2785 9323
1057 2705 1150 2770 άττυ
1181 2729 1214 2789 p.
1242 2708 1319 2788 100,
1341 2709 1369 2787 4,

150 2874 153 2880 .
207 2835 375 2897 vperverse
398 2815 603 2899 adscriptum.
618 2816 729 2879 Orioni
752 2813 1016 2898 ethnioographO,
1041 2815 1131 2894 Βίνη
1155 2839 1188 2899 p.
1218 2818 1297 2899 197,
1320 2818 1368 2896 lo,

227 2926 435 3006 Δίνδυμον
458 2949 490 3010 p.
514 2926 588 3007 276,
605 2927 657 3007 32,
682 2926 837 2993 Εἰλενία
858 2948 890 3009 p.
914 2925 987 3006 298,
1011 2924 1063 3006 28,
1089 2926 1239 3006 (κῦρος
1263 2928 1369 3011 (vulgo

228 3036 388 3121 (κάροτ)
410 3059 442 3120 p.
468 3037 540 3118 720,
564 3037 617 3118 25,
649 3035 734 3099 haud
757 3036 870 3099 leviter
892 3039 999 3099 autern
1022 3035 1235 3118 depravatum
1259 3039 1368 3117 Ἀθρι-

228 3147 295 3226 βή(
322 3169 354 3230 p.
383 3147 441 3228 25,
465 3146 517 3209 47.
563 3145 627 3209 Vbi
659 3167 741 3230 quae
773 3146 963 3230 vulgantur,
999 3149 1056 3209 aut
1089 3147 1225 3229 gravius
1259 3149 1369 3211 affecta

226 3260 317 3339 sunt,
352 3278 447 3340 quam
479 3256 593 3340 quibus
626 3256 747 3320 mederi
780 3256 982 3320 coniecturae
1015 3277 1075 3339 ope
1106 3277 1203 3339 posse
1233 3259 1368 3336 videare,

226 3367 309 3449 quod
332 3367 459 3450 quidem
481 3389 547 3430 non
570 3370 689 3430 temere
712 3367 839 3451 loquor,
869 3370 926 3429 001
953 3365 1017 3431 nisi
1045 3366 1141 3429 fallor
1163 3367 1213 3431 sie
1236 3369 1369 3433 redinte-

226 3477 351 3560 granda
372 3498 438 3540 non
460 3477 674 3541 incommode:
712 3479 900 3556 Ἀθριβιε,
928 3477 1020 3541 πόλι(
1048 3476 1229 3552 Αἰγύπτου
1253 3483 1370 3562 γράφε·

226 3608 275 3651 ται
302 3590 338 3653 δὲ
365 3589 414 3652 καί
441 3589 625 3668 Ἀθλιβιε·
652 3588 690 3667 ἡ(
720 3589 740 3652 ὁ
768 3587 899 3666 πολίτης
934 3587 1119 3667 Ἀθλιβίτηε·
1154 3590 1310 3673 Νικάνωρ
1340 3594 1371 3657 δὲ

225 3697 278 3761 διὰ
300 3702 358 3762 τοῡ
387 3720 414 3777 ρ.
450 3703 521 3762 τοῦ
550 3700 660 3763 Δέλτα
687 3702 757 3763 τοῦ
779 3701 834 3776 τῆ(
857 3698 1103 3777 νηεουμένη(
1124 3698 1294 3776 Αἰγύπτου
1316 3704 1373 3767 teri

226 3809 365 3887 κεφαλή,
399 3808 480 3873 ἐκεῖ
501 3809 545 3873 τὸ
567 3809 696 3888 καρδία(
725 3799 826 3887 (χῆροι
854 3810 1141 3887 παρεχομένων
1163 3816 1248 3879 τῶν
1273 3816 1373 3898 Νείλῳ

225 3918 544 3997 μεθυεκομένων·
573 3920 649 3985 ὅθεν
679 3920 737 3984 τὸν
766 3919 868 3998 νομὸν
898 3918 1070 3998 Ἀθριβίτην
1099 3926 1374 4005 προςηγόρευεαν.

308 4191 333 4256 lt)
353 4192 473 4258 [fannus
491 4191 612 4245 incertus
631 4194 686 4245 cst:
710 4190 813 4247 excidit
830 4190 904 4244 enim
922 4207 955 4244 ex
973 4189 1136 4261 Etymologi
1160 4197 1270 4253 verbis.
1308 4198 1378 4254 Satis

223 4283 317 4335 tamon
336 4300 369 4336 ex
387 4302 479 4337 remur
498 4286 572 4353 apud
591 4285 723 4338 Nostrum
742 4285 915 4338 successione
933 4284 1060 4353 adparet,
1078 4286 1116 4339 ab
1135 4290 1255 4362 Olymp.
1271 4293 1379 4348 XCVIII

224 4391 278 4427 nou
297 4377 415 4430 multum
433 4378 556 4432 sitiisse)
593 4379 687 4434 Verba
705 4381 769 4432 suut
787 4378 987 4446 wesselingii]
