3014 5010
419 349 465 394 nn
488 349 580 396 aran.
604 348 707 395 saux.
732 349 775 395 ar
798 348 1013 397 ersisrnnro.
1225 336 1283 397 151

140 503 258 566 debeat
279 501 366 563 velut
388 500 448 564 hoe
470 500 629 582 exemplo:
651 503 714 576 fuit
733 512 911 577 praelato,
936 505 1083 578 putidam
1099 513 1286 564 asseveraret

140 610 191 674 vel
208 610 343 673 fortasse
358 620 521 682 asseram
537 629 603 671 non
614 612 663 671 est
674 607 760 671 enim
770 612 838 670 tam
851 612 1003 672 barbarus
1015 608 1068 672 ille
1081 609 1233 690 scriptor,
1250 613 1285 672 ut

141 720 176 783 in
192 723 253 783 hac
272 718 649 802 quidemconstructione
670 717 812 800 posuisse
826 718 1004 800 praesentis
1020 719 1156 781 fonnem
1170 719 1284 783 merito

142 828 299 891 credatur.
331 826 390 892 Cui
412 827 529 890 rationi
552 826 622 910 quis
644 848 710 890 non
732 826 820 889 videt
840 848 907 890 non
922 850 987 890 una
1008 826 1047 890 de
1065 849 1177 892 caussa
1199 828 1284 891 hanc

142 940 322 1020 praestare,
352 940 387 999 ut
409 935 636 999 continuentur
657 940 720 1013 suit
741 947 902 1015 praetereo
925 941 1138 1001 Eratosthenes
1160 957 1219 1000 non
1242 944 1285 1000 ito

141 1053 233 1111 multo
245 1058 313 1126 post
327 1050 457 1109 eiusdem
471 1057 569 1109 reatos
583 1050 787 1125 bibliothecae,
803 1044 1027 1108 medicantem
1039 1045 1285 1128 interponantur
1325 1122 1327 1125 .

141 1163 196 1234 qur·
215 1162 293 1220 idern
308 1165 474 1219 asseverat:
496 1176 572 1217 nam
594 1154 640 1217 its
655 1153 761 1217 nullus
784 1153 987 1217 coniunctivo
1010 1154 1108 1218 locus.
1145 1154 1285 1218 Tuemur

141 1268 249 1327 autem
263 1264 325 1328 hoc
340 1264 386 1328 its
394 1313 403 1345 ,
419 1268 455 1327 ut
470 1263 600 1327 minime
616 1263 656 1326 ad
671 1263 824 1326 librorum
838 1284 986 1331 numeros
1002 1265 1162 1345 pertinere
1177 1265 1284 1328 existi-

140 1362 278 1455 memus,
302 1395 411 1437 verum
438 1373 479 1436 nd
501 1372 690 1437 Callimachi
718 1392 848 1454 operam
876 1371 1088 1436 inscribendis
1114 1373 1204 1436 libris
1227 1375 1283 1436 irn-

141 1505 274 1566 pensam
308 1489 385 1546 idem
418 1502 592 1564 pronomen
626 1482 810 1556 referamus.
862 1479 951 1548 Nihil
984 1481 1070 1544 enim
1103 1482 1284 1546 credibilius

140 1614 236 1674 quam
247 1590 495 1655 Eratosthenem
511 1591 576 1654 suis
591 1590 630 1653 de
646 1589 808 1653 comoedia
824 1591 1060 1656 commentariis
1076 1591 1283 1655 honorificam

140 1699 241 1783 ipsius
256 1685 446 1766 Callimachi
461 1699 657 1762 mentionem
671 1698 795 1779 fecisse,
812 1699 916 1782 utqui
932 1698 970 1762 de
988 1699 1116 1762 fabulae
1134 1701 1283 1783 cuiusque

141 1814 269 1874 auctore
298 1813 331 1872 et
357 1809 419 1872 fide
446 1808 567 1891 primus
599 1807 785 1891 diligentius
818 1808 1036 1890 quaesivisset.
1087 1808 1169 1871 illud
1202 1815 1283 1873 idem

141 1919 245 2001 potuit
266 1919 302 1981 in
324 1917 449 2001 graecis
471 1917 519 1979 vel
543 1918 581 1982 τὸ
604 1917 683 1981 αὐτό
705 1936 773 1979 esse
796 1917 845 1979 vel
869 1918 947 1981 αὐτό
970 1917 1020 1980 uel
1046 1922 1144 1982 τοῦτο
1167 1918 1217 1980 vel
1244 1921 1282 1984 τὸ

140 2029 220 2092 αὐτὸ
241 2032 352 2092 τοῦτο;
376 2046 509 2109 quorum
523 2025 645 2088 nullum
667 2028 731 2105 est,
754 2025 837 2107 quod
852 2047 918 2088 non
940 2025 1051 2089 liceret
1070 2027 1119 2089 vel
1142 2027 1283 2109 paullulo

140 2135 280 2199 liberiori
303 2135 471 2217 interpreti
494 2141 572 2198 idem
586 2133 740 2197 vocabulo
755 2138 889 2197 vertere.
927 2133 1045 2207 Quodsi
1065 2135 1173 2199 omnia
1188 2136 1282 2199 simul

141 2245 397 2328 complectimur,
435 2265 500 2307 non
533 2246 652 2306 temere
685 2242 828 2305 videmur
861 2265 878 2305 e
911 2244 1083 2306 coniuncta
1119 2245 1282 2328 utriusque

140 2353 304 2437 scriptoris
326 2352 478 2416 memoria
501 2351 654 2435 principis
676 2352 775 2415 fontis
798 2351 1019 2436 iutegritatem
1041 2352 1075 2416 in
1103 2353 1187 2417 hanc
1215 2354 1281 2417 fere

140 2462 279 2545 speciem
301 2483 503 2544 recuperare:
526 2461 648 2539 ἀμιγῶν
671 2464 706 2526 δὲ
728 2463 778 2526 καὶ
800 2461 915 2528 ἁπλῶν
932 2463 1079 2543 μυριάδει
1100 2463 1212 2541 ἐννέα,
1236 2465 1281 2530 ὥ(

140 2593 216 2653 φηει
239 2572 436 2651 Καλλίμαχοι
457 2572 475 2635 ὁ
498 2573 636 2637 καὶτῶν
659 2573 738 2636 κατὰ
758 2573 816 2650 τὴν
840 2571 997 2651 βαεὶλειον
1020 2573 1085 2655 (vel
1107 2575 1280 2657 βαιιλικὴν)

139 2682 243 2760 αὐλὴν
266 2683 473 2760 βιβλιοθηκῶν
489 2682 708 2761 προεετηιιώε,
731 2680 829 2759 ὄιττερ
845 2683 895 2745 καὶ
909 2683 985 2746 τοὺς
1000 2683 1133 2748 πίνακα(
1148 2683 1281 2763 ὕιτερον

140 2790 362 2868 ἀνεγράψατο·
406 2793 606 2869 μαρτυρεῖται
633 2789 697 2872 (sel
727 2790 919 2873 βεβαιοῦται)
947 2792 982 2855 δὲ
1011 2792 1090 2855 αὐτὸ
1113 2796 1209 2856 τοῦτο
1231 2793 1283 2856 καὶ

139 2899 354 2977 Ἐρατοεθένει
375 2899 524 2980 ἡλικιωτῇ
549 2899 762 2977 Καλλιμάχου,
789 2900 816 2980 ᾧ
839 2900 888 2963 καὶ
911 2900 997 2981 αὐτῷ
1020 2900 1107 2978 παρὰ
1129 2904 1187 2964 τοῦ
1215 2905 1281 2964 δια-

138 3007 314 3083 δεξαμένου
341 3008 400 3072 τὸν
422 3009 628 3088 Φιλάδελφον
657 3008 810 3087 βαειλέω(
837 3010 875 3072 τὸ
902 3011 1051 3073 τοιοῦτον
1079 3009 1280 3087 ἐνεπιιτεύθη

138 3115 410 3196 βιβλιοφυλάκιον.
456 3115 483 3178 Ε
506 3115 619 3198 quibus
640 3137 721 3179 nnus
739 3115 870 3199 quisque
893 3116 1046 3199 perspicit
1067 3137 1163 3199 quam
1184 3116 1280 3179 facile

137 3224 209 3287 fieri
232 3224 372 3305 potuerit
392 3228 429 3287 ut
450 3246 487 3287 ea
509 3224 580 3307 ipsa
603 3227 862 3307 excerperentur,
885 3246 966 3307 quae
989 3225 1056 3288 sola
1072 3224 1183 3288 relicta
1205 3229 1281 3288 sunt

138 3333 174 3396 in
196 3331 344 3396 Parisino
367 3332 517 3417 codice.*)

97 3627 105 3638 ·
206 3602 232 3666 ⁴³)
247 3600 327 3668 [de
345 3618 375 3654 re
387 3617 454 3654 vera
471 3600 585 3654 Tzctzes
605 3601 759 3670 scripserit,
779 3601 865 3655 codex
883 3602 1081 3655 Ambrosianus
1100 3600 1194 3653 <locent
1206 3601 1280 3670 apud

136 3692 258 3747 Keilium
276 3711 303 3760 p.
326 3698 384 3756 ll'l,
406 3700 435 3746 10
453 3709 514 3758 sqq.
551 3692 603 3757 Qut
621 3711 691 3760 anac
710 3694 744 3748 dc
764 3693 924 3748 Callimachi
943 3712 1004 3746 cum
1025 3692 1197 3760 temporibus
1219 3694 1279 3746 tum

136 3803 254 3839 munere
271 3783 461 3838 bibliothecali
477 3787 543 3853 post
560 3786 712 3840 Heckerum
727 3785 997 3841 Commentationum
1010 3784 1116 3839 Callim.
1130 3804 1157 3854 p.
1173 3792 1203 3840 13
1216 3802 1276 3852 sqq.

136 3880 237 3949 contra
259 3894 303 3930 me
331 3875 391 3944 ipse
419 3877 571 3946 disputavit
593 3878 785 3932 commentarii
812 3879 854 3932 sui
876 3897 903 3947 p.
917 3884 974 3932 aul
1000 3894 1074 3944 sqq,
1102 3876 1278 3943 quantumvis

135 3969 279 4023 subtiliter
302 3969 446 4037 disputata
469 3969 537 4035 sint,
555 3972 649 4024 tamen
673 3970 701 4022 in
726 3970 891 4037 quibusdam
908 3970 1042 4039 partibus,
1060 3987 1111 4024 nec
1133 3969 1173 4023 eis
1196 3968 1278 4023 levio·

134 4063 226 4127 ribus,
244 4061 461 4128 haudquaquam
474 4078 569 4115 onmes
581 4061 648 4114 mihi
661 4064 803 4131 scrupulos
816 4063 936 4117 eximere
953 4065 1112 4130 potuerunt.
1123 4093 1155 4100 -
1168 4062 1278 4114 Praete·

134 4172 185 4209 rea
203 4152 353 4222 plurimum
366 4152 409 4205 his
422 4153 629 4218 quaestionibus
647 4154 752 4222 profuit
769 4155 851 4210 docta
863 4173 896 4209 ac
913 4154 1022 4208 subtilis
1041 4155 1075 4208 de
1093 4152 1277 4224 Apollonio

134 4246 291 4314 disputatio
306 4244 451 4321 ,Rudolphi
468 4245 613 4299 Merkeli
630 4246 739 4313 Prolcg.
763 4246 791 4299 in
816 4248 906 4326 Apoll.
924 4248 977 4301 Rh.
1001 4266 1028 4317 p.
1047 4247 1085 4301 IX
1103 4264 1177 4314 sqq,
1202 4246 1277 4301 cuius

133 4338 318 4394 honorificam
337 4335 509 4390 mentionem
525 4337 608 4391 debui
625 4337 681 4391 iam
699 4355 783 4406 supra
800 4342 891 4394 facere
909 4359 935 4408 p.
956 4346 988 4395 tu
1006 4340 1080 4408 adn]
