2904 4996
489 335 650 383 scannia
673 335 846 383 cervicae.
1177 320 1240 384 705

96 489 208 553 tando.
258 487 404 572 Namque
433 489 459 550 si
488 488 534 551 rei
564 488 691 571 cuique,
726 488 776 551 eui
803 488 868 550 iam
895 491 992 551 antea
1021 488 1140 571 aliquid
1169 492 1239 552 erat

97 599 305 681 attributum,
333 619 459 661 rursum
484 598 570 661 aliud
593 597 743 681 quiddam
766 598 986 679 attribuimuS,
1012 597 1093 681 quod
1116 599 1238 682 signifi·

99 731 172 772 aare
191 708 335 772 volumus
362 707 396 771 in
426 707 560 771 eandem
588 729 656 771 rem
680 707 792 771 eadere
815 711 910 791 atque
931 708 1020 790 prius
1042 707 1135 790 illud,
1166 729 1238 772 oon-

97 822 287 882 sentaneum
311 817 429 881 rationi
453 821 501 880 est
524 818 628 900 ipsum
651 817 729 880 illud
750 817 837 900 prius
853 817 1044 881 attributum
1066 818 1100 880 in
1122 839 1240 880 memo·

99 929 181 991 riam
204 949 368 1008 revocare,
392 949 575 1009 perversum
591 931 697 990 autem
720 931 863 1009 repetere
886 928 1054 1010 posterius,
1084 927 1239 1002 Quocirca

99 1042 132 1101 et
146 1037 296 1121 loquendi
313 1037 512 1119 simplicitati
536 1042 568 1100 et
590 1036 799 1120 intellegendi
816 1038 1033 1101 commoditati
1049 1038 1240 1101 studendum

99 1152 170 1211 erat
191 1148 270 1211 haee
292 1147 445 1210 orationis
469 1146 737 1211 conformatione:
760 1152 810 1210 lile
831 1160 875 1212 est
896 1155 973 1212 enim
996 1154 1075 1212 idem
1096 1155 1147 1212 ille
1163 1153 1239 1211 Clin-

98 1265 206 1336 rivaus,
231 1278 316 1337 quem
338 1279 434 1337 supra
457 1265 587 1321 narravi
607 1263 713 1339 Aeoyn
735 1263 880 1337 oppidum
903 1279 1106 1338 expetendam.
1144 1259 1274 1322 Eam-6

98 1389 161 1451 que
182 1369 377 1432 sententiam
398 1367 507 1431 videor
530 1367 575 1431 sie
600 1367 750 1450 consequi
771 1390 864 1451 posse
882 1368 1097 1432 emendando:
1121 1369 1239 1434 οὗτοι

98 1479 172 1556 γὰρ
200 1479 219 1542 ὁ
247 1481 308 1542 καὶ
342 1479 379 1548 ἐι
412 1480 482 1556 τὴν
516 1477 635 1553 Αἴγυν
669 1479 786 1542 πόλιν
817 1479 1001 1558 ἐιβαλών.
1045 1479 1239 1551 Litterarum

99 1587 186 1650 enim
221 1590 460 1652 conversionem
488 1610 508 1650 a
529 1588 621 1651 nobis
648 1587 770 1651 factam
796 1588 849 1651 vix
878 1610 956 1672 opus
991 1592 1040 1652 est
1068 1589 1238 1652 illustrare.

98 1696 184 1760 Nam
209 1719 278 1761 eum
300 1698 404 1781 primo
426 1697 580 1780 seriptum
603 1701 687 1761 esset
713 1708 1105 1782 ΑΙΓΥΝΠΟΛΙΝΕΕΒΑΛΩΝ,
1130 1699 1240 1762 obseu-

100 1807 178 1869 ratis
207 1807 329 1890 aliquot
356 1808 472 1871 litteris
507 1808 541 1870 in
568 1807 653 1871 hano
681 1807 819 1890 speeiem
848 1817 900 1870 ΑΙΓ
920 1858 924 1867 .
944 1857 973 1868 ..
998 1817 1239 1873 ΟΛΙΝΕΕΒΑΛΩΝ

99 1918 409 2001 conglutinabantur
431 1918 574 1981 residuae
590 1918 677 1981 vocis
692 1921 799 2001 partes
814 1918 876 1981 sie:
900 1927 1240 1981 ΑΡΓΟΛΙΔΑΕΕΒΑΛΩΝ.

185 2027 307 2091 Eadem
323 2028 447 2091 ratione
463 2028 497 2092 in
514 2050 605 2091 versu
620 2029 757 2111 quodam
772 2028 855 2111 apud
878 2027 1136 2090 scholiastam
1158 2027 1240 2091 Pla-

98 2138 209 2200 tonis
232 2138 271 2201 ad
294 2138 474 2203 Phaedrum
497 2162 529 2223 p.
546 2139 608 2203 317
626 2138 674 2202 ed.
700 2137 818 2221 Baka,
843 2159 936 2221 quem
959 2137 1027 2200 sine
1050 2138 1120 2201 vitii
1142 2138 1241 2220 suspi-

97 2248 189 2311 tione
222 2253 258 2310 ut
285 2248 411 2312 videtur
442 2248 484 2313 H.
515 2249 553 2313 Ε.
584 2248 711 2312 Fossius
745 2249 879 2332 protulit
912 2269 1024 2312 comm.
1054 2247 1093 2310 de
1121 2247 1242 2329 Gorgia

98 2358 258 2422 Leontino
279 2381 311 2442 p.
335 2360 387 2442 53,

305 2469 332 2534 εἰ
354 2471 389 2534 δὲ
411 2470 491 2533 κακὰ
513 2471 663 2549 (πείραις,
687 2469 768 2534 κακά
790 2491 844 2536 κεν
867 2469 1019 2549 distento,
1078 2536 1082 2544 ,

98 2581 168 2662 κμέν
189 2578 312 2642 factum
335 2582 384 2642 est
406 2602 444 2643 ex
475 2581 506 2643 κ’
528 2580 659 2658 ἔνθεν,
689 2580 777 2643 euius
805 2583 947 2644 extrema
974 2580 1098 2663 syllaba
1126 2602 1242 2644 evanu-

99 2692 173 2751 erat
194 2692 325 2772 propter
348 2690 482 2753 eandem
505 2711 650 2753 caussam
656 2740 665 2773 ,
695 2712 757 2773 qua
780 2691 884 2755 οὕτω(
908 2690 1091 2754 adverbium
1115 2690 1243 2754 interci-

99 2799 186 2861 disse
209 2799 348 2862 arbitror
370 2798 404 2862 in
426 2798 609 2863 Platonis
631 2800 737 2864 verbis
759 2800 925 2864 Menone
953 2823 984 2884 p.
1009 2802 1050 2866 lb
1074 2806 1114 2864 A:
1152 2802 1243 2880 ἀνδρὶ

100 2909 262 2995 πρεεβύτῃ
293 2910 463 2989 πράγματα
484 2912 687 2990 προετάττειε
710 2910 933 2991 ἀποκρίνεεθαι
956 2911 1096 2989 οὕτως,
1125 2911 1243 2976 αὐτὸ(

99 3022 137 3084 δὲ
160 3021 221 3084 οὐκ
243 3020 360 3085 ἐθέλει(
387 3020 594 3099 ἀναμνηεθεὶι
617 3021 716 3086 εἰπεῖν
740 3042 767 3083 e.
785 3044 815 3104 q.
832 3044 857 3084 s.
889 3019 965 3083 Vim
981 3021 1066 3083 enim
1089 3020 1241 3101 adverbii,

100 3130 206 3212 qualis
241 3133 340 3211 esset,
375 3151 448 3193 vere
482 3130 656 3213 explicavit
688 3131 834 3194 Donatus
862 3130 901 3193 ad
930 3129 1073 3193 Terentii
1100 3130 1243 3193 Andriae

100 3239 129 3321 Ι,
153 3239 174 3301 2
203 3261 232 3302 v.
255 3240 276 3302 4
305 3237 372 3325 l‘sr'c
394 3245 581 3322 proleviter
603 3244 867 3323 etneplepenter,
896 3240 979 3324 quod
1002 3239 1116 3303 Graeci
1139 3240 1244 3304 οὕτω(

101 3348 232 3431 dicunt3
261 3348 425 3433 significat
453 3353 561 3413 autem
584 3350 687 3428 οὕτω(
710 3357 769 3432 sie,
799 3353 832 3413 et
860 3353 909 3413 est
930 3349 969 3412 de
991 3350 1030 3412 iis
1053 3371 1133 3433 quae
1155 3350 1243 3412 adiu-

102 3459 210 3523 vanda
231 3463 324 3543 gestu
347 3459 457 3548 sunt'],
483 3464 745 3524 commemoratus
768 3483 787 3523 a
807 3460 978 3524 Sehuefero
1001 3458 1040 3522 ad
1056 3459 1243 3543 Dionysium

100 3568 210 3655 Halie.
241 3569 280 3633 de
309 3592 446 3654 compos.
476 3572 563 3635 verb.
588 3594 619 3654 p.
643 3571 721 3653 4303
751 3573 846 3654 atque
872 3570 987 3634 addere
1015 3570 1091 3634 licet
1117 3572 1244 3653 praeter

101 3679 170 3743 alia
198 3680 297 3743 multa
325 3678 469 3744 Timonis
502 3703 627 3745 versum
655 3703 671 3744 e
701 3681 802 3745 Sillon
830 3680 912 3744 libro
940 3679 973 3744 II
1001 3680 1085 3764 apud
1114 3679 1244 3744 Sextum

100 3789 301 3872 Empirioum
324 3790 395 3855 adv.
419 3791 519 3855 math.
544 3789 607 3874 IX,
631 3791 671 3855 57
694 3814 726 3874 p.
750 3789 813 3855 319
837 3789 910 3877 [405
932 3789 1063 3877 Beld‹.]:
1093 3790 1182 3870 ὄφρα
1203 3793 1243 3869 μὴ

99 3900 234 3965 οὕτω(
255 3901 455 3980 (ωκρατικόν
470 3903 575 3967 πίνων
597 3902 726 3982 ψυχρὸν
749 3901 851 3966 πότον
866 3901 956 3965 Ἄιδα
970 3901 1029 3986 δύῃ
1054 3898 1120 3988 [ubi
1135 3903 1244 3963 tamen

98 4009 211 4077 αὕτως
244 4011 345 4074 suasit
383 4009 562 4094 Bekkerus‚
607 4033 700 4095 quem
733 4010 874 4095 sequitur
905 4010 1168 4074 Waehsmuthius
1206 4009 1244 4073 de

96 4120 238 4186 Timone
266 4120 407 4184 Plrliasio
440 4145 471 4205 p.
501 4121 572 4209 ssssl:
613 4125 700 4185 reete
728 4122 813 4185 enim
841 4121 887 4184 sie
913 4142 972 4204 pro
1000 4123 1079 4185 Ἄιδι
1108 4120 1245 4183 correxit

96 4230 275 4315 Menagius
298 4230 338 4293 ad
361 4230 457 4315 Diog.
480 4233 585 4295 Laert.
608 4230 670 4315 IX,
694 4232 736 4296 52
758 4255 791 4316 p.
813 4232 878 4296 420
900 4231 996 4294 Meib.
1045 4229 1138 4316 [Item
1161 4230 1244 4293 Plat.

93 4339 211 4408 Aleib.
234 4340 266 4403 ΙΙ
296 4363 327 4424 p.
352 4342 412 4404 148
436 4347 478 4405 B:
516 4344 580 4418 ἐγὼ
609 4344 666 4421 μὲν
695 4343 792 4408 οὐδὲν
814 4343 855 4407 ἂν
878 4342 979 4421 ἔχοιμί
1007 4362 1054 4405 (οι
1077 4342 1192 4421 εἰπεῖν,
1217 4340 1244 4403 ὠ

155 4461 200 4495 rn.
220 4460 387 4494 nrrscsrarr
406 4460 551 4495 aurisensi
571 4462 591 4497 1.
1000 4444 1042 4506 45
