2896 4996
136 382 139 386 -
228 351 292 415 594
612 367 658 413 na
682 366 752 412 ono
775 366 819 412 nr
843 365 984 412 oriona.

230 520 312 603 quod
342 519 383 582 ab
410 518 577 582 novissimi
605 519 770 601 scriptoris
799 520 905 582 aetate
932 518 967 580 11
990 518 1066 581 boni
1096 518 1246 603 cuiusque
1273 542 1379 604 gram-

230 630 340 693 matici
371 629 608 693 commentariis
638 630 677 693 ad
708 634 815 713 partes
844 630 951 693 vocati
978 629 1120 693 ducitur:
1152 633 1189 693 ut
1216 630 1292 694 huic
1322 632 1381 715 ipsi

231 740 379 824 scriptori
401 741 469 804 fere
492 763 611 824 suppar
634 763 693 804 nec
716 741 817 804 multo
840 741 999 824 posterior
1020 741 1251 825 grammaticus
1275 742 1380 805 existi·

231 851 366 915 mondus
399 852 450 914 sit.
503 851 702 935 Quamquam
735 853 840 935 potuit
873 851 971 916 etiam
1005 852 1147 936 aequalis
1181 875 1267 916 esse:
1301 853 1381 937 qnod

232 985 303 1026 cum
326 962 397 1026 aliis
421 962 573 1045 exemplis
598 964 786 1027 confirmare
809 963 906 1026 liceat
929 964 985 1048 (cf.
1002 961 1175 1027 Villoisoni
1197 963 1328 1051 Proleg.
1351 964 1383 1026 in

233 1073 440 1156 Apollonium
464 1072 561 1155 Soph.
585 1097 616 1156 p.
642 1073 721 1137 VIII
744 1077 844 1159 sqq),
868 1078 937 1138 11111
960 1075 994 1137 11
1016 1073 1199 1158 Diogenem
1222 1074 1384 1138 Laertium

233 1184 346 1247 cadere
363 1183 529 1247 contendit
544 1182 689 1247 Raukius
706 1186 745 1248 de
760 1184 923 1268 Hesychia
938 1209 970 1269 p.
987 1186 1026 1248 61
1043 1207 1089 1268 sq.
1122 1184 1384 1249 Consentaneum

234 1300 340 1358 autem
362 1294 441 1357 illud
465 1294 583 1357 rationi
607 1300 655 1358 est
678 1318 749 1358 eum
772 1296 926 1379 maxime,
954 1300 990 1359 ut
1012 1318 1073 1379 quo
1095 1296 1167 1380 quis
1192 1296 1318 1360 acriore
1340 1296 1383 1359 in-

233 1405 354 1469 dustria
383 1406 418 1468 in
453 1406 531 1469 artis
566 1406 797 1490 grammaticae
831 1406 1137 1492 pervestigationem
1172 1407 1383 1485 incumberet,

234 1540 270 1582 oo
293 1517 463 1579 studiosius
488 1516 650 1600 credatur,
675 1517 827 1602 quidquid
850 1522 906 1581 aut
928 1516 1108 1601 aequalium
1133 1522 1191 1580 aut
1207 1540 1313 1602 nuper
1336 1519 1384 1581 de-

233 1628 417 1690 functorum
447 1628 567 1711 scripta
596 1628 795 1692 conducibile
824 1629 991 1710 offerrent,
1026 1619 1061 1690 in
1094 1650 1162 1692 rem
1192 1652 1287 1692 suam
1315 1652 1383 1693 cou-

235 1739 376 1801 vertisse.
423 1738 513 1813 Quod
536 1739 662 1822 quidem
690 1762 748 1802 sua
775 1743 889 1822 sponte
912 1739 1112 1823 intellegitur
1140 1739 1175 1802 in
1203 1740 1383 1824 antiquiora

234 1853 360 1914 tantum
385 1849 512 1912 saecula
536 1850 648 1913 cadere
672 1872 779 1914 eorum
803 1850 1102 1935 grammaticorum,
1133 1851 1189 1934 qui
1219 1855 1333 1934 suopte
1355 1856 1384 1913 et

234 1959 351 2023 iudicio
386 1965 551 2024 uterentur
579 1966 611 2024 et
638 1961 747 2024 labore
776 1962 809 2024 11
838 1960 1053 2045 conquirenda
1083 1962 1383 2025 commentariorum

237 2071 373 2133 materia
395 2076 616 2153 versarentur,
646 2070 782 2135 necdum
806 2095 822 2136 e
844 2072 986 2156 priorum
1010 2072 1205 2136 auctoritate
1228 2073 1289 2136 toti
1312 2094 1383 2156 peu-

237 2181 351 2244 dereut
374 2186 410 2244 ut
432 2183 550 2245 novicii
573 2183 702 2246 infimae
726 2183 841 2246 aetatis
864 2182 1048 2267 magistelli.
1087 2183 1139 2245 Ad
1163 2183 1267 2247 Orum
1289 2184 1384 2268 igitiu

237 2293 397 2356 Milesium
420 2297 455 2355 ut
477 2297 656 2356 revertatur
679 2295 796 2377 oratio,
826 2295 860 2357 in
883 2298 976 2357 tanta
998 2293 1258 2358 testimoniorum
1282 2294 1383 2357 1111111·

236 2404 347 2467 tudine
371 2404 411 2466 ab
435 2404 488 2466 illo
513 2404 683 2467 allatorum
705 2428 770 2468 non
795 2405 901 2468 iuveni
925 2409 1049 2487 tamen,
1078 2426 1173 2488 quem
1198 2409 1307 2469 aetate
1330 2405 1382 2468 mi-

236 2537 346 2577 norem
376 2515 484 2578 citarit
511 2515 580 2597 ipso
609 2515 680 2598 illo,
711 2515 760 2578 eui
788 2515 941 2599 peculiari
969 2515 1076 2577 libello
1106 2515 1299 2579 adversatus
1328 2519 1382 2596 cst,

238 2625 421 2709 Phrynicho
444 2626 665 2709 grammatico,
711 2625 796 2690 Huic
823 2626 923 2710 igitur
951 2625 1051 2688 ferme
1074 2626 1261 2710 aequalem,
1288 2626 1383 2689 Hero

237 2736 333 2799 111111
362 2759 531 2820 supparem
559 2737 675 2799 vixisse
704 2737 860 2819 suspicor:
894 2741 929 2799 ut
961 2759 1027 2800 non
1061 2736 1209 2799 videatur
1238 2742 1297 2801 aut
1323 2760 1383 2800 nou

237 2848 371 2911 multum
396 2852 480 2910 certe
496 2847 657 2910 saeculum
673 2870 704 2930 p.
722 2847 779 2911 Ch.
797 2870 830 2910 n.
848 2848 982 2929 alterum
998 2847 1064 2910 eius
1087 2850 1178 2910 aetas
1202 2849 1382 2912 excessisse.

237 2958 477 3042 Theoguostum
505 2958 591 3021 euim
620 2958 672 3022 Et.
702 2958 745 3022 M.
776 2982 807 3042 p.
836 2959 915 3040 618,
939 2959 975 3040 2,
1005 2957 1106 3042 quode
1135 2959 1224 3021 infra
1252 2961 1383 3040 dicetur,

238 3093 330 3134 nemo
353 3094 449 3133 sanus
473 3070 601 3132 obiciat.
638 3069 726 3143 Quod
751 3073 856 3132 autem
880 3069 966 3132 nolui
983 3069 1149 3133 Osanuum
1167 3069 1318 3133 imitatus
1340 3071 1384 3154 (iu

190 3182 371 3245 aphilea.
396 3205 426 3264 p.
451 3181 513 3244 318
537 3180 661 3265 adnot.)
685 3187 847 3245 {ridiculam
870 3180 960 3243 illum
980 3188 1254 3258 pranrmuticoram
1284 3186 1320 3244 ut
1341 3181 1385 3244 ait

239 3299 518 3357 Alexandrinorum
541 3291 696 3354 antestari
719 3289 852 3353 Venetis
881 3291 914 3353 in
937 3290 1111 3354 Homerum
1140 3291 1276 3355 scholiis
1299 3313 1384 3376 prae-

238 3404 367 3466 missum
396 3427 426 3485 p.
457 3402 506 3465 III
535 3402 654 3485 Bello,
689 3402 722 3466 in
755 3425 816 3486 quo
843 3425 908 3465 non
938 3401 1027 3465 deest
1054 3401 1111 3465 Ori
1139 3424 1279 3466 nomen:
1307 3400 1384 3465 nihil

238 3513 326 3576 illum
355 3514 437 3576 scias
459 3513 550 3576 aliud
580 3535 647 3576 esse
670 3512 940 3576 nisi'iucohatum
967 3512 1105 3576 iudicem
1133 3514 1332 3596 scriptorum
1354 3514 1384 3575 in

238 3625 367 3687 scholiis
391 3626 577 3706 citatorum,
606 3625 638 3687 id
666 3624 748 3707 quod
776 3647 817 3687 ne
839 3623 983 3686 Raulrius
1012 3623 1139 3707 quidem
1166 3625 1189 3686 1.
1217 3648 1244 3688 c.
1270 3648 1303 3708 p.
1330 3624 1387 3686 1:³0

239 3736 316 3797 satis
340 3735 465 3798 videtur
487 3735 700 3819 perspexisse,
730 3737 837 3798 fontes
861 3734 1034 3797 arbitratus
1058 3756 1074 3796 e
1097 3734 1214 3817 quibus
1237 3735 1384 3798 haurian-

239 3849 292 3907 tur
313 3846 443 3908 scholia.
491 3834 672 3909 Consimilis
695 3846 776 3908 ratio
803 3849 851 3907 est
877 3845 990 3908 indicis
1019 3845 1213 3926 seriptonun
1237 3844 1385 3909 Famrini

241 3956 370 4039 llclogis
393 3957 575 4039 praemissi:
599 3980 675 4038 quos
699 3957 831 4019 mirifice
853 3956 985 4018 fallatur
1007 3955 1060 4038 qui
1083 3955 1125 4017 ab
1149 3955 1222 4038 ipso
1240 3957 1386 4021 Camerte

242 4068 338 4129 lectos
367 4067 485 4129 credat.
538 4067 605 4129 Nee
628 4067 758 4130 omnino
786 4066 863 4130 illud
892 4073 1061 4130 novicastri
1082 4071 1236 4144 dandum,
1271 4073 1385 4147 quibas-

239 4200 306 4240 ram
330 4200 390 4240 aaa
413 4177 592 4260 appelletur
608 4178 837 4261 grammaticus
860 4178 1006 4260 quisque:
1030 4175 1291 4260 quandoquidem
1308 4179 1387 4242 Orus

240 4290 368 4370 praeter
390 4288 627 4371 antiquissimos
648 4290 820 4372 magistros
836 4311 932 4371 supra
948 4287 1067 4370 positos
1082 4287 1231 4371 iungitur
1245 4290 1388 4351 omniurn

240 4398 438 4460 saeerrlorurn
461 4400 696 4482 grammaticis,
722 4399 877 4481 Arcadia,
903 4398 1138 4479 Choerobose0‚
1164 4397 1303 4483 Crateti,
1328 4398 1386 4462 Eu-
