3008 5002
544 362 581 407 ru
603 361 885 410 narsrornsuuu.
1221 349 1284 414 215

145 516 282 577 vertitur
302 513 416 576 deinde
438 514 666 596 grammaticus
682 514 722 576 ad
744 513 882 595 priorem
904 515 1152 598 praefationem,
1176 520 1212 579 ut
1226 539 1283 580 an-

145 624 305 706 tiquomm
338 623 549 705 interpretum
582 622 713 686 nomina
751 623 826 686 inde
859 624 1056 688 transcribat
1088 630 1120 688 et
1153 627 1283 690 resectis
1348 667 1353 676 ·

145 733 295 796 inanibus
308 714 438 813 verbis,
468 732 592 795 omissis
617 754 698 815 quae
720 735 816 795 antea
839 732 966 796 aliunde
994 734 1096 816 petita
1123 739 1281 818 posuerat,

145 842 409 925 quemadmodum
432 841 592 905 comoedia
615 863 671 924 per
694 846 758 905 tres
774 845 896 906 aetates
912 846 1035 906 mutata
1050 844 1107 925 sit,
1132 849 1281 926 exponat.

145 951 227 1015 Tum
250 972 324 1014 vero
346 973 384 1013 ex
408 951 510 1013 altera
531 955 622 1034 parte
645 951 807 1035 integmm
823 956 920 1033 caput
941 953 1071 1015 tertium
1094 953 1281 1036 interponit,

144 1083 207 1144 qua
230 1061 264 1123 in
287 1082 320 1123 re
342 1082 407 1123 non
430 1060 543 1123 inutile
566 1064 614 1123 est
635 1061 717 1123 scire
740 1061 846 1143 eapite
869 1064 901 1124 et
922 1061 1112 1145 interstitia,
1135 1046 1216 1144 quae
1238 1063 1282 1126 fe·

144 1170 260 1250 cimus,
285 1170 319 1232 in
342 1169 449 1232 codice
471 1170 574 1233 rubris
598 1169 712 1233 litteris
735 1169 888 1234 distincta
911 1192 988 1234 esse.
1032 1171 1153 1235 Rursus
1177 1175 1283 1236 autem

144 1280 186 1343 ab
208 1301 245 1342 eo
267 1278 381 1361 prioris
404 1279 504 1361 partis
527 1279 612 1360 loco,
635 1279 669 1341 in
687 1299 753 1362 'quo
775 1280 962 1343 substiterat
984 1279 1024 1364 (I,
1047 1282 1092 1365 5),
1117 1302 1211 1363 opere
1233 1304 1280 1345 re-

142 1392 232 1451 texto
255 1408 396 1470 eaquae
422 1387 461 1450 de
484 1387 653 1470 Dionysio,
684 1386 830 1469 Cratete,
858 1388 991 1453 Euclide
1014 1390 1134 1473 scripta
1156 1391 1281 1454 invenit

143 1519 210 1561 non
225 1497 347 1578 minus,
371 1519 466 1580 quam
482 1501 557 1560 ante
572 1496 610 1560 de
625 1496 798 1560 Heliodoro
813 1497 950 1581 fecerat,
975 1500 1164 1582 corrumpit,
1182 1521 1280 1583 eoque

143 1607 348 1688 perturbatus
370 1606 514 1670 ordinem
536 1627 658 1689 quoque
673 1627 778 1669 rerum
797 1607 939 1670 invertit.
977 1608 1028 1671 Ita
1050 1607 1099 1671 his
1122 1607 1163 1671 ad
1184 1610 1281 1672 finem
1409 1679 1411 1684 .

142 1715 305 1798 perductis
328 1714 449 1798 reliqua
470 1715 627 1778 secundae
650 1716 751 1797 partis
767 1716 891 1798 capita,
915 1739 995 1800 quae
1017 1718 1096 1781 satis
1118 1718 1226 1801 inepte
1249 1723 1281 1783 et

143 1826 206 1905 ita,
230 1828 266 1886 ut
287 1823 425 1887 hominis
447 1824 586 1887 indolem
608 1846 736 1907 prorsus
762 1825 944 1909 pervideas,
974 1827 1078 1890 verbis
1100 1829 1230 1904 γένοιτο
1254 1831 1282 1893 b’

142 1936 183 1999 ἂν
212 1935 429 2014 (αφεετέραὴ
456 1938 523 1998 τῶν
542 1935 702 2000 τοιούτων
725 1936 906 1999 διοαεκαλία
934 1936 999 2001 drot
1022 1958 1092 2001 πω(
1114 1937 1159 2019 (p.
1186 1937 1280 2022 1241)
1403 1937 1407 1945 '

142 2043 306 2124 annectit,
331 2064 387 2105 suo
409 2043 501 2105 modo
517 2044 552 2106 in
573 2066 664 2106 usum
679 2065 770 2119 suurn
786 2044 953 2108 convertit.
985 2043 1075 2108 Nihil
1091 2045 1126 2108 in
1147 2044 1197 2108 his
1220 2049 1278 2127 est,

141 2151 226 2236 quod
248 2151 480 2215 dubitationem
502 2153 678 2235 relinquat,
709 2153 771 2216 nisi
794 2154 864 2236 quis
886 2153 985 2234 sorte,
1014 2157 1049 2216 ut
1071 2154 1175 2217 dicam
1197 2155 1280 2237 quod

141 2261 263 2343 sentio,
298 2262 425 2325 brevem
457 2263 496 2324 de
531 2261 692 2325 comoedia
725 2262 903 2325 Alcibiadis
937 2263 1129 2326 auctoritate
1156 2266 1280 2327 mutata
1384 2282 1386 2287 ·

142 2371 361 2434 narrationem
377 2371 422 2454 (p.
442 2371 536 2456 1239)
553 2371 681 2434 aliunde
695 2371 831 2455 petitam
846 2393 914 2436 esse
929 2372 1031 2454 dicat,
1054 2375 1091 2435 ut
1112 2371 1151 2435 de
1166 2376 1280 2456 quarto

142 2482 257 2564 prioris
279 2481 381 2563 partis
404 2481 508 2563 capite
531 2481 613 2544 nihil
635 2480 799 2544 Parisinus
820 2481 1049 2565 grammaticus
1072 2481 1230 2565 attigerit.

227 2589 288 2653 Sed
312 2591 450 2668 ἀπορίαν
473 2593 603 2653 movent
624 2590 727 2672 prima
750 2590 867 2654 codicis
890 2590 1027 2653 Parisim'
1051 2591 1174 2673 capita,
1198 2613 1279 2675 quae

142 2701 177 2763 in
193 2700 404 2762 Ambrosiano
426 2699 544 2782 partim
559 2699 689 2781 desunt,
714 2699 832 2781 partim
854 2703 922 2763 tam
943 2700 1075 2763 diversis
1097 2701 1220 2782 verbis,
1244 2706 1280 2765 ut

141 2809 218 2871 hinc
240 2808 342 2890 petita
357 2830 424 2871 esse
439 2830 505 2871 non
527 2807 667 2890 possint,
693 2812 849 2891 concepta
866 2814 951 2872 sunt.
989 2808 1096 2892 Atque
1118 2808 1196 2871 illud
1219 2814 1277 2891 est,

140 2939 204 3000 quo
226 2917 456 2980 intricatiorem
477 2917 561 2980 hano
584 2939 651 2980 rem
679 2917 811 2980 evadere
836 2899 915 2981 dixi.
960 2916 1138 2980 Nemeum
1166 2916 1279 2979 horum

140 3026 297 3089 maximus
312 3027 355 3089 sit
377 3031 409 3090 et
432 3048 502 3090 cum
518 3026 589 3090 aliis
604 3026 767 3089 nonnullis
784 3026 1068 3107 commentariolis,
1093 3025 1145 3107 qui
1160 3025 1277 3087 fabulis

141 3135 386 3218 Aristophaneis
413 3136 449 3199 in
482 3135 641 3199 codicibus
676 3136 809 3218 praefixi
841 3139 932 3219 sunt,
968 3139 1000 3198 et
1033 3156 1103 3198 cum
1131 3133 1277 3216 Dionysii

140 3244 275 3308 Thracis
297 3245 424 3308 scholiis
447 3243 548 3308 Beklr.
575 3244 703 3308 Aneed.
719 3268 750 3327 p.
769 3245 829 3309 747
846 3268 911 3327 sq.,
936 3247 968 3308 et
989 3265 1064 3307 vero
1086 3243 1184 3306 etiam
1207 3263 1277 3305 oum

140 3354 278 3417 Tzetaae
300 3354 413 3417 iambis
429 3354 533 3418 Cram.
550 3354 673 3417 Anecd.
692 3356 794 3418 Oxon.
811 3353 860 3416 III
881 3376 913 3436 p.
930 3353 993 3416 340
1007 3375 1075 3435 sqq.
1093 3371 1275 3431 consensus,

139 3462 205 3526 diei
238 3463 364 3545 nequit,
399 3485 478 3546 quae
511 3464 596 3526 inter
628 3462 686 3526 has
714 3462 965 3545 Byzantinorum
997 3460 1276 3544 grammaticorum

139 3571 330 3654 scriptiones
352 3572 434 3634 ratio
449 3572 636 3636 intercedat.
675 3571 863 3654 Quanquam
883 3569 1033 3653 quoniam
1047 3570 1132 3632 hano
1154 3590 1276 3652 quoque
1295 3590 1344 3638 127

140 3679 280 3743 Parisiui
310 3681 528 3744 commentarii
562 3684 688 3764 partem
720 3704 737 3744 e
769 3680 1004 3765 prolegomenis
1032 3677 1275 3761 Aristophaneis

139 3789 288 3853 haustam
316 3810 383 3852 esse
411 3789 561 3871 vidimus,
596 3791 760 3872 probabile
788 3811 865 3853 sane
894 3792 957 3870 est,
993 3789 1089 3851 aliam
1116 3788 1276 3870 quandam

140 3871 277 3962 Thetzae
304 3898 522 3981 scriptionem,
551 3921 632 3982 quae
660 3901 695 3963 in
722 3899 855 3963 historia
885 3897 1064 3961 comoediae
1091 3895 1276 3980 indaganda

139 4006 338 4087 versabatur,
355 4007 421 4070 sive
436 4008 477 4070 ab
492 4008 561 4090 ipso
573 4007 799 4090 Aristophanis
813 4005 1072 4089 interpretationi
1088 4004 1273 4088 praefixam,

138 4117 208 4179 sive
230 4117 271 4178 ab
294 4116 357 4177 alio
379 4116 513 4198 quodam
535 4116 745 4200 grammatico
768 4116 801 4180 in
823 4115 949 4179 brevius
966 4117 1163 4178 contractam
1186 4118 1219 4176 et
1239 4112 1274 4176 in

138 4225 201 4288 hoc
229 4225 300 4288 loco
329 4223 464 4306 positam
493 4226 650 4307 extitisse,
685 4247 702 4287 e
735 4247 796 4308 qua
824 4246 889 4287 non
916 4224 1017 4287 solum
1050 4224 1129 4286 haec
1157 4221 1274 4285 codicis

138 4331 281 4396 Parisini
296 4352 386 4414 pars,
401 4331 456 4396 sed
472 4355 510 4396 ea
525 4334 638 4416 etiam,
655 4333 784 4417 quaein
799 4333 894 4396 simili
910 4337 1097 4415 argumento
1113 4331 1274 4395 versantia
