2896 4996
247 324 310 387 612
360 341 365 351 ·
632 340 679 386 mr
703 340 771 385 ouo
796 341 839 386 ar
863 339 1005 388 oaromr.

248 493 305 555 bus
329 513 366 555 ea
389 491 595 555 incrementis
617 491 878 569 historiamartis
893 492 1125 576 grammaticae
1146 491 1390 576 locupletantia.

248 601 517 665 Testimoniorum
540 624 577 664 ex
594 601 753 665 veteribus
776 602 995 684 scriptoribus,
1018 602 1242 686 grammaticis
1267 603 1392 686 potissi·

247 734 333 775 mum
357 711 601 796 diligentissime
624 711 836 775 excitatorum
858 713 1097 776 multitudinem
1114 717 1191 776 ante
1210 735 1308 797 quam
1330 713 1390 777 edi·

247 826 315 884 tum
342 821 405 884 fuit
432 821 560 885 Bastius
589 822 712 905 pridem
741 821 938 885 collaudaret
966 822 1000 886 in
1029 821 1127 908 Greg.
1158 822 1232 887 Cor.
1258 846 1291 907 p.
1315 824 1390 887 459:

247 954 308 994 nec
330 954 419 1015 spem
442 931 559 994 fefellit
581 938 723 995 eventus
755 932 917 1006 Quantum
938 933 1090 1017 igiturex
1113 932 1179 996 illis
1203 933 1282 1016 ipsis
1305 933 1389 996 testi-

248 1042 364 1105 moniis
394 1042 570 1126 colligitur,
606 1042 786 1125 praecipui,
817 1065 834 1105 1
862 1043 975 1126 quibus
1003 1065 1082 1126 opus
1110 1065 1203 1105 suurn
1235 1045 1389 1127 magister

248 1151 470 1216 Caesareensis
494 1152 691 1234 compilarat,
715 1152 821 1215 fontes
836 1152 870 1214 hi
885 1153 1025 1230 fuerunt,
1048 1143 1217 1235 dequibus
1239 1153 1385 1235 quoniam

247 1262 403 1345 singulari
426 1262 612 1345 quaestione
634 1262 868 1345 disputaturum
896 1284 962 1325 non
990 1261 1118 1324 deficiat
1140 1262 1304 1325 scribendi
1325 1285 1386 1325 nra·

247 1372 344 1453 teria,
375 1373 460 1435 malo
482 1372 563 1435 nihil
591 1394 687 1455 quam
709 1394 812 1456 pauca
836 1372 1054 1436 commentari.
1100 1371 1272 1435 Tractavit
1293 1372 1385 1456 igitur

248 1482 324 1546 Orio
341 1504 379 1546 ex
397 1483 452 1564 eis,
477 1482 530 1565 qui
547 1483 776 1566 etymologicus
798 1483 860 1565 ipsi
882 1482 980 1546 libros
1004 1483 1270 1564 composuissent,
1294 1481 1383 1565 Apol·

247 1591 401 1673 lodorum,
426 1591 631 1655 Heraclidem
653 1592 838 1675 Ponticum,
868 1591 1024 1657 Soranum
1046 1591 1206 1656 medicum
1229 1595 1264 1655 et
1286 1613 1382 1676 gram-

247 1703 399 1765 maticum
430 1703 484 1784 (cf.
509 1702 647 1766 Fabricii
670 1702 754 1765 Bibl.
779 1716 827 1787 gr.
852 1702 915 1766 XII
944 1726 975 1786 p.
999 1702 1062 1766 (385
1084 1701 1210 1787 Harl),
1241 1703 1295 1785 qui
1321 1701 1380 1785 qui—

246 1812 318 1875 dem
341 1835 405 1876 non
429 1813 468 1875 de
491 1812 653 1895 quibusvis
677 1813 878 1897 etymologiis
901 1813 1118 1896 quaesiverat,
1148 1812 1205 1875 sed
1228 1814 1300 1892 περὶ
1321 1813 1379 1876 ἐτυ-

246 1926 410 2000 μολογιῶν
439 1927 497 1988 τοῦ
527 1924 671 2001 <ductor
693 1928 752 1987 τοῦ
775 1923 966 2002 ἀνθρώπουῑ
1004 1923 1031 1985 is
1059 1922 1145 1986 enirn
1173 1924 1288 2006 plenus
1314 1920 1377 1984 libri

247 2032 342 2095 index
371 2033 443 2096 fuit.
489 2032 621 2096 Praeter
650 2033 707 2096 hos
735 2055 806 2096 curn
833 2034 916 2116 apud
944 2032 1186 2116 probatissimos
1214 2032 1293 2095 artis
1315 2051 1377 2093 auc·

246 2146 331 2206 tores
361 2143 501 2206 studiose
531 2144 732 2227 conquireret
759 2146 792 2206 et
819 2143 909 2227 quasi
936 2142 1169 2224 emendicaret,
1204 2143 1307 2224 siquid
1337 2139 1376 2203 illi

247 2252 425 2335 promiscue
448 2258 480 2316 et
502 2254 592 2338 quasi
620 2257 861 2336 praetereuntes
889 2253 985 2316 etiarn
1012 2252 1051 2315 de
1073 2274 1187 2315 vocum
1210 2250 1375 2334 originibus

247 2363 375 2445 scriptis
403 2363 467 2426 suis
496 2364 738 2447 inspersissent,
773 2364 965 2426 uberrimam
999 2362 1266 2446 etymologiarum
1297 2357 1373 2443 quasi

247 2494 382 2536 messem
415 2474 493 2554 fecit
521 2474 555 2537 in
583 2474 759 2537 Herodiani
788 2474 997 2552 ἐπιμεριεμῶν
1030 2473 1137 2554 libris,
1173 2468 1373 2551 ὀρθογραφίᾳ,

248 2584 425 2665 ευμποείῳ,
460 2586 532 2663 περὶ
554 2588 668 2648 παθῶν
698 2584 804 2664 libris,
836 2582 1065 2666 Philoxenique
1092 2582 1148 2645 illo
1178 2582 1276 2644 etiarn
1303 2579 1372 2642 anti·

247 2693 365 2776 quioris
398 2695 469 2772 περὶ
497 2695 747 2774 μονοευλλάβων
783 2694 931 2773 ῥημάτων
966 2693 1070 2768 libris,
1107 2694 1179 2771 περὶ
1212 2693 1372 2756 διαλέκτων

247 2803 352 2885 libris,
383 2805 454 2884 περὶ
476 2807 710 2881 διπλαειαεμῶν
733 2804 832 2866 libris.
878 2802 952 2866 Non
981 2802 1059 2866 adeo
1087 2801 1189 2864 multa
1211 2801 1316 2865 hausit
1339 2819 1369 2860 ex

247 2914 411 2997 Apollonii
434 2936 505 2977 cum
528 2914 599 2976 aliis
623 2913 859 2977 commentariis
881 2916 949 2975 tum
965 2913 1003 2976 de
1019 2911 1178 2975 adverbiis
1200 2911 1370 2994 scriptione,

247 3024 397 3107 pauciora
430 3025 527 3087 etiam
562 3047 599 3087 ex
628 3023 842 3087 Eudaemonis
880 3021 1124 3106 orthographia,
1159 3021 1284 3085 irenaei
1316 3019 1371 3081 sive

246 3133 357 3197 Pacati
381 3134 554 3197 Atticistae
577 3134 688 3215 lexic0,
714 3133 842 3196 scholiis
864 3133 898 3195 in
921 3135 1031 3216 poetas
1047 3131 1210 3215 quosdam,
1234 3128 1372 3214 paucissi-

195 3254 228 3300 ‘29
246 3245 306 3308 mis
330 3244 469 3307 eiusdem
491 3244 619 3330 generis
649 3243 730 3306 aliis.
776 3242 843 3307 Hos
872 3243 1013 3326 quidem,
1042 3242 1069 3304 si
1097 3243 1201 3324 ipsum
1230 3241 1371 3315 audimus,

247 3356 362 3440 legisse
391 3355 551 3438 putandus
581 3358 638 3417 est.
685 3354 741 3418 Cui
770 3353 932 3437 quaeritur
960 3375 1037 3416 num
1063 3352 1109 3415 ita
1136 3351 1298 3415 fidendum
1328 3349 1372 3425 sit,

247 3469 281 3528 ut
303 3467 368 3528 suis
396 3466 542 3529 manibus
569 3487 737 3547 usurpasse
766 3464 892 3547 suisque
925 3464 1022 3526 oculis
1055 3467 1276 3545 perreptasse,
1308 3480 1374 3544 quos

245 3576 421 3639 testimonii
445 3598 556 3639 caussa
579 3576 750 3657 scriptores
773 3573 899 3655 attulit,
924 3573 1086 3650 credatur,
1110 3594 1152 3635 an
1176 3573 1310 3636 aliorum
1331 3590 1375 3654 pu

246 3686 308 3749 tius
332 3691 364 3750 et
387 3687 602 3770 antiquiorum
625 3686 852 3769 magistrorum
875 3683 1005 3747 lectioni
1027 3685 1152 3766 partem
1170 3687 1258 3746 certe
1281 3681 1375 3765 exqui-

246 3797 468 3860 sitissimorum
490 3796 744 3860 testimoniorum
767 3795 882 3857 debere
904 3792 1073 3856 videatur?
1102 3793 1211 3876 Atque
1228 3793 1283 3856 hic
1304 3812 1379 3856 reco

245 3906 340 3968 lenda
368 3907 424 3970 illa
452 3907 586 3990 suspitio
615 3910 663 3969 est
691 3910 723 3969 et
751 3905 937 3989 diligentius
965 3903 1201 3986 persequenda,
1233 3904 1269 3966 in
1297 3922 1381 3986 quam

246 4017 314 4099 ipso
339 4017 552 4081 ratiocinandi
575 4038 658 4079 nexu
681 4016 874 4079 ducebamur
897 4019 916 4095 ξ
942 4015 995 4096 10,
1024 4016 1059 4076 ut
1080 4034 1211 4076 suorum
1236 4014 1385 4099 quaedam

245 4148 310 4189 uon
340 4127 468 4191 aliunde
497 4132 591 4210 atque
619 4127 660 4191 ab
683 4126 748 4190 Oro
776 4126 901 4188 Milesio
928 4126 1090 4187 mutuatus
1124 4144 1196 4189 esse
1233 4126 1386 4189 credatur.

244 4235 332 4310 Quod
356 4259 396 4300 ne
420 4238 552 4301 calidius
574 4239 632 4300 fiat
653 4258 748 4321 quarn
776 4234 979 4318 prudentius,
1008 4234 1147 4316 primum
1176 4236 1390 4301 secernendae

245 4369 300 4411 eae
324 4348 508 4412 notationes
531 4352 620 4427 sunt,
653 4346 823 4431 inquibus
850 4347 918 4409 sive
941 4343 1091 4407 Larcheri
1115 4349 1308 4430 exemplum
1330 4347 1391 4412 imi-
