2924 4996
216 307 282 368 410
475 321 524 366 nn
541 319 691 368 nusum
712 321 832 366 mvn
855 318 1115 367 scumrouruvs.

215 481 255 558 τῇ
276 475 361 552 πρὸ(
386 476 446 552 τὴν
468 475 604 538 Ῥοδίων
631 475 729 538 πόλιν
755 474 821 537 ὑπὸ
842 474 1028 551 Διιαπρίου
1054 473 1268 556 προεαχθείεῃ
1296 478 1362 539 rot(

216 585 350 663 τείχεειν
377 585 540 659 ἑλεπόλει,
566 584 695 660 Tipaso(
717 585 751 647 δ’
772 585 826 646 ἐπὶ
846 590 885 665 τῇ
906 589 993 664 πυρᾷ
1018 590 1057 665 τῇ
1083 584 1361 667 καταειευαεθεὶεῃ

217 695 382 776 Διονυείῳ
407 701 455 778 τῷ
480 694 619 759 mou<
645 695 812 776 τυράννῳ,
837 696 888 756 καὶ
914 695 1102 772 Ἱερόινυμοε
1130 694 1184 758 ἐπὶ
1209 700 1248 776 τῇ
1270 716 1360 758 κατα-

217 812 310 887 (κευῇ
337 808 394 881 ιήε
421 804 604 882 ἀρμαμόξηε
631 806 840 886 ῇευνέβαινε
865 808 1129 882 κατακομιεθῆναι
1155 805 1195 868 τό
1217 805 1360 870 Ἀλεξάν-

216 921 299 994 δρου
320 919 427 995 ςῶμα,
449 915 667 978 Πολύκλειτοε
687 915 722 977 δ’
737 915 790 977 ἐπὶ
810 920 856 997 τῷ
879 915 1000 995 λυχνίῳ
1020 921 1067 998 τῷ
1082 917 1362 1014 καταοιευαερέντι

216 1031 264 1108 τῷ
285 1026 395 1107 Πέρεῃ
417 1045 445 1087 e.
461 1046 493 1108 q0
510 1046 536 1086 s.
586 1026 636 1086 Ac
657 1022 830 1106 scriptores
851 1023 978 1106 quidem
999 1023 1058 1085 hos
1078 1023 1160 1105 dici,
1192 1046 1260 1087 non
1287 1026 1360 1088 arti·

217 1134 293 1198 tices
315 1134 443 1197 illorum
464 1155 613 1216 operum,
636 1135 723 1196 inter
744 1155 855 1196 omnes
877 1133 1037 1196 convenit.
1070 1133 1160 1217 Ergo
1174 1135 1361 1213 θαυμάζεται

220 1243 541 1328 Schweighaeuserus
573 1245 803 1326 interpretatus
825 1248 875 1306 est
897 1250 1080 1324 admiratur,
1104 1243 1287 1307 incredibili
1315 1246 1360 1307 in·

218 1354 399 1437 wgitantia
432 1353 563 1417 adscitis
596 1355 810 1432 θαυμάεονται
845 1352 968 1416 formae
997 1353 1166 1436 exemplis,
1202 1353 1361 1418 Gustavus

217 1468 329 1528 autem
357 1463 572 1547 Kiesslingius
599 1485 688 1527 meus
718 1463 996 1527 commentationis
1022 1463 1062 1526 de
1083 1463 1295 1527 Menaechmo
1317 1463 1361 1529 Si-

220 1574 337 1658 cyonio
359 1578 393 1636 et
414 1573 612 1656 Hieronymo
633 1574 794 1638 Cardiano
823 1573 938 1656 (Cizae
960 1572 1065 1636 editae
1092 1594 1121 1635 a.
1147 1573 1251 1657 1830)
1274 1596 1306 1657 p.
1321 1574 1359 1636 21

216 1684 379 1767 passivam
408 1684 474 1747 vim
501 1684 568 1746 eius
598 1683 687 1746 verbi
714 1688 829 1747 tenens
856 1684 892 1746 in
914 1705 952 1747 eo
973 1683 1148 1766 acquievit,
1181 1686 1218 1745 ut
1246 1684 1299 1747 ἐπὶ
1324 1690 1360 1766 τῇ

216 1795 364 1860 ἑλεπόλει
385 1794 465 1857 ‘fere
480 1795 606 1877 poetica
621 1794 770 1878 loquendi
792 1774 929 1857 ratione’
952 1794 1091 1877 positum
1112 1814 1171 1876 pro
1187 1794 1240 1857 ἐπὶ
1254 1800 1293 1877 τῇ
1307 1798 1361 1872 τῆ(

217 1904 398 1970 ἑλεπόλεως
426 1906 565 1984 διηγήεει
591 1908 730 1987 putaret.
784 1903 905 1967 Verum
925 1925 986 1967 nec
1012 1904 1048 1966 in
1069 1906 1165 1986 poeta
1188 1924 1360 1981 versamur,

217 2034 277 2077 nec
301 2013 526 2097 descriptionis
541 2015 647 2098 potius
662 2036 758 2097 quam
779 2035 912 2097 operum
933 2013 1149 2077 laudationem
1172 2014 1359 2096 expetimus.

217 2122 379 2206 Scriptum
394 2124 494 2208 igitur
509 2124 550 2187 ab
562 2125 731 2188 Athenaeo
752 2126 980 2203 θαυμαζέτω
1002 2123 1207 2188 arbitramur.
1231 2123 1362 2188 Etenim

217 2240 409 2297 admiranter
430 2234 575 2298 Moschio
603 2234 709 2319 inquit
736 2240 793 2298 ulii
818 2239 882 2297 aliu
904 2254 999 2315 opera
1021 2241 1134 2312 inn'pue'
1153 2246 1223 2297 arte
1246 2240 1362 2314 opibus-

217 2365 274 2423 que
295 2351 414 2408 eximiis
434 2357 610 2409 exstructa:
636 2366 683 2408 me
704 2350 803 2409 iudice
823 2352 939 2410 cunctis
961 2351 1093 2423 pluriam
1113 2351 1271 2424 praeripit
1293 2350 1362 2408 Hie·

217 2460 302 2517 runis
332 2461 459 2519 consilio
490 2460 711 2535 sumptibusque
750 2461 915 2532 aedificata
947 2462 1047 2533 aaut,
1086 2453 1175 2518 cuim
1212 2453 1364 2538 deinceps

217 2564 451 2647 praestantiam
476 2586 534 2648 per
556 2565 684 2649 singuiis
706 2566 915 2648 persequitur.
