3014 5010
210 322 269 384 154
507 333 757 381 COROLLARIVM
780 332 1046 380 orsrvramon'ls

206 511 238 571 p.
254 490 296 552 29
313 485 376 574 [26]
394 509 462 570 sqq.
480 487 541 549 130
557 483 641 572 [107]
659 506 739 567 sqq,
761 483 916 547 ambitum
936 483 1134 567 singulorum
1149 485 1345 549 voluminum

206 602 273 660 tam
285 596 382 660 fuisse
395 595 554 679 exiguum,
571 616 612 657 ne
624 594 728 657 dicam
743 593 902 677 pusillum,
919 596 965 675 ut,
982 595 1042 657 hoc
1053 593 1081 656 si
1093 593 1172 658 satis
1184 597 1344 676 teneatur,

207 706 331 769 illorum
344 705 461 768 veritas
473 704 728 767 testimoniorum
737 702 963 786 propemodum
972 704 1172 786 comprobari
1183 704 1345 769 oculorum

206 815 322 878 iudicio
334 814 488 878 videatur.
512 813 682 877 Possumus
697 812 758 875 hoc
773 832 830 894 per
845 811 973 896 singula
988 813 1146 895 persequi,
1163 813 1238 876 dum
1254 808 1345 877 vasta

206 924 311 1007 spatia
326 923 505 987 litterarum
525 942 713 1006 graecarum
733 920 950 1004 particulatim
970 921 1190 1003 permetiendo
1206 923 1345 987 calculos

205 1034 421 1098 subducimus:
443 1032 498 1096 sed
513 1032 659 1095 nolumus
675 1052 742 1095 esse
758 1030 861 1113 putidi
882 1031 917 1093 in
932 1052 966 1093 re
982 1035 1102 1113 aperta.
1140 1031 1244 1095 Lubet
1259 1033 1345 1096 enim

205 1143 377 1224 sciscitari,
401 1141 476 1225 quid
499 1140 629 1204 tandem
651 1162 709 1222 pro
731 1139 905 1223 repudiatis
927 1140 995 1223 ipse
1018 1141 1230 1223 amplectatur
1245 1140 1345 1205 Bern-

206 1253 357 1334 hardyus.
406 1250 536 1315 Scilicet
558 1240 706 1328 digesta
732 1260 762 1313 et
781 1255 932 1328 simplicia
961 1249 1123 1313 volumina
1150 1249 1206 1313 illa
1233 1251 1343 1333 fuisse,

206 1362 319 1445 quibus
340 1359 492 1444 singuli
515 1359 735 1442 scriptores
752 1358 1007 1441 continerentur,
1028 1366 1206 1437 commixto,
1231 1361 1345 1442 quibus

206 1471 408 1553 complura
440 1468 591 1551 scripta
624 1468 689 1531 sive
722 1467 815 1531 unius
844 1467 1007 1550 scriptoris
1037 1468 1103 1531 sive
1137 1469 1345 1551 complurium

206 1580 315 1643 iuncta
330 1579 539 1658 haberentur,
563 1600 640 1660 quos
662 1578 788 1660 quidem
804 1576 927 1640 codices
944 1577 1102 1641 miscellos
1124 1577 1229 1641 dicere
1251 1578 1345 1642 hodie

206 1688 435 1753 consuevimus.
484 1687 521 1750 ld
549 1709 620 1750 cum
650 1708 776 1769 prorsus
804 1686 991 1749 incredibile
1018 1686 1244 1751 indicassemus
1274 1710 1345 1752 cum

205 1802 335 1881 propter
356 1793 901 1883 1111111111111126[23])11111111111
922 1795 1000 1859 adeo
1023 1797 1189 1879 angustias
1211 1796 1346 1861 istorum

205 1907 416 1987 voluminum,
456 1904 652 1969 multitudini
691 1905 880 1987 scriptorum
917 1904 1175 1988 complectendae
1213 1906 1345 1970 minime

205 2016 330 2099 parium
337 2066 345 2097 ,
378 2021 447 2079 tum
481 2018 611 2097 propter
638 2036 839 2077 numerorum
868 2014 1118 2096 immanitatem,
1152 2015 1346 2097 simplicium

206 2125 418 2207 frequentiam
445 2123 621 2207 quadruplo
649 2122 882 2206 superantium:
912 2124 973 2187 hoc
1000 2123 1143 2206 quidem,
1177 2124 1260 2206 quod
1290 2148 1345 2207 po-

205 2238 322 2298 stremo
345 2235 414 2298 loco
436 2234 612 2316 posuimus,
636 2231 869 2296 incommodum
892 2230 1118 2316 Bernhardyus
1144 2233 1256 2296 tollere
1278 2256 1345 2297 cor·

155 2326 293 2412 arrecta
321 2365 523 2406 numerorum
551 2343 716 2406 notatione
743 2341 803 2406 sibi
826 2342 911 2404 visus
935 2344 997 2422 est,
1027 2342 1115 2424 prius
1137 2345 1244 2405 autem
1266 2343 1346 2406 illud
1469 2379 1476 2390 ·

206 2476 243 2515 eo
266 2452 388 2515 elevare
417 2475 448 2533 p.
472 2453 535 2514 830
556 2452 636 2532 ima,
665 2451 747 2534 quod
769 2472 922 2534 magnam
950 2454 1074 2533 partem
1096 2450 1222 2513 illomm
1249 2452 1345 2514 libro-

206 2583 275 2623 rum
298 2583 363 2624 non
385 2561 419 2623 in
441 2561 512 2642 ipsa
526 2560 675 2643 Aegypto
695 2563 928 2642 comparatam,
952 2560 1006 2623 sed
1029 2558 1156 2623 aliunde
1178 2559 1346 2624 advectam

205 2670 338 2732 monuit.
384 2669 419 2731 ld
448 2691 509 2752 quo
537 2673 676 2753 spectet,
706 2669 832 2752 planius
860 2691 898 2732 ex
925 2669 1024 2732 allato
1053 2668 1170 2732 codicis
1193 2668 1345 2734 Photiani

206 2779 286 2860 (non
304 2779 478 2860 rsa-156,
503 2778 557 2841 sed
575 2778 753 2863 151-157)
775 2779 919 2860 exemplo
934 2781 1079 2860 apparet,
1102 2782 1138 2840 ut
1153 2778 1207 2860 qui
1222 2782 1346 2861 septem

206 2888 486 2971 grammaticorum
509 2888 610 2952 lexico
634 2888 814 2971 complexus
837 2887 889 2950 sit.
934 2886 1092 2950 Nimirum
1121 2885 1159 2948 de
1183 2886 1360 2952 codicibus⁴

205 2998 416 3061 membraneis
440 2998 609 3082 cogitavit,
633 3019 764 3080 quorum
786 2996 886 3058 multo
908 2997 1009 3059 maior
1031 3019 1126 3079 quam
1147 2996 1346 3061 voluminum

207 3129 454 3190 papyraceorum
469 3107 642 3190 capacitas.
669 3104 770 3179 Quam
786 3105 912 3188 quidem
923 3105 1201 3169 ratiocinationem
1216 3127 1345 3188 prorsus

207 3238 270 3278 non
298 3216 496 3299 expedimus,
530 3238 601 3280 cum
628 3216 662 3278 in
692 3236 729 3278 ea
757 3218 862 3277 aetate
891 3214 1144 3278 Ptolemaeorum
1172 3236 1344 3299 versemur,

206 3348 267 3407 qua
289 3325 417 3388 vixdum
439 3325 588 3388 iuventus
610 3324 885 3388 membraneorum
906 3346 981 3387 usus
1003 3323 1155 3387 librorum
1177 3328 1262 3406 erat,
1290 3327 1345 3408 qui

206 3438 311 3497 autem
334 3434 527 3517 antiquiores
548 3434 621 3497 libri
645 3434 814 3496 exstabant
836 3455 902 3497 non
929 3433 1116 3517 papyracei,
1141 3433 1169 3497 ei
1192 3433 1252 3497 hcc
1275 3435 1345 3517 ipsc

205 3543 372 3606 dissimiles
394 3543 587 3606 membranis
603 3543 810 3627 Pergamenis
833 3547 865 3606 ct
881 3543 999 3606 similes
1014 3543 1223 3626 Aegyptiacis
1246 3565 1345 3626 papy-

206 3651 248 3713 ris
271 3652 405 3734 lucrint,
429 3651 512 3735 quod
534 3674 598 3716 uno
620 3652 687 3715 solo
703 3652 780 3714 folio
803 3674 905 3715 unave
928 3652 1038 3715 tabula
1053 3652 1103 3714 vel
1125 3653 1278 3715 lammina
1294 3654 1343 3716 vel

207 3759 288 3840 pelle
320 3762 511 3825 constabant
543 3783 602 3825 nec
636 3760 817 3842 complicati
850 3760 884 3822 in
918 3761 1035 3824 codicis
1072 3761 1208 3824 formam
1239 3767 1342 3825 erant.

205 3868 317 3952 ltaque
353 3891 433 3952 quae
470 3872 504 3934 in
540 3869 760 3954 computandis
798 3869 958 3932 codicibus
987 3870 1201 3933 membraneis
1237 3871 1345 3934 unitas

205 3979 405 4042 alliciebatur
440 3980 642 4043 multitudine
677 3980 885 4061 scriptorum,
923 3979 1033 4043 eadem
1068 3979 1101 4041 in
1139 3980 1344 4043 numerandis

205 4089 334 4171 papyris
356 4088 571 4173 similibusque
600 4089 717 4153 tabulis
739 4109 965 4171 saepenumero
987 4089 1022 4151 in
1044 4088 1159 4172 exigua
1187 4088 1345 4171 particula

206 4197 298 4259 unius
326 4197 436 4280 scripti
466 4199 619 4262 constitit.
665 4199 771 4281 Atque
798 4197 832 4260 in
860 4200 944 4260 hanc
971 4197 1164 4260 sententiam
1191 4196 1261 4279 ipso
1289 4197 1345 4260 illo

207 4304 365 4368 Photiano
378 4308 509 4386 τεύχει
524 4307 572 4371 usi
588 4329 711 4371 eramus
721 4329 753 4390 p.
765 4307 825 4371 135
838 4303 935 4392 [111].
952 4304 1041 4380 Quod
1057 4309 1168 4369 autem
1179 4305 1219 4368 ad
1232 4326 1345 4389 propo-
