3136 5110
311 373 373 438 714
703 391 863 439 souunsn
886 391 1059 440 csrrrcsn.

310 547 434 625 γενεῑ,
457 544 595 607 maxime
617 543 770 608 delectari
791 544 933 628 tragicos
954 548 1066 629 poetas
1083 499 1314 610 constatintcr
1330 567 1437 626 omues,

311 654 577 738 adnotaruntque,
594 657 630 717 ut
645 654 900 737 praetermittam
915 655 1005 738 alios,
1022 655 1192 720 Etmsleius
1207 656 1243 719 in
1258 655 1439 738 Edinburgh
1526 735 1527 744 ¹

311 764 439 828 Review
455 786 484 827 a.
503 765 586 828 1810
599 762 742 828 XXXIII
757 785 789 847 p.
804 764 868 830 235
883 768 916 828 et
931 763 965 830 Ο.
979 764 1152 850 Reisigius,
1168 769 1362 848 praeceptor
1375 765 1439 828 oiim

310 873 544 953 dilectissimus,
567 895 654 938 nuuc
676 873 973 958 desideratissimus,
998 874 1119 958 Qomm.
1144 876 1214 939 crit.
1234 877 1269 939 in
1285 874 1441 958 Sophoclis

310 983 388 1049 Oed.
413 984 480 1049 Col.
503 1006 534 1047 ν.
559 984 620 1048 709
642 989 675 1048 et
696 983 831 1067 Ephem.
852 984 920 1048 Ien.
945 1007 974 1049 a.
1000 986 1082 1050 1824
1103 1008 1135 1068 p.
1158 986 1232 1050 239.
1264 985 1381 1048 Adicio
1401 985 1441 1048 cb
1526 1029 1527 1066 2

309 1096 449 1173 κάματον
469 1096 610 1173 κάματον
626 1094 828 1176 Euripidium
846 1093 965 1159 Bacch.
989 1118 1019 1159 v.
1036 1096 1088 1177 66,
1112 1096 1344 1161 ἀποινοδίκουε
1366 1096 1442 1159 δίκα(
1526 1115 1527 1126 ’

309 1203 404 1268 Herc.
434 1203 497 1269 fur.
520 1206 583 1270 884
605 1205 665 1288 H.,
694 1210 829 1286 δοετυχῆ
858 1207 957 1286 τύχην
984 1205 1099 1270 Troad.
1123 1207 1196 1270 471.
1242 1207 1295 1270 Ac
1317 1226 1360 1268 ne
1379 1225 1442 1288 pro·

308 1335 363 1378 sae
384 1314 511 1398 quidem
534 1315 689 1379 orationis
715 1316 886 1398 scriptores
914 1315 1034 1380 abillo
1061 1337 1179 1401 genere
1205 1315 1360 1400 loquendi
1381 1333 1441 1376 sese

309 1423 543 1507 abstinuerunt,
566 1425 654 1489 velut
675 1425 855 1490 Herodotus
878 1425 960 1489 dixit
973 1425 1016 1509 Π,
1033 1425 1074 1491 68
1097 1427 1235 1492 ὀδόντα(
1258 1425 1438 1506 χαυλιόδον-

309 1555 374 1598 rot.
409 1533 471 1599 Sed
493 1535 636 1618 proxime
658 1535 782 1600 accedit
804 1535 845 1599 ad
866 1536 994 1600 illorum
1016 1537 1183 1600 verborum
1205 1535 1442 1600 similitudinem

309 1643 438 1728 insigne
461 1646 640 1730 exemplum
662 1666 700 1708 ex
722 1645 907 1710 Phoenissis
929 1645 1092 1730 Euripidis
1113 1669 1143 1711 ν.
1160 1647 1238 1711 815:
1264 1648 1440 1726 Καδμογενῆ

299 1747 438 1832 ’γένναν
462 1756 512 1819 cui
535 1755 615 1819 adde
630 1755 783 1840 Aeschyli
805 1757 903 1820 verba
925 1755 1013 1821 Pers.
1038 1757 1095 1822 80:
1118 1758 1324 1837 χρυεογόνου
1340 1757 1442 1832 γενεᾱε
1491 1829 1495 1840 .

308 1865 429 1931 ἰεόθεοε
452 1867 533 1947 φώε.

394 2061 647 2144 Anapaesticum
675 2065 814 2145 systema
841 2061 903 2126 hac
930 2063 1096 2126 occasione
1123 2064 1322 2136 reconcinno
1343 2058 1441 2124 Luci·

288 2147 375 2233 ‘ani
397 2171 431 2234 in
454 2169 837 2256 Tragodopodagra,
868 2173 1008 2236 carmine
1038 2172 1123 2236 haud
1151 2172 1265 2238 leviter
1288 2173 1438 2253 corrupto,

310 2281 397 2344 ouius
426 2302 551 2345 versum
581 2283 640 2346 137
669 2283 772 2367 magis
801 2282 899 2357 etiam
926 2284 1067 2366 corrupit
1095 2283 1244 2348 Osannus
1266 2283 1439 2348 Analecton
1526 2277 1527 2372 1

310 2391 380 2454 crit.
405 2413 436 2473 p.
461 2390 512 2454 97.
557 2390 682 2456 Scribe:
718 2396 844 2458 roicb'
866 2394 1099 2474 εἰοριναῑειν
1122 2395 1163 2458 ἐν
1189 2393 1315 2473 ὥραις.
1360 2389 1439 2454 Illius
1526 2407 1527 2432 ÷

309 2500 408 2584 igitur
424 2501 575 2564 carminis
592 2523 701 2566 versus
716 2503 880 2567 aaa-331
900 2503 1114 2586 disponendos
1134 2525 1203 2567 esse
1225 2503 1271 2568 sic
1295 2503 1438 2567 arbitror:
1526 2545 1527 2552 1

459 2671 558 2736 Ὅθεν
582 2673 735 2751 εὐθύμωε,
759 2673 786 2736 ὦ
809 2675 989 2755 εύγκληροι,

553 2782 681 2860 λήεεεθε
702 2783 826 2858 πόνων,

461 2891 487 2957 εἰ
509 2892 548 2957 τὰ
570 2893 741 2972 δοκηθέντ’
762 2893 821 2957 οὐκ
842 2893 1001 2972 ἐτελέεθη,

459 3005 527 3067 rot<
549 3005 582 3067 δ’
602 3003 770 3083 ἀδοκήτοις
796 3003 902 3083 πόρον
924 3002 998 3083 εὗρε
1020 3006 1102 3070 θεόε.

394 3167 549 3257 [Vtraque
570 3174 639 3235 tam
661 3171 693 3235 in
718 3175 867 3256 promptu
891 3173 1045 3236 correctio
1066 3172 1138 3256 fuit,
1162 3177 1197 3236 ut
1213 3172 1247 3236 in
1262 3169 1436 3238 recentiori-

309 3281 366 3344 bus
389 3281 521 3346 Luciani
544 3281 736 3346 editionibus
759 3285 916 3366 appareat
937 3282 1108 3370 omnibus]

394 3617 522 3706 [Secuta
544 3620 597 3685 hic
619 3625 667 3686 est
688 3644 754 3706 ap.
773 3622 813 3687 15
835 3622 874 3685 ad
896 3623 939 3687 20
961 3622 999 3686 de
1022 3629 1184 3688 alterius
1206 3643 1284 3686 voce
1306 3622 1436 3706 disputa·

307 3730 369 3813 tio,
402 3753 498 3814 quam
525 3731 625 3796 satius
653 3732 755 3797 visum
778 3736 827 3797 est
848 3732 1002 3797 volumini
1024 3733 1057 3797 II
1078 3732 1191 3798 horum
1214 3733 1436 3816 Opusculorum

306 3840 493 3928 reservare]

775 4017 907 4024 .·-—-——-.

255 4201 287 4250 21
391 4179 665 4244 Anacreontis
689 4181 831 4246 carmina
854 4205 926 4246 cum
941 4205 960 4245 a
975 4182 1114 4247 librariis
1130 4186 1164 4247 et
1176 4181 1435 4246 versificatoribus

307 4289 482 4374 depravata
504 4293 599 4374 atque
622 4291 816 4375 interpolata
839 4293 905 4358 sint
921 4315 991 4358 cum
1014 4293 1168 4376 maxime,
1191 4297 1260 4356 tum
1282 4293 1435 4357 inuenitur

306 4398 464 4483 quoddam
491 4421 592 4484 genus
620 4423 782 4485 versuum,
818 4403 871 4487 qui
901 4407 1013 4486 suapte
1041 4408 1159 4467 natura
1186 4407 1262 4468 sunt
1289 4397 1435 4468 trochaici
