2896 4996
469 290 516 336 nh
540 290 609 338 ono
632 292 677 337 nr
700 291 841 340 οιιιοινα.
946 272 948 279 ”
1164 282 1223 345 631

81 447 188 512 πάντα
209 447 248 510 τά
271 446 358 525 παρὰ
380 446 417 510 τά
440 444 561 509 λείπω
589 446 641 510 διὰ
661 450 718 524 τῆ(
747 447 926 528 διφθόγγοο
947 449 1119 530 γράφεται,
1154 452 1225 517 οἷον

81 557 381 637 λειποετράτευιοε,
413 556 613 638 λειποταξία,
647 558 901 637 λειποετράτιον·
938 558 958 623 ὁ
993 560 1029 623 δὲ
1063 560 1226 641 Ὠριγένηε

81 669 134 733 διὰ
155 671 215 733 τοῦ
243 689 260 730 ι.
303 666 436 751 Insigne
464 669 513 730 esi
545 665 584 729 de
612 667 842 751 patronymicis
872 668 906 732 in
927 670 1021 748 ’ίδηε
1053 673 1087 734 eh
1119 671 1225 750 είδηε

79 776 262 842 terminatis
285 777 342 843 Ori
363 776 582 861 fragmentum
605 776 639 840 in
661 776 769 862 Etym.
792 776 837 842 M.
861 801 893 863 p.
919 780 995 863 165,
1018 781 1076 864 39,
1102 780 1152 845 cui
1176 804 1225 846 cc-

81 888 257 971 nectenda,
293 909 374 972 quae
405 909 444 952 ex
478 885 587 950 codem
613 877 685 953 'Oro
712 888 751 951 de
779 889 1039 975 Εὐρυπῴδηε,
1073 893 1225 976 Μινῴδηε

79 999 192 1063 formis
214 998 394 1083 perscripta
416 997 514 1061 habes
537 1020 568 1080 p.
592 998 666 1075 396,
691 999 742 1080 17,
771 1021 852 1082 quae
874 999 1021 1064 dubitare
1043 1023 1109 1065 non
1132 1002 1225 1067 debe-

79 1110 138 1173 hat
158 1108 393 1173 Valckenarius
414 1108 450 1172 in
471 1107 633 1172 Theocriti
656 1108 811 1173 Adoniaa.
835 1132 867 1192 p.
891 1109 986 1175 2676
1015 1133 1054 1175 ex
1084 1112 1148 1176 Oro
1182 1135 1224 1177 an

79 1219 199 1285 Orione
228 1220 428 1284 afferrentur.
477 1218 550 1283 Illic
577 1222 685 1284 autem
713 1242 744 1302 p.
777 1220 854 1303 166,
885 1222 900 1283 l
931 1221 1010 1285 haec
1038 1227 1224 1289 monentur:

78 1336 182 1396 ταῦτα
212 1333 269 1410 μὲν
302 1331 543 1409 παρεντίθενται
578 1330 597 1395 ὅ
634 1351 668 1395 τε
700 1330 866 1411 Ὠριγένηε
898 1334 948 1396 καί
982 1332 1081 1412 Ὧροε
1114 1333 1225 1419 (vulgo

78 1442 212 1526 Ὠρίων)
237 1443 291 1521 ιίιε1
304 1441 539 1521 πατρωνυμικά.
575 1439 772 1515 Quibuscum
793 1440 958 1525 iungenda
978 1443 1018 1506 de
1039 1446 1224 1524 Ζήπρειον

46 1551 204 1615 ‘notatio
226 1550 280 1615 Ec.
305 1550 348 1615 M.
373 1573 404 1633 p.
428 1550 508 1632 411,
531 1550 572 1615 33
594 1549 644 1614 his
666 1551 772 1615 verbis
801 1551 908 1616 finita:
936 1557 1036 1619 τοῦτο
1062 1556 1098 1620 δὲ
1125 1556 1224 1634 ὁμὲν

28 1642 34 1652 ’
77 1662 178 1740 Ὠροε
202 1662 236 1743 (ὁ
265 1663 417 1739 Μιλήειοε
448 1660 538 1724 addit
566 1660 643 1724 Zon.
667 1684 700 1745 p.
724 1662 801 1747 957)
834 1665 1075 1744 προπαροξύνει
1107 1666 1152 1730 chr
1186 1668 1224 1730 τὸ

74 1774 224 1855 γήτειον,
249 1773 268 1836 ὸ
290 1775 326 1837 δὲ
348 1772 510 1853 Ὠριγένηε
533 1778 744 1855 προπεριεπᾷ.
789 1774 1002 1854 Χοιρόβοεκοε
1025 1775 1136 1859 (vulgo
1152 1777 1223 1841 Χοι-

76 1883 258 1967 ροβοεκόε).
303 1881 387 1946 Nam
417 1904 433 1945 e
462 1880 594 1966 Georgii
623 1882 834 1947 Choerobosci
864 1883 1065 1966 potissimum
1095 1886 1224 1970 scriptis

75 2015 143 2057 non
166 2014 287 2076 paucae
310 1992 367 2058 Ori
389 1992 572 2057 notationes
594 2015 743 2057 manasse
766 1994 800 2057 in
815 1992 1040 2080 Etymologica
1062 1995 1221 2060 videniur.

76 2103 198 2168 Confer
219 2106 347 2187 praeter
369 2125 465 2187 supra
487 2103 607 2187 positas
630 2105 714 2184 μιιεί,
736 2104 802 2185 μείε
824 2126 917 2168 voces
938 2106 1224 2191 genetivorumque

74 2214 150 2277 illas
178 2215 297 2277 formas
325 2213 379 2278 Et.
409 2213 453 2276 M.
481 2236 514 2297 p.
538 2215 616 2295 718,
649 2216 686 2279 17
716 2214 754 2278 de
782 2215 926 2298 εκνιπόε,
957 2238 989 2299 p.
1014 2216 1092 2300 704,
1115 2217 1157 2282 30
1184 2218 1223 2281 de

75 2325 184 2407 ρινάε,
214 2347 246 2407 p.
276 2325 354 2406 714,
383 2325 424 2388 31
454 2324 493 2387 de
521 2325 673 2407 (ίευφοε,
702 2329 735 2389 ολ
763 2349 800 2389 ex
828 2326 1078 2412 orthographica
1105 2349 1223 2413 genere

74 2458 107 2518 p.
135 2435 212 2516 146,
241 2433 283 2497 22
314 2435 353 2497 de
380 2435 553 2515 opacior:
587 2437 671 2512 λέγει
692 2438 740 2520 δδὲ
768 2436 883 2517 Ὠροε,
916 2436 966 2504 ὅτι
995 2440 1091 2521 φηεὶν
1121 2440 1157 2505 ἐν
1184 2447 1222 2523 τῇ

75 2545 189 2629 (vulgo
210 2553 275 2630 τῷ,
306 2544 530 2629 corrigendum
553 2545 650 2609 etiam
672 2546 707 2609 in
730 2532 812 2610 G'ud.
837 2569 869 2631 p.
893 2547 971 2631 244,
1001 2548 1053 2612 34.
1082 2549 1161 2630 331,
1193 2551 1221 2631 1,

74 2655 169 2738 alibi)
203 2656 344 2721 καθόλου
379 2657 398 2721 ὁ
431 2657 629 2736 Ἡρωδιανὸε
661 2659 850 2725 πλεονάζειν
884 2661 943 2738 τήν
982 2680 1010 2724 ει
1042 2659 1221 2740 δίφθογγον

75 2766 182 2848 (cuius
204 2765 290 2830 modi
313 2766 394 2831 nihil
417 2766 557 2830 servavit
579 2767 751 2853 Arcadius)
775 2770 826 2832 καὶ
846 2768 984 2846 γίνεεθαι
1007 2770 1118 2855 (vulgo
1138 2770 1222 2846 γίνε-

72 2877 136 2957 ται)
167 2876 267 2955 ἀρνόε
295 2876 414 2962 (insere
441 2878 586 2961 ἀρνειόε,
616 2878 675 2961 ihc)
703 2878 802 2959 ἀμνόε
829 2879 974 2961 άμνειόε,
1006 2881 1139 2956 ἀγνοῶν
1172 2879 1221 2945 ὅτι

72 2987 190 3066 ἄμνιοε
213 2988 353 3068 εημαίνει
373 2989 431 3054 τόν
455 2988 558 3068 ἀμνὸν
581 2991 631 3053 καὶ
652 2990 705 3053 διὰ
726 2993 784 3054 τοῦ
808 3010 818 3052 ι
839 2989 996 3069 γράφεται
1023 2991 1073 3053 καὶ
1095 3011 1219 3070 προπα-

73 3098 244 3178 ροξύνεται
266 3120 291 3162 κ.
314 3120 341 3163 τ.
366 3102 392 3163 λ.
438 3098 651 3179 Χοιρόβοεκοε
674 3099 717 3164 εἰε
740 3100 777 3163 τά
794 3100 872 3178 ’περὶ
894 3098 1122 3180 άρθογραφίαε.
1166 3099 1219 3163 Ei-

74 3207 149 3271 dem
173 3207 386 3273 Ohoerobosci
408 3208 490 3272 libro
513 3209 621 3273 deberi
643 3208 699 3271 illa
716 3211 808 3292 putu,
833 3229 913 3291 quae
936 3208 975 3272 de
998 3209 1146 3276 κλίειον
1169 3232 1220 3273 ex-

73 3321 165 3381 stant
193 3317 228 3381 in
255 3317 309 3382 nt.
339 3318 383 3382 M.
412 3342 445 3403 p.
468 3320 547 3401 520,
573 3320 628 3383 16:
664 3319 683 3383 ὁ
710 3321 768 3399 μὲν
796 3320 938 3398 τεχνικόε
966 3320 1018 3403 διὰ
1045 3324 1101 3398 τῆ(
1129 3341 1156 3386 ει
1178 3326 1221 3384 δι·
1239 3330 1272 3378 46

77 3429 229 3509 φθόγγου
250 3430 383 3510 γράφει,
406 3430 425 3494 ὁ
448 3432 483 3495 δὲ
499 3431 598 3510 Ὠροε
621 3429 732 3514 (vulgo
751 3430 965 3510 Ἡρωδιανὸε,
989 3430 1030 3494 cf.
1055 3431 1147 3516 §l4)
1169 3435 1221 3496 διὰ

72 3544 134 3603 τοῦ
161 3561 171 3603 ι
193 3540 295 3618 λέγει,
318 3539 366 3604 ὅτι
389 3543 476 3620 παρὰ
498 3542 535 3605 τὸ
558 3540 656 3606 κλίνω
682 3540 744 3605 ἐετί
765 3562 791 3604 κ.
812 3562 838 3604 τ.
862 3543 905 3603 λ.·
932 3544 1030 3606 τοῦτο
1052 3543 1140 3621 παρὰ
1161 3543 1219 3620 μὲν

72 3650 205 3732 Ὁμήρῳ
229 3650 387 3716 ευετέλλει
408 3653 445 3716 τά
469 3674 479 3715 ι
500 3653 551 3714 καὶ
572 3650 872 3731 προπαροξύνεται.
891 3700 963 3730 ...,
985 3653 1073 3731 παρὰ
1094 3653 1129 3716 δὲ
1152 3656 1220 3717 τοῑε

71 3762 224 3825 Ἀττικοῑε
253 3760 423 3826 ἐκτείνεται
450 3762 488 3826 τὸ
520 3784 529 3825 ι
556 3763 607 3825 καὶ
628 3762 840 3840 παροξύνεται
863 3808 987 3825 ......
1011 3761 1124 3845 quibus
1148 3763 1219 3827 Χοι-

70 3872 231 3951 ροβοεκόε
259 3892 377 3935 nomen
406 3871 562 3935 subicitur
594 3871 629 3935 in
658 3871 725 3935 cod.
756 3870 829 3934 Par.
857 3893 890 3955 p.
914 3871 987 3936 922.
1038 3869 1125 3947 Quae
1153 3895 1219 3937 non

70 3980 180 4064 magis
204 3979 297 4044 credo
319 3980 354 4044 in
377 3982 458 4045 libro
480 3984 552 4062 περὶ
573 3981 734 4063 διχρόνων
756 3984 897 4046 tractata
919 3981 1032 4065 fuisse,
1060 4004 1156 4066 quam
1178 3982 1218 4046 ad

67 4091 159 4170 πάθη
186 4090 379 4173 pertinuisse
408 4114 486 4174 quas
515 4113 608 4156 voces
642 4095 717 4155 ante
745 4093 918 4156 memoravi
946 4093 1027 4172 μείε,
1059 4095 1216 4176 Ζήτρειον,

67 4200 213 4280 ἀρνειόε,
236 4201 313 4265 licet
334 4222 387 4264 eas
409 4209 513 4287 τροπῇ
537 4203 586 4265 vel
609 4205 800 4287 πλεοναεμῷ
823 4203 1128 4283 ἑτιιμολογουμέναε.
1156 4203 1217 4268 Επ-

65 4312 147 4376 dem
174 4311 277 4395 igitur
298 4334 384 4376 nunc
414 4312 465 4376 via
493 4312 702 4397 progrediens
730 4312 810 4376 alias
838 4313 991 4396 quasdam
1018 4313 1121 4377 eximo
1149 4315 1217 4377 illa-
