2896 4996
258 376 319 441 626
635 391 682 440 nn
706 393 775 439 ono
800 391 843 438 nr
868 386 1010 440 carons.

257 552 367 615 menta
389 545 622 632 dispertiamus.
668 549 736 623 (luo
764 549 799 612 in
827 571 945 634 genere
967 552 1098 615 tametsi
1126 552 1248 616 imitari
1275 551 1390 617 illorum

208 675 239 721 41
260 661 439 744 exemplum
461 660 634 743 possimus,
664 661 717 744 qui
746 661 780 724 in
808 665 974 752 poetarum
1004 663 1270 728 historicorumve
1292 663 1390 748 deper-

257 773 395 858 ditarum
421 771 563 855 reliquiis
586 775 768 854 versantur,
798 774 834 835 ut
859 771 1078 857 undecumque
1101 774 1238 838 collecta
1259 796 1315 858 per
1336 775 1390 838 sin·
1440 801 1442 814 ·

257 884 349 967 gulas
371 883 496 947 litteras
520 883 638 946 chartis
661 883 790 967 integra
811 883 1055 967 perscribamus,
1081 885 1302 969 emendemus,
1330 886 1389 948 illu-

257 998 409 1075 stremuS,
445 993 634 1057 iudicemus:
671 997 780 1058 tamen
808 995 875 1057 eius
910 994 1035 1059 consilii
1063 995 1311 1078 amplitudinem
1339 1016 1389 1059 nec

256 1105 321 1169 fert
342 1104 435 1168 huius
458 1105 642 1187 scriptionis
662 1104 896 1188 opportunitas,
920 1127 981 1168 nec
995 1126 1046 1169 res
1060 1106 1132 1188 ipsa
1147 1107 1275 1171 videtur
1295 1112 1387 1191 postu·

256 1216 339 1298 lare,
370 1207 487 1299 quippe
516 1237 587 1280 cum
615 1237 680 1279 non
709 1215 971 1279 ediversissimis
1001 1217 1212 1299 scriptoribus
1239 1214 1386 1299 fragmen·

256 1329 362 1389 torum
383 1326 554 1390 multitudo
578 1326 793 1410 conquirenda
815 1328 872 1408 sit,
902 1326 957 1390 sed
985 1327 1020 1390 in
1041 1327 1145 1390 tribus
1168 1325 1386 1410 Etymologicis

259 1438 461 1500 contineatur
489 1436 717 1521 propemodum
745 1437 830 1501 solis.
876 1436 965 1512 Quod
994 1440 1101 1501 autem
1134 1437 1249 1500 horum
1276 1435 1385 1520 potissi·
1434 1425 1435 1428 ¹

257 1570 344 1611 mum
367 1547 522 1611 beneficio
545 1547 602 1612 Ori
625 1547 740 1611 notitia
767 1548 917 1630 debetur,
945 1548 978 1610 id
1006 1548 1066 1611 etsi
1094 1569 1210 1631 parum
1240 1543 1385 1612 commode

257 1659 308 1723 vel
336 1659 428 1722 nobis
448 1648 574 1723 ‘accidit
602 1659 652 1722 vel
685 1659 912 1743 grammatico:
949 1657 1120 1722 dolendum
1154 1662 1204 1722 est
1239 1659 1324 1722 enim
1352 1656 1386 1718 ita

258 1769 464 1834 futtilissimis
492 1770 667 1854 quibusque
699 1771 833 1854 argutiis
867 1770 1011 1833 consulto
1044 1770 1243 1833 conservatis
1277 1767 1385 1832 saniora
1434 1801 1435 1842 3

256 1879 324 1943 iere
347 1884 380 1944 et
400 1881 529 1945 utiliora
557 1882 789 1965 praetermitti:
826 1884 936 1944 tamen
962 1880 1012 1944 vel
1040 1880 1088 1943 sic
1110 1902 1177 1944 non
1201 1879 1292 1943 deest
1312 1899 1386 1962 prae

258 1991 415 2055 elararum
439 1993 531 2076 copia
553 1992 821 2074 observationum,
846 1992 990 2075 equibus
1013 2012 1079 2054 non
1101 1991 1317 2075 grammatica
1330 1993 1386 2052 tan·

257 2103 326 2165 turn
348 2102 534 2186 disciplina,
569 2103 623 2167 sed
652 2104 795 2188 insignia
822 2104 920 2166 etiam
948 2101 1158 2185 antiquitates
1188 2123 1325 2186 graecae
1350 2100 1387 2162 in·
1434 2089 1435 2095 ἵ

258 2217 422 2277 crementa
456 2214 609 2297 ceperint.
655 2213 767 2297 Itaque
800 2213 893 2277 nobis
928 2235 999 2277 cum
1035 2212 1221 2294 artioribus,
1256 2216 1293 2275 ut
1324 2208 1387 2287 dixi,

257 2324 374 2388 finibus
398 2324 594 2388 continenda
616 2325 791 2408 disputatio
814 2325 866 2406 sit,
890 2345 950 2387 nec
965 2322 1108 2386 omnium
1130 2344 1240 2386 rerum
1262 2323 1389 2386 rationes

257 2435 386 2497 uberius
408 2417 613 2519 exponemus,
638 2434 698 2498 etsi
721 2436 799 2498 satis
821 2438 948 2505 nostros
970 2433 1005 2496 in
1027 2455 1103 2497 usus
1126 2415 1319 2516 pensitataS,
1340 2452 1388 2494 nec

257 2545 292 2607 in
315 2545 522 2609 emendandis
551 2547 753 2610 coniecturae
780 2566 839 2628 ope
862 2544 919 2609 Ori
946 2543 1139 2628 fragmentis
1167 2544 1316 2607 volumus
1337 2565 1389 2604 am·
1434 2542 1437 2619 1,

257 2654 366 2719 bitiosi
389 2677 473 2719 esse:
497 2654 573 2740 (nisi
590 2656 684 2740 quod,
708 2656 841 2739 quaein
864 2654 1004 2718 medium
1026 2654 1232 2738 proferimus,
1256 2655 1389 2718 nolumus
1434 2706 1437 2720 .

258 2768 408 2849 corrupta
435 2767 609 2852 proferrez)
643 2787 724 2849 quae
751 2765 819 2829 fere
849 2787 933 2829 vana
967 2765 1036 2828 laus
1070 2768 1119 2828 est
1152 2765 1290 2847 idcirco,
1320 2760 1389 2847 quod

257 2898 352 2960 saepe
380 2876 619 2962 esingulorum
654 2875 891 2960 comparatione
919 2875 1172 2959 etymologorum
1202 2897 1280 2938 vera
1309 2872 1389 2937 corri-
1434 2926 1435 2929 ,

256 2987 354 3071 gandi
386 2988 438 3051 via
466 2991 629 3070 tamquam
657 3009 715 3050 sua
742 2989 856 3070 sponte
885 2985 1095 3049 subnascitur.
1143 2983 1255 3069 Vsque
1278 3002 1389 3068 quaque
1434 3005 1435 3008 ¹

258 3101 364 3161 autern
391 3098 566 3162 tenendum
593 3098 673 3160 illud
702 3099 765 3180 est,
795 3096 904 3160 eodem
932 3096 1025 3160 nobis
1054 3096 1124 3160 loco
1152 3099 1250 3179 atque
1281 3095 1388 3176 reliqua

258 3209 380 3272 censeri
403 3230 441 3272 ea
463 3209 618 3292 exempla,
643 3229 724 3292 quae
747 3211 767 3288 ξ
791 3209 828 3270 11
854 3210 1039 3271 enumerata
1062 3207 1128 3270 Oro
1150 3205 1387 3269 vindicatimus:

256 3318 319 3381 nisi
342 3319 469 3402 quidem
491 3318 664 3404 singularis
687 3318 770 3381 ratio
790 3317 869 3381 illud
893 3316 1060 3381 consilium
1080 3314 1276 3379 dissuadeat.
1307 3314 1387 3377 Prae

256 3432 344 3492 terea
365 3431 429 3493 tria
450 3451 703 3514 praemonemus,
749 3427 892 3492 Primum
915 3428 1001 3490 enim
1023 3426 1195 3511 quoniam,
1220 3448 1282 3510 quo
1304 3424 1386 3509 potis·

257 3539 372 3603 simum
394 3541 429 3604 in
451 3562 570 3625 genere
592 3539 769 3604 Herodiani
792 3539 959 3619 upordcerc
986 3539 1132 3601 versatae
1155 3537 1238 3620 sint,
1274 3537 1386 3621 ignora·

256 3672 343 3734 mus,
377 3650 437 3714 etsi
459 3650 565 3714 ultimi
587 3650 673 3714 illius
696 3649 753 3715 ori
774 3648 875 3712 libelli
897 3648 932 3711 in
955 3647 1185 3711 distribuendis
1209 3643 1386 3732 fragmentis

256 3761 345 3824 nulla
367 3764 475 3844 potest
495 3762 578 3825 ratio
600 3760 727 3844 haberi,
756 3764 866 3823 tamen
888 3758 948 3822 hoc
970 3757 1040 3841 ipso
1062 3758 1133 3821 loco
1155 3757 1299 3822 fatemur
1324 3755 1385 3819 libe

255 3872 367 3934 raliter
390 3894 490 3936 unum
518 3873 694 3935 alterumve
723 3870 763 3933 ad
792 3870 919 3933 illarum
947 3869 1049 3933 λύεειε
1070 3870 1264 3948 προτάεεων
1287 3885 1385 3952 posse
1427 3849 1428 3854 ἵ

255 4004 334 4046 sane
366 3983 537 4066 pertinere.
583 3982 782 4065 Quamquam
815 4001 856 4043 nc
889 3980 1046 4042 incertam
1074 3982 1247 4062 propterea
1275 3995 1386 4043 omnen

255 4093 445 4176 disponendi
468 4116 599 4177 operam
622 4091 869 4172 concriminere,
904 4089 981 4152 illud
1010 4110 1129 4172 quaeso
1156 4094 1307 4174 reputes,
1334 4106 1386 4150 non

255 4203 415 4268 immerito
437 4204 577 4268 dubitari
599 4226 677 4267 num
698 4202 755 4267 On'
779 4202 880 4266 λύεειε
903 4200 1034 4263 omnino
1057 4200 1209 4283 cognitas
1231 4199 1387 4265 habuerint

255 4311 550 4399 Etymologicorum
578 4319 739 4395 auctores,
769 4310 858 4375 nullo
888 4311 930 4373 ab
958 4310 1003 4374 eis
1032 4310 1220 4374 testimonio
1253 4327 1388 4394 umquam

256 4422 381 4488 citatas.
413 4425 516 4489 Maior
537 4427 585 4489 vis
609 4430 658 4489 est
679 4423 811 4487 alterius
835 4425 867 4483 et
889 4420 975 4483 tertii
1000 4420 1125 4483 moniti.
1160 4421 1307 4504 Namque
1330 4438 1389 4482 cmu
