2880 4994
216 331 277 395 764
500 345 533 392 e.
557 343 742 392 unianimo
766 343 812 390 na
837 343 868 389 a,
893 342 922 390 s.
946 341 1069 388 uranu

216 500 287 582 tici,
319 499 482 580 retulisse,
511 521 591 582 (prae
622 523 641 560 a
669 499 802 562 diversis
830 497 950 561 tradita
978 501 1103 578 essent,
1134 496 1267 561 videtur.
1309 499 1345 560 Ae

215 609 318 692 primo
348 613 475 690 narrat,
510 630 548 672 ex
583 608 712 672 Pleiade
744 609 843 672 fuisse
872 607 1101 691 Sosiphanem3
1134 608 1265 691 deinde,
1296 609 1347 672 alio

216 723 356 802 auctore,
379 718 496 782 vixisse
519 724 660 783 extremo
679 718 832 802 Philippi,
857 721 890 781 et
912 739 1037 782 rursum
1060 741 1099 782 ex
1122 719 1199 802 alio,
1224 724 1347 784 extremo

216 828 394 893 Alexandri
416 831 574 912 tempore:
598 833 666 892 tum
688 828 809 910 pariter
831 850 868 891 ex
893 827 973 910 alio,
998 829 1192 912 Olympiade
1215 829 1294 912 (llll,
1319 853 1348 894 ex

216 940 425 1022 elabentem,
453 938 557 1004 CXIV
585 939 703 1003 obiisse
733 936 855 1002 scribit.
901 938 1123 1013 euadentem
1145 941 1252 1024 addit,
1275 943 1348 1006 eibi

216 1050 349 1127 ἀκμάεαι
372 1050 472 1115 αὐτὸν
493 1051 668 1130 γράφουει,
697 1049 737 1112 ad
766 1048 857 1112 illam
876 1049 980 1132 ipsam
1003 1049 1229 1134 Olympiadem
1252 1051 1349 1114 referri

216 1159 351 1242 poterit,
387 1163 423 1222 ut
450 1159 505 1222 alii
534 1181 606 1222 eum
633 1160 688 1222 illo
715 1162 860 1242 tempore
888 1181 953 1222 non
982 1158 1102 1240 obisse,
1138 1160 1192 1224 sed
1222 1161 1351 1224 floriusse

217 1268 419 1332 tradiderint.
475 1268 672 1352 Quamquam
706 1292 773 1334 non
806 1269 1001 1353 pertinacius
1034 1271 1245 1354 contendam,
1281 1270 1351 1334 nihil

217 1379 252 1441 iu
286 1378 425 1442 numeris
459 1382 627 1464 peceatum
666 1401 750 1444 esse:
789 1381 843 1463 qui
876 1379 903 1444 si
936 1383 1011 1443 sunt
1048 1380 1170 1462 vitiati,
1214 1403 1272 1464 pro
1303 1381 1353 1461 pro'

218 1491 250 1552 et
281 1488 339 1569 prb'
362 1489 544 1572 scripserim
572 1489 640 1569 pro‘
662 1492 694 1552 et
728 1490 808 1573 pxb',
844 1491 890 1554 sie
912 1494 1037 1574 tamen,
1075 1495 1111 1555 ut
1138 1491 1279 1574 priorem
1304 1513 1352 1554 nu-

217 1620 339 1661 merum
371 1621 409 1663 ex
437 1599 552 1663 vitioso
581 1599 689 1664 codiee
718 1600 848 1665 ductum
875 1604 1001 1684 putem,
1034 1602 1070 1665 in
1092 1624 1156 1685 quo
1179 1601 1245 1680 prb*
1266 1600 1352 1665 scribi

217 1709 381 1773 debuerat.

302 1819 338 1882 P.
361 1820 392 1882 4.
438 1820 477 1884 ln
504 1821 642 1886 Sosithei
669 1822 869 1905 fragmento,
901 1821 983 1905 quod
1011 1843 1028 1885 e
1056 1821 1197 1886 Stobaeo
1225 1824 1352 1906 profers,

217 1929 315 1992 editio
337 1931 487 2014 princeps
510 1930 640 1995 Stobaei
663 1932 772 1997 beroe:
794 1936 868 2015 post
890 1931 1008 1995 editum
1031 1932 1146 2015 αἰετός,
1170 1938 1269 2013 recte,
1292 1954 1355 1996 meo

218 2038 351 2121 iudicio,
386 2041 413 2103 si
441 2042 568 2125 quidem
601 2046 723 2105 veteres
756 2043 896 2126 tragicos
929 2047 1079 2127 sequutus
1107 2045 1157 2105 est
1186 2042 1354 2106 Sositheus.

219 2148 302 2211 Nanr
326 2150 420 2215 derbe
442 2152 584 2236 vulgaris
608 2152 770 2215 Atticismi
794 2156 826 2215 et
848 2152 1059 2216 recentiorum
1083 2156 1141 2215 est.
1188 2152 1284 2215 lllum
1309 2175 1356 2215 au·

219 2264 282 2322 tem
298 2283 446 2342 uersum,
478 2284 571 2345 quem
594 2261 756 2346 Diogenes
779 2262 924 2325 Laertius
947 2263 1056 2345 affert,
1080 2284 1147 2325 non
1175 2263 1295 2345 vineis,
1326 2265 1358 2325 ut

220 2371 369 2451 privatim
395 2371 429 2433 in
455 2372 644 2436 Cleanthem
666 2372 786 2436 dictum
811 2372 947 2435 credam.
992 2374 1115 2455 Aperte
1138 2373 1226 2436 enim
1248 2395 1357 2457 repug-

220 2483 300 2542 nant
323 2482 419 2544 verba
443 2482 613 2566 Diogenis:
651 2484 710 2562 ἐφ’
732 2485 758 2568 ᾧ
783 2483 969 2559 ἀγαεθέντε(
993 2484 1022 2546 οἱ
1045 2483 1199 2561 ἀκροαταὶ
1221 2484 1281 2549 τὸν
1306 2488 1358 2562 μὲν

218 2591 402 2669 saporaret,
426 2593 483 2658 τὸν
506 2595 541 2656 δὲ
564 2593 721 2658 (ωείθεον
745 2594 906 2673 ἐξέβαλον.
952 2587 1021 2656 Sed'
1036 2591 1123 2655 aliud
1151 2593 1223 2655 iure
1252 2616 1291 2656 ex
1313 2593 1359 2657 his

219 2700 323 2763 verbis
347 2700 494 2785 colliges,
518 2724 584 2766 non
607 2725 645 2765 ex
667 2702 794 2784 fabula,
819 2725 899 2785 quae
921 2702 956 2765 in
971 2724 1068 2766 scena
1083 2707 1253 2786 ageretur,
1278 2703 1360 2767 huno

219 2832 343 2873 versum
366 2811 590 2895 depromptum
618 2835 702 2895 esse,
732 2813 787 2876 sed
817 2835 856 2876 ex
884 2812 1041 2890 carmine,
1068 2812 1152 2896 quod
1180 2813 1251 2898 ipse
1280 2814 1360 2879 Sosi·

218 2920 311 2983 theus
340 2920 468 3004 publice
498 2921 651 2985 recitarit.
697 2923 776 2986 lnde
805 2923 952 2988 εἰπόντος
985 2923 1146 2997 Laertius
1176 2946 1244 2987 non
1273 2928 1361 3003 ποιή·

218 3051 348 3113 (αντοες
382 3031 456 3094 inde
490 3033 659 3114 ἀκροαταί,
695 3054 761 3095 non
788 3033 905 3097 θεαταί.
950 3031 998 3095 De
1026 3032 1131 3095 verbis
1160 3034 1213 3097 ἐπὶ
1242 3042 1281 3118 τῇ
1314 3058 1362 3099 τυ-

218 3143 317 3225 χούεῃ
352 3142 531 3225 βλαεφημίᾳ
562 3141 694 3205 falleris,
740 3141 829 3204 Nihil
862 3142 924 3204 nisi
954 3141 1147 3224 convicium,
1179 3145 1265 3226 quod
1297 3146 1376 3224 leve

218 3250 400 3334 nulliusque
427 3252 581 3314 momenti
610 3251 667 3331 sit,
705 3254 852 3333 notatur,
887 3252 984 3315 etiam
1007 3252 1034 3314 si
1061 3252 1201 3316 maxime
1231 3255 1364 3318 medita·

217 3364 283 3423 tum
307 3362 360 3424 sit.

300 3469 336 3533 P.
359 3473 390 3534 b.
436 3470 485 3533 De
509 3471 703 3536 Dioscoridis
727 3472 958 3556 epigrammate
981 3494 1090 3536 vereor
1112 3477 1148 3536 ut
1168 3474 1244 3538 aliis
1259 3477 1366 3560 magis

216 3601 312 3661 quam
340 3580 419 3643 mihi
447 3602 655 3663 persuasurus
684 3583 738 3645 sis.
784 3582 907 3646 Primos
941 3604 1049 3646 versus
1079 3604 1139 3666 ego
1173 3584 1209 3647 in
1239 3585 1300 3649 illa
1328 3587 1366 3649 ad

217 3687 370 3752 Beelrium
393 3690 529 3774 epistola
552 3691 659 3774 omisi,
684 3692 766 3775 quod
790 3692 828 3755 de
852 3692 989 3756 lectione
1012 3691 1219 3776 dubitabam,
1244 3696 1280 3759 in
1305 3701 1367 3760 ter-

216 3798 261 3860 tio
288 3799 415 3881 quidem
444 3823 551 3883 versu,
585 3824 650 3865 non
683 3803 718 3865 in
745 3803 901 3883 secundo,
936 3803 970 3865 in
1004 3823 1082 3885 que,
1118 3803 1145 3866 si
1174 3805 1367 3890 quidquam,

216 3907 375 3971 sincerum
404 3914 497 3993 puto,
532 3911 615 3995 quod
648 3911 829 3975 Brunekius
856 3911 958 3992 dedit,
989 3911 1088 3976 ἄλλο(
1116 3915 1151 3975 et
1177 3913 1368 3997 (οφοκλῆν.

216 4015 299 4079 Nam
322 4041 402 4100 qriae
424 4023 460 4082 tu
483 4021 651 4103 proponis,
682 4021 753 4084 vide
782 4043 822 4084 ne
845 4022 974 4105 longius
1003 4022 1044 4084 ab
1074 4022 1370 4105 epigrammatieae

215 4147 345 4207 poeseos
379 4128 542 4212 elegantia
576 4131 737 4193 recedant.
782 4131 821 4194 ln
854 4131 950 4194 tertio
978 4152 1071 4193 versu
1103 4130 1302 4200 dubitabam
1332 4139 1371 4202 de

215 4235 343 4298 nomine
367 4237 498 4318 criproc.
545 4238 682 4302 Defendi
704 4240 823 4324 poterit
845 4241 907 4322 ita,
936 4244 972 4303 ut
997 4262 1055 4323 pro
1077 4240 1286 4309 deminutivo
1315 4246 1371 4311 ha-

214 4343 335 4407 beatur.
382 4346 420 4410 In
455 4347 596 4432 epitheto
631 4351 860 4430 πυῤῥογένειο(
889 4353 996 4414 etitem
1024 4350 1210 4417 Iacobsium
1243 4378 1370 4422 orrrasse
