2904 4996
468 357 629 407 consors
652 358 824 407 cmmora.
1160 345 1218 410 741

74 515 289 579 recentiorum
311 513 533 596 interpretum.
579 513 685 597 Atque
713 535 794 597 quae
822 513 1026 577 scholiastae·
1040 514 1220 577 comminis-

75 629 192 689 cuntur
213 624 430 708 ineptissime,
454 623 595 687 refutare
617 622 699 686 nihil
721 645 801 707 opus
823 628 881 687 cst.
912 623 1017 698 Quare
1039 622 1219 687 Brunckius

75 738 233 799 commate
261 733 408 797 distinxit
435 735 516 812 γυνή
543 755 661 797 nomen
690 756 708 795 a
738 733 906 816 proximis,
942 733 1151 817 laudaturque
1179 734 1219 797 ab

73 844 267 909 Wellauero.
313 845 359 907 At
381 865 455 908 vero
485 843 568 928 quod
590 844 629 907 de
653 848 726 909 τταῑε
748 864 825 907 voce
848 844 1077 908 commonitum
1108 847 1156 907 est
1178 845 1220 908 ab

73 955 218 1040 Reisigio
242 975 354 1018 comm.
379 954 449 1017 crit.
473 953 508 1017 in
530 953 609 1018 Oed.
633 953 700 1019 ool.
724 977 755 1036 p.
779 954 853 1036 211,
876 953 960 1018 idem
983 954 1043 1017 aio‘
1057 953 1169 1018 cadere
1184 955 1219 1018 in

72 1067 173 1147 Ζεύε,
198 1065 296 1148 ἀνήρ,
324 1065 404 1142 γυνή
427 1063 576 1147 nomina,
611 1063 724 1148 quibus
753 1063 890 1127 forsitan
924 1064 986 1127 alie
1015 1065 1139 1148 possint
1166 1065 1219 1127 acl-

72 1176 182 1260 iungi:
213 1196 386 1258 numquam
408 1174 494 1237 enim
515 1174 642 1237 illorum
669 1173 884 1237 nominativus
912 1174 946 1237 in
975 1174 1219 1259 compellatione

72 1288 245 1369 usmpatus
268 1287 326 1348 est.
373 1283 469 1349 Cuius
490 1283 536 1347 rei
558 1285 642 1347 hanc
665 1284 808 1366 suspicor
831 1306 975 1346 caussam
997 1284 1111 1367 fuisse,
1136 1285 1219 1368 quod

71 1400 131 1461 παῖ
137 1445 147 1479 ,
170 1397 250 1477 Ζεῦ,
276 1394 361 1474 ὦνερ
368 1444 377 1476 ,
406 1395 500 1471 γύναι
521 1394 660 1458 vocativi
681 1393 808 1477 vulgari
830 1394 1066 1458 sermocinandi
1089 1417 1218 1458 consue·

73 1505 183 1569 tudine
213 1505 292 1569 adeo
319 1504 551 1586 invaluissent,
587 1508 623 1567 ut
652 1503 736 1567 istud
768 1503 921 1567 novitatis
948 1504 1088 1568 studium
1115 1527 1156 1567 nc
1184 1505 1218 1568 in

73 1620 168 1699 poeta
204 1615 331 1699 quidem
364 1593 564 1698 probaretur.
608 1613 720 1697 Itaque
753 1613 815 1677 hac
848 1635 886 1676 ex
917 1618 1009 1697 parte
1045 1614 1219 1678 consultior

72 1725 258 1789 Wellauero
290 1725 352 1788 fuit
386 1723 619 1787 Blomfieldius:
656 1723 732 1787 licet
765 1723 836 1803 ille,
872 1727 907 1787 ut
940 1724 1007 1787 fere
1042 1724 1215 1805 consuevit,

71 1836 194 1899 ‘male'
217 1835 343 1919 inquiat
359 1833 589 1898 ‘Blomfieldius
611 1836 751 1910 γύναι.’
774 1833 834 1898 Sed
858 1856 899 1898 ne
922 1834 967 1898 sic
990 1834 1116 1918 quidem
1139 1835 1216 1897 satis

69 1947 194 2010 factum
218 1948 282 2009 est:
305 1967 380 2008 nam
403 1948 435 2008 et
458 1944 624 2007 collocatio
646 1944 813 2007 verborum
835 1943 983 2027 displicet
1000 1944 1215 2023 vehementer,

70 2059 104 2120 et
127 2056 193 2119 veri
215 2077 329 2139 parum
351 2053 454 2118 simile
483 2058 531 2117 est
559 2054 670 2117 tritum
699 2058 731 2117 et
760 2058 970 2140 pervagatum
998 2055 1093 2131 γύναι
1125 2078 1216 2118 voca-

69 2165 173 2230 tivum
197 2186 384 2229 conversum
407 2187 425 2226 a
448 2163 587 2227 librariis
610 2185 678 2227 esse
700 2163 735 2227 in
757 2166 838 2243 γυνή
860 2164 1014 2247 formam,
1047 2165 1134 2229 euius
1156 2165 1215 2228 ‹lif-

69 2275 232 2341 licillimus
274 2278 356 2338 esset
392 2273 585 2336 intellectus.
631 2272 832 2357 Quapropter
864 2297 930 2338 non
966 2275 1075 2338 dubito
1114 2275 1216 2339 hance

70 2385 294 2449 commendare
316 2383 476 2448 scribendi
499 2384 653 2466 speciem:

222 2557 390 2635 πειθαρχία
411 2555 472 2632 γάρ
496 2555 557 2618 terr
581 2559 636 2631 τῆ(
658 2553 827 2633 εὐπραξία(

223 2667 337 2747 μήτηρ,
361 2665 479 2744 τύχη(
501 2668 681 2743 (ωτῆροτ
704 2701 761 2747 -‚

68 2833 153 2916 quod
188 2832 233 2896 sic
270 2834 404 2916 pictum:
443 2840 725 2896 ΤΥΧΗΕΕΩΤΗΡΟΕ
762 2832 857 2896 facile
897 2834 1141 2897 convertebatur
1180 2835 1213 2896 iu

71 2952 339 3005 ΓΥΝΗΕΩΤΗΡΟΕ.
385 2942 549 3006 Vertenda
576 2941 632 3004 illa
654 2943 689 3006 in
716 2941 801 3006 hanc
829 2944 985 3006 rationem
995 2939 1009 3006 :'
1030 2951 1215 3009 oboedientia

69 3059 149 3116 cuim
184 3067 280 3116 muter
317 3065 360 3116 est
392 3057 623 3132 prosperitatis,
669 3058 814 3130 siquidem
851 3060 1032 3117 adiuvamur
1070 3057 1213 3130 ferrario.

69 3162 267 3245 Quamquam
297 3184 362 3225 non
391 3161 498 3226 nescio
532 3161 628 3224 etiam
662 3161 758 3224 aliam
786 3162 945 3245 quandam
973 3167 1082 3244 patere
1116 3163 1213 3226 inter-

69 3272 220 3355 pretandi
243 3272 338 3336 viam.
384 3272 477 3335 lllam
501 3275 606 3334 autem
630 3270 887 3335 emendationem
916 3272 949 3334 in
972 3278 1112 3336 mentem
1134 3272 1213 3336 milri

70 3382 195 3445 vocarit
216 3382 381 3465 Sophoclis
405 3381 499 3445 illml:
523 3382 549 3445 εἰ
570 3383 631 3461 γὰρ
654 3383 690 3446 ἐν
714 3384 808 3466 τύχῃ
830 3382 867 3457 γε’
889 3404 935 3467 τῳ
959 3388 1103 3464 εωτῆρι
1127 3386 1212 3464 βαίη

69 3491 185 3576 Oedipi
206 3491 306 3576 Regis
329 3516 359 3556 v.
383 3494 434 3574 81,
458 3513 593 3576 quocum
609 3490 775 3554 contendit
796 3491 860 3553 iam
875 3490 1045 3557 Elmslcius
1062 3494 1211 3577 Aeschyli

68 3603 323 3686 Agamemnonis
347 3625 374 3665 v.
392 3603 469 3666 664:
492 3603 586 3682 τύχη
603 3604 637 3666 δὲ
659 3605 785 3680 τωτὴρ
808 3607 888 3667 ναῦν
911 3606 1050 3668 ττελοῡε)
1070 3605 1212 3684 ἐφέζετο.

67 3711 285 3796 [Propositum
307 3715 382 3776 ante
404 3711 575 3795 septimum
591 3712 725 3773 lustrum
744 3711 999 3775 emendationem
1014 3713 1111 3777 etiam
1126 3736 1211 3777 nunc

65 3826 163 3885 teneo
184 3826 336 3906 tueorque
365 3826 399 3885 ut
424 3821 490 3885 veri
513 3821 609 3904 longe
637 3820 830 3884 simillimam
859 3822 1002 3886 onmium
1029 3846 1110 3907 quac
1140 3827 1212 3906 post

65 3935 142 3995 sunt
164 3933 318 4016 prolatae.
351 3932 379 3996 Ε
402 3931 515 4016 quibus
536 3930 815 3995 Hermannianum
837 3937 957 4011 γονῆε
981 3938 1122 4013 τωτῆροε
1146 3955 1210 3996 nou

64 4064 197 4125 possum
220 4043 298 4106 satis
321 4042 430 4106 mirari
453 4041 573 4124 aliquot
601 4041 738 4105 vironmr
768 4040 883 4105 imlicio
907 4043 1082 4106 valentium
1104 4067 1211 4108 assen-

64 4174 137 4215 sum
161 4152 295 4241 tulisse]

537 4334 739 4342 m
