2904 4996
728 1134 893 1245 XXV

618 1348 784 1442 schedae
815 1349 1024 1466 criticam

213 1713 230 1763 3
333 1703 474 1766 Primum
501 1703 696 1787 longinquae
718 1704 889 1767 memoriae
912 1704 1133 1767 recordatione
1157 1705 1334 1770 admoneor
1353 1709 1388 1768 de

247 1814 352 1877 verbis
379 1813 600 1876 Pausaniae
628 1813 701 1877 libri
724 1813 773 1877 ΠΙ
796 1836 866 1896 cap.
891 1815 909 1877 ί
934 1818 953 1894 ἕ
976 1815 1012 1878 3:
1044 1815 1202 1894 Χάριλλος
1226 1820 1265 1881 δὲ
1287 1818 1306 1880 ὁ
1327 1818 1386 1881 llo

248 1925 402 1988 λυδέκτου
429 1925 487 2002 τήν
520 1945 555 1989 τε
585 1928 646 2001 γῆν
675 1925 815 2009 ἐδῄωςεν
845 1925 996 2004 Ἀργείοις
1030 1924 1162 2005 (οὗτος
1191 1928 1267 2006 γὰρ
1296 1927 1386 1990 καίει

247 2037 316 2113 τὴν
345 2035 551 2114 Ἀργολίδα
574 2035 772 2116 ὀςβαλιίιν),
800 2037 851 2099 καὶ
878 2035 978 2099 ἔτεςιν
1011 2035 1051 2099 οὐ
1084 2038 1222 2100 πολλοῖς
1260 2038 1384 2115 ὕςτερον

248 2145 312 2209 ὑπὸ
335 2146 465 2224 ἡγεμόνι
494 2145 640 2231 Χαρίλλῳ
667 2146 786 2221 γίνεται
808 2146 858 2209 καὶ
879 2146 898 2222 ἡ
922 2145 1129 2223 (παρτιοτῶν
1157 2146 1210 2210 ἐπὶ
1235 2148 1384 2222 Τεγεάτας

250 2254 361 2322 ἔξοδος
387 2254 445 2341 [sic
468 2255 611 2318 enimin
633 2255 873 2337 vetustioribus,
898 2254 1010 2337 quibus
1033 2255 1110 2318 olim
1132 2255 1290 2319 utendum
1312 2260 1384 2335 erat,

251 2447 450 2457 ————-——-«

315 2560 340 2623 *)
371 2557 506 2614 ‘Schedae
533 2559 645 2614 criticae
672 2576 741 2627 quas
773 2560 938 2614 auctoritate
965 2559 1130 2628 amplissimi
1157 2560 1382 2630 Philosophorum

249 2651 359 2705 Ordinis
387 2652 416 2704 in
443 2653 594 2707 Academia
615 2653 766 2707 Fridericia
794 2671 963 2707 summorum
993 2653 1021 2706 in
1048 2653 1230 2723 philosophia
1258 2655 1382 2708 honorum

247 2745 300 2797 rite
324 2745 538 2799 obtinendarum
562 2763 660 2800 caussa
687 2746 731 2800 die
753 2746 792 2798 Xl
814 2765 849 2799 m.
872 2747 922 2800 Iul.
946 2764 969 2800 a.
995 2746 1249 2801 oloroccoxxrx
1277 2743 1382 2800 harah

247 2841 345 2892 contra
367 2838 542 2892 adversarios
560 2838 712 2892 Antonium
735 2840 874 2904 Reininm,
899 2838 1076 2907 Rudolphum
1094 2840 1270 2907 Hanovium,
1293 2841 1382 2893 Gustu-

247 2951 312 2986 vurn
330 2932 527 3001 Kiesslingimn
548 2931 658 3002 publice
676 2932 807 2986 defendet
829 2932 858 2985 F.
878 2933 910 2985 G.
929 2932 961 2985 R.
980 2932 1157 3000 Vargulanus
1175 2933 1380 3002 Thuringorum.

247 3026 324 3078 Halia
344 3025 485 3079 Saxonum
503 3025 578 3094 typis
598 3042 757 3093 expressum
777 3025 963 3079 Gebaneriis.'
987 3057 1019 3064 -
1043 3025 1175 3093 [Exordio
1198 3026 1271 3080 haec
1294 3026 1382 3078 disser-

247 3118 317 3171 tatio
335 3119 389 3172 hoe
406 3118 459 3171 fuit
477 3118 551 3184 quod
568 3118 642 3171 infra
660 3118 740 3186 posui
747 3120 763 3186 :]

314 3210 472 3278 ‘Quoniam
492 3228 560 3278 quos
574 3210 609 3264 ad
622 3210 831 3279 Amplissimnm
842 3211 1074 3280 Philosophorum
1087 3211 1222 3266 Ordinem
1241 3209 1381 3281 perscripsi

248 3322 371 3358 summae
394 3304 422 3356 in
446 3303 624 3373 philosophia
646 3303 792 3371 dignitatis
817 3305 1027 3371 consequendae
1045 3321 1146 3358 caussa
1165 3305 1384 3360 commentarios

246 3416 319 3451 nunc
336 3416 391 3451 non
410 3398 487 3450 licuit
504 3396 579 3466 typis
599 3397 751 3465 exscriptos
770 3396 923 3465 divulgare,
944 3399 979 3452 ab
998 3398 1134 3466 temporis
1153 3399 1295 3466 angustiis
1313 3413 1384 3452 excu-

247 3490 383 3545 sationem
407 3491 529 3544 arbitror
550 3490 646 3559 parari
668 3490 844 3544 miscellaneo
867 3491 932 3544 huie
954 3491 1163 3545 commentandi
1182 3492 1295 3559 generi,
1317 3487 1385 3557 quod

247 3585 373 3650 quamvis
392 3585 485 3639 sterile
504 3584 631 3638 videatur
650 3583 827 3638 inertior-ibus
847 3583 1012 3651 quibusdam
1031 3584 1206 3647 hominibus,
1226 3588 1324 3638 tamen
1340 3599 1386 3635 nec

245 3678 346 3732 litteris
369 3696 429 3731 esse
452 3678 653 3732 infructuosum
675 3695 726 3731 nec
746 3677 919 3731 iucunditate
942 3694 1036 3731 carere
1058 3677 1176 3745 propria
1199 3678 1324 3744 quadam
1342 3692 1386 3728 sua

246 3773 290 3823 sat
316 3770 486 3839 intellegunt
512 3771 602 3840 periti.
644 3771 771 3837 Namque
795 3770 847 3824 etsi
875 3770 910 3823 ab
934 3770 1012 3823 initio
1041 3769 1228 3824 sententiolas
1258 3770 1388 3838 quasdam

246 3866 440 3917 controversas
459 3864 658 3919 constitueram
677 3863 851 3932 disceptandi
870 3880 969 3916 caussa
984 3863 1095 3931 publice
1108 3880 1281 3932 proponere,
1300 3868 1388 3917 tamen

247 3957 367 4010 virorum
380 3958 552 4023 quorundam
566 3957 726 4010 auctoritati
744 3956 972 4025 gravissimorum
984 3958 1095 4008 tantum
1113 3955 1211 4020 tribui,
1233 3961 1265 4011 ut
1283 3957 1389 4011 mallem

244 4049 318 4104 intra
336 4051 566 4119 paucissimorum
585 4050 693 4104 dicrum
712 4050 826 4118 [addere
844 4067 958 4118 possum
976 4051 1005 4102 et
1022 4048 1157 4118 noctium]
1178 4051 1307 4119 spatium
1324 4052 1390 4104 hunc

246 4145 474 4211 qualemcumque
496 4144 622 4197 libellum
651 4160 803 4212 properare
831 4140 995 4211 explicatius
1022 4141 1232 4211 conscriptum,
1262 4163 1347 4212 qnam
1366 4142 1391 4194 iu

245 4236 378 4302 thesium,
397 4239 428 4289 ut
448 4241 560 4302 vocant,
579 4237 716 4290 tenuitate
733 4236 839 4290 versari
858 4253 920 4289 cum
937 4235 1042 4289 maiore
1061 4252 1124 4288 mea
1144 4239 1175 4289 et
1194 4238 1393 4292 commoditate

245 4332 274 4381 et
292 4330 448 4383 securitate.
485 4331 634 4383 Attamen
653 4331 715 4383 illos
734 4330 837 4394 licebit,
857 4332 888 4382 ut
906 4347 996 4396 spero,
1017 4331 1241 4384 commentarios
1262 4331 1391 4385 uberiori·
