2880 4994
229 331 292 398 790
680 348 728 394 ns
750 347 919 396 AMPHORA

229 500 396 584 inscriptio
424 501 623 586 singulorum
651 501 818 565 nominum
844 502 897 565 vel
931 503 1205 566 exclamationum
1233 502 1361 566 cohorte

229 612 394 677 tionumve
420 610 611 676 brevitatem
640 610 788 694 excedat,
822 614 933 675 tamen
960 612 1099 695 primum
1129 612 1299 677 dolendum
1322 616 1363 677 est

229 743 386 807 magnam
407 720 522 785 harum
544 720 791 805 inscriptionum
813 725 954 805 partem,
978 722 1138 806 imprimis
1157 723 1283 787 illarum
1297 745 1362 808 quas

232 832 334 896 editas
356 832 456 896 habes
479 831 514 895 in
535 831 647 895 Museo
669 831 808 896 Etrusco
829 832 985 916 principis
1007 833 1047 896 de
1070 832 1215 911 (lanino,
1238 837 1302 897 tam
1320 855 1363 897 ex-

232 941 343 1026 peditu
366 962 435 1006 esse
457 940 638 1024 difficilem,
662 945 699 1005 ut
719 963 782 1025 quo
803 942 1004 1025 potissimum
1026 943 1122 1008 modo
1144 944 1262 1008 miram
1283 966 1363 1027 saepe

231 1056 264 1116 et
285 1073 414 1135 prorsus
442 1051 638 1137 singularem
661 1037 853 1135 scripturam
875 1053 924 1116 vel
952 1052 1042 1137 legas
1075 1054 1127 1117 vel
1157 1054 1304 1118 emendes
1322 1054 1364 1117 vel

231 1163 459 1245 interpretere,
487 1183 587 1246 prope
616 1161 850 1245 desperandum
872 1183 940 1226 esse
967 1162 1125 1228 videatur.
1171 1164 1296 1229 Deinde
1321 1186 1364 1227 au·

231 1277 297 1336 tem
320 1293 393 1336 cum
421 1252 518 1336 etiam
543 1272 752 1356 inscriptione
780 1273 957 1336 notabilem
982 1274 1084 1356 hanc,
1115 1274 1151 1338 in
1179 1297 1244 1359 qua
1273 1274 1365 1358 expla-

232 1382 340 1472 nanda
362 1402 541 1467 versamur,
573 1383 761 1466 amphoram
790 1382 942 1467 diximus,
975 1405 1041 1447 non
1067 1387 1137 1447 tam
1167 1385 1366 1470 cogitavimus

232 1493 271 1556 de
292 1492 389 1575 plene
412 1492 519 1577 aliqua
548 1493 725 1576 sententia,
755 1515 836 1576 quae
864 1492 993 1578 integra
1021 1495 1248 1559 enuntiatione
1274 1518 1367 1581 gram-

232 1602 351 1666 matica
367 1603 530 1667 efferatur:
555 1603 643 1667 cuius
658 1604 744 1668 modi
759 1625 867 1667 rarum
890 1603 1070 1687 exemplum
1092 1605 1181 1668 velut
1205 1605 1289 1690 apud
1306 1605 1366 1669 Mil·

232 1712 400 1797 lingenum
422 1712 510 1776 Mon.
535 1713 620 1778 ined.
637 1713 701 1796 lp.
718 1714 760 1778 86
781 1715 848 1778 tab.
865 1713 1006 1777 XXXVI
1028 1716 1135 1777 exstat
1157 1718 1191 1778 et
1213 1715 1249 1779 in
1270 1715 1367 1779 Museo

233 1821 414 1888 Borbonico
441 1823 504 1887 vol.
534 1822 581 1887 IX
613 1824 680 1887 tab.
706 1823 859 1908 XXVIII,
890 1824 1089 1908 epitaphium
1117 1826 1278 1908 praebens
1299 1827 1368 1889 inte

233 1955 292 2018 gro
314 1933 452 1997 disticho
475 1934 617 2018 elegiaco
641 1934 923 2018 comprehensum:
947 1956 1042 2019 quam
1060 1934 1140 1997 illud
1155 1936 1264 2019 potius
1279 1958 1369 2021 genus

147 2107 155 2120 ‚
233 2044 500 2129 significavimus,
532 2066 603 2108 curn
624 2047 751 2109 mutui
773 2066 934 2109 sermones
960 2045 1043 2110 fiunt
1064 2038 1202 2110 duarum
1226 2047 1276 2110 vel
1298 2069 1370 2111 com·

234 2155 372 2237 plurium
394 2177 613 2238 personarum.
649 2154 739 2230 Quod
761 2177 864 2239 genus
887 2159 1014 2220 constat
1036 2154 1078 2219 ab
1099 2156 1300 2220 tenuissimis
1320 2157 1371 2220 ini·

167 2281 216 2332 185
234 2266 288 2329 tiis
309 2266 484 2349 proficisci3
511 2266 739 2350 nequeenim,
768 2266 869 2330 sicubi
892 2267 926 2329 in
948 2287 1012 2330 uno
1045 2265 1221 2351 eodemque
1254 2268 1372 2332 vasculo

235 2376 352 2458 duplex
375 2376 530 2459 scripturn
553 2378 601 2439 est
623 2378 731 2460 καλόε,
755 2377 806 2441 vel
828 2399 893 2441 una
914 2376 994 2441 haec
1017 2377 1234 2441 continuitate
1249 2379 1373 2442 intersc

237 2486 443 2550 continentur
464 2486 514 2550 vel
536 2490 666 2550 mutuae
688 2487 851 2551 societatis
874 2488 1001 2551 vinculo
1024 2486 1156 2550 omnino
1172 2492 1304 2570 carent,
1327 2487 1375 2551 sed

235 2595 456 2659 distribuenda
478 2596 546 2660 fere
568 2596 691 2661 duabus
713 2598 857 2681 personis
880 2602 970 2682 sunt,
1001 2619 1135 2681 quarum
1165 2598 1271 2662 altera
1299 2599 1376 2683 cogi-

234 2710 323 2770 tatur
345 2707 540 2791 acclamans,
564 2708 730 2772 affirmans
753 2708 871 2773 altera:
894 2708 926 2771 id
948 2708 1031 2791 quod
1051 2707 1148 2771 facilc
1166 2708 1329 2793 colligitur
1343 2731 1376 2772 er

135 2851 138 2857 ·
236 2818 343 2901 paullo
367 2817 611 2902 copiosioribus,
646 2819 740 2902 quale
773 2841 800 2882 c.
836 2842 863 2884 c.
892 2822 941 2882 est
973 2820 992 2883 ὁ
1026 2822 1101 2882 παῖ(
1136 2820 1252 2884 καλός·
1287 2821 1378 2885 xmo<

235 2928 364 3014 ναίχι.*)
397 2928 450 2990 Ab
464 2928 515 2991 his
530 2949 604 2993 vero
620 2928 722 2992 initiis
744 2929 881 3012 profecti
904 2929 1030 2992 adeam
1052 2928 1271 2993 diverbiorum
1294 2931 1379 2993 uber-

235 3042 336 3101 tatem
358 3037 520 3122 progressi
543 3042 634 3120 sunt,
658 3060 754 3121 quam
776 3038 896 3102 duobus
918 3060 1020 3122 nuper
1042 3037 1246 3103 documentis
1269 3062 1380 3124 cogno

236 3149 337 3212 vimus
367 3149 464 3233 longe
497 3148 638 3213 omnium
668 3148 937 3213 luculentissimis.
984 3149 1131 3211 Alterum
1161 3149 1243 3212 illud
1276 3173 1381 3215 monu-

236 3263 378 3322 mentum
400 3259 471 3323 dico
487 3257 589 3321 Musei
605 3258 824 3342 Monacensis,
848 3259 882 3322 in
905 3281 967 3343 quo
983 3257 1199 3322 adulescentis
1216 3261 1381 3324 victoriam

236 3369 354 3432 mutuis
383 3369 581 3433 sermonibus
615 3373 847 3453 persequuntur
880 3368 1059 3432 Dorotheus
1091 3368 1217 3452 victor,
1258 3370 1383 3434 Memno

223 3479 365 3562 sodalis,
403 3479 534 3543 Nicolas
560 3479 767 3562 paedotriba:
808 3501 885 3562 quos
919 3463 1079 3576 sermones
1118 3479 1262 3561 primum
1299 3486 1383 3543 tran·

236 3591 372 3672 scriptos
400 3590 442 3653 ab
464 3589 630 3653 Theodoro
652 3589 802 3653 Panofka
830 3589 864 3652 in
887 3610 924 3652 eo
946 3589 1028 3652 libro
1050 3610 1144 3673 quem
1167 3589 1208 3652 de
1239 3614 1383 3654 vasorum

305 3820 329 3886 *l
342 3818 424 3872 Talia
440 3818 485 3872 vix
504 3818 561 3872 ulla
577 3835 708 3872 vasorum
727 3818 853 3872 collectio
872 3819 917 3872 est
929 3817 995 3884 quin
1013 3816 1120 3882 aliquot
1132 3819 1265 3887 exempla
1278 3820 1384 3873 offerat.

237 3912 322 3966 Velut
338 3930 372 3965 ex
391 3929 424 3966 eo
443 3911 546 3978 indice,
573 3929 654 3978 quem
677 3911 720 3964 his
743 3910 812 3980 ipsis
836 3911 934 3964 diebus
958 3912 1077 3964 Ioannes
1099 3909 1133 3962 dc
1152 3910 1245 3965 Witte
1264 3912 1386 3981 prodidit

238 4005 426 4075 (Description
445 4005 470 4057 d'
489 4024 542 4059 une
562 4005 710 4060 collection
728 4006 762 4059 dc
780 4021 861 4059 vascs
880 4004 973 4073 points
992 4005 1021 4058 et
1038 4003 1156 4056 bronzcs
1175 4005 1308 4072 antiques
1327 4025 1386 4075 pro

237 4101 341 4154 venant
364 4099 414 4152 dos
438 4098 545 4153 souilles
569 4100 603 4152 de
622 4085 763 4164 lIltmrie,
787 4097 865 4152 Paris
890 4102 966 4164 1837)
988 4097 1042 4150 huc
1062 4095 1207 4165 pertinent
1231 4116 1258 4151 n.
1278 4106 1321 4152 83.
1344 4106 1384 4152 97,

239 4200 294 4245 140.
317 4199 362 4248 171
389 4194 418 4246 et
440 4194 553 4261 praeter
571 4195 666 4247 cetera
684 4212 710 4245 u.
733 4199 781 4246 133
800 4208 862 4245 cum
884 4190 987 4259 triplici
1006 4189 1200 4258 inscriptione:
1232 4194 1386 4245 Ὁπλὸθεο(

238 4288 335 4341 καλός·
359 4287 441 4352 ναίχι.
468 4317 501 4325 -
528 4287 677 4354 Θεόδωρος
706 4289 721 4341 ὁ
745 4291 809 4339 παῖ(
838 4286 923 4339 καλὸς
950 4285 1031 4350 vulpi.
1057 4313 1088 4322 -
1118 4286 1209 4338 Καλὸ(
1236 4279 1385 4340 ’enuere'

240 4380 332 4433 καλόε.
