2924 4996
216 322 279 385 486
483 339 530 384 nn
553 339 781 387 nasseinais
805 339 1098 400 auriol-'marmus

219 492 384 576 scriptum,
409 495 573 556 attamen
596 514 662 556 non
685 491 824 556 alienum
848 515 866 555 a
888 493 1048 557 scribendi
1068 493 1358 577 genereDionysii3

218 603 293 666 item
323 603 540 682 προαιρὲιεω(
571 599 677 685 potius
704 624 799 685 quam
827 604 975 682 αἱρὲεεωε
1003 626 1035 686 p.
1058 603 1094 685 2,
1122 604 1177 680 16,
1209 605 1357 687 γινομένῃ

219 734 314 797 quam
336 715 494 797 γενομένῃ
518 713 548 794 6,
572 714 629 788 32,
658 713 755 778 οὐδὲν
778 735 873 797 quam
895 716 969 778 κατ’
992 714 1087 779 οὐδὲν
1112 714 1141 794 7,
1166 714 1225 796 31,
1248 715 1358 792 τυγχά-

219 844 286 888 νειν
310 844 405 906 quam
427 826 533 902 τυχεῖν
556 822 662 903 8,12;
686 845 777 906 quae,
801 824 920 908 absque
943 827 1075 887 externa
1098 824 1206 907 aliqua
1230 823 1359 886 auctori-

217 936 286 997 tate
309 935 408 1014 esset,
432 931 564 1016 perinde
586 932 768 997 dicerentur
790 934 910 997 utrovis
932 933 1035 999 modo.

303 1042 423 1106 Verum
451 1063 517 1107 non
544 1042 590 1106 ita
617 1046 727 1107 tamen
756 1041 927 1108 Ohisianus
955 1049 1114 1128 praestat,
1150 1048 1186 1107 ut
1213 1045 1282 1107 sine
1310 1065 1360 1107 ex-

221 1153 367 1237 ceptione
400 1152 638 1236 posthabendus
672 1153 715 1217 sit
747 1151 895 1217 Vrbiuas.
951 1153 1041 1228 Quod
1074 1175 1146 1217 cum
1176 1154 1264 1234 dico,
1297 1175 1361 1217 non

221 1263 328 1347 cogito
356 1263 394 1326 de
417 1262 598 1326 leviusculis
626 1262 749 1327 mendis
778 1286 853 1328 casu
880 1266 976 1346 ortiS,
1005 1264 1118 1348 quibus
1146 1264 1254 1327 nullus
1282 1264 1361 1327 anti·

221 1373 353 1456 quitatis
386 1372 467 1436 liber
499 1394 557 1436 ms.
587 1375 654 1436 tam
683 1375 732 1437 est
759 1374 861 1437 bonus
888 1378 924 1438 ut
951 1395 1079 1458 prorsus
1107 1377 1212 1438 vacet.
1267 1373 1363 1437 Velut

221 1482 304 1566 quod
326 1483 360 1545 in
384 1482 535 1547 Cbisiano
558 1483 676 1547 excidit
697 1507 729 1567 p.
752 1484 789 1565 5,
812 1485 855 1548 30
883 1485 918 1548 ἐκ
939 1488 1017 1567 τῶν,
1041 1485 1311 1564 νο1·μοικαιρε’λιοι
1333 1489 1363 1547 ct

222 1594 402 1673 ὁρμώμενοι
425 1593 580 1676 scriptum
602 1597 651 1656 est
673 1594 703 1675 9,
720 1594 771 1658 26.
788 1595 840 1676 28,
864 1595 915 1659 vel
939 1594 1047 1676 10,10
1069 1595 1126 1659 οὓ(
1144 1597 1200 1660 (ὺν
1225 1597 1364 1659 erratum

222 1726 279 1786 pro
302 1705 359 1768 otc
381 1705 433 1785 ἐν,
468 1703 585 1767 nullius
619 1707 667 1767 est
693 1705 847 1768 momenti
875 1708 907 1768 et
931 1704 1174 1769 commendandi
1196 1705 1364 1769 Vrbinatis

221 1813 286 1876 vim
313 1812 431 1877 habere
460 1814 510 1876 vel
537 1817 707 1896 propterea
735 1814 862 1898 nequit,
894 1814 977 1900 quod
1005 1814 1079 1878 huic
1108 1836 1181 1878 cum
1209 1814 1364 1898 Stephani

221 1923 368 1987 Parisino
392 1924 567 1987 communis
591 1924 726 1988 correcti
747 1924 797 1987 vel
812 1926 919 2007 potius
941 1947 1007 1988 non
1029 1924 1187 1988 commissi
1204 1925 1276 1988 vitii
1300 1925 1365 1987 laus

223 2037 280 2097 est.
313 2034 482 2119 singulare
505 2037 554 2097 est
577 2037 609 2097 et
625 2035 733 2098 nescio
755 2034 839 2098 unde
861 2035 1040 2118 profectum
1062 2035 1195 2115 ὑπάρξει
1217 2058 1249 2117 p.
1266 2035 1298 2115 6,
1314 2034 1365 2116 32,

223 2143 276 2207 sed
300 2144 464 2229 graviores
486 2144 547 2208 hae
570 2167 648 2229 quas
671 2144 759 2208 infra
781 2145 871 2227 posui
894 2144 1062 2209 Vrbinatis
1085 2144 1203 2209 codicis
1232 2144 1366 2228 scriptu-

223 2277 289 2318 ras:
313 2257 344 2336 6,
366 2257 388 2318 4
411 2256 658 2335 προελθούεηε,
677 2256 706 2336 7,
734 2257 770 2318 11
795 2256 822 2320 εἰ
844 2258 898 2334 δὴ,
929 2255 958 2336 8,
983 2255 1003 2318 2
1025 2257 1075 2319 καὶ
1097 2255 1247 2333 Λεύκιος,
1273 2255 1324 2336 10,
1348 2253 1366 2317 8

224 2365 454 2444 ὀγδοηκοετῆε,
484 2366 515 2445 8,
539 2366 559 2428 3
582 2368 615 2428 et
640 2366 687 2446 10,
713 2365 932 2430 1Φοινικικόε
960 2365 1072 2429 forma.
1125 2365 1177 2429 Ab
1199 2364 1267 2447 his,
1293 2386 1366 2449 quo-

225 2497 295 2537 rum
316 2496 387 2537 meo
414 2475 531 2539 iudicio
559 2474 741 2538 indubitata
764 2478 811 2537 cst
833 2475 1022 2555 necessitas,
1051 2475 1210 2557 proficisci
1237 2479 1367 2558 propter

132 2636 140 2650 .
173 2599 206 2646 ·5
224 2585 308 2647 hanc
336 2585 439 2667 ipsam
466 2586 690 2648 necessitatem
716 2585 806 2648 licuit
835 2588 868 2648 et
895 2586 935 2648 ad
964 2585 1027 2648 alia
1049 2584 1206 2668 quaedam
1230 2585 1366 2668 amplec-

224 2694 323 2759 tenda
352 2695 517 2779 progredi,
547 2716 679 2779 quorum
701 2695 911 2778 probabilitas
939 2697 1065 2759 tantum
1087 2695 1188 2758 maior
1211 2695 1368 2779 quaedam
1398 2732 1402 2736 ⁴

225 2825 321 2888 quam
333 2803 503 2869 Chisianae
518 2805 690 2869 memoriae
713 2826 780 2868 esse
794 2804 965 2868 videretur.
989 2803 1123 2868 Possum
1144 2805 1217 2868 falli
1239 2805 1279 2868 de
1302 2806 1368 2890 qui·

226 2915 374 2978 busdam:
398 2915 453 2979 sed
468 2915 536 2978 visa
551 2921 627 2978 sunt
640 2919 751 2978 tamen
768 2915 979 2998 praeferenda
1001 2917 1208 2994 παραλλήλα(
1228 2937 1261 2998 p.
1272 2915 1304 2995 2,
1316 2917 1367 2993 31,

225 3028 315 3105 μέχρι
337 3027 367 3108 3,
385 3027 441 3102 31,
465 3028 597 3106 πρώτου
620 3026 726 3107 ’1,19,
751 3026 888 3090 Ἀντιεύς
910 3025 940 3106 9.,
964 3026 1021 3106 25,
1051 3026 1181 3089 ἐνθένδε
1209 3028 1258 3105 ll,
1275 3026 1315 3106 2,
1338 3030 1371 3089 et

226 3139 349 3198 mutata
372 3138 502 3218 propter
524 3136 687 3218 proprium
710 3135 857 3218 Dionysii
885 3134 1046 3198 scribendi
1074 3156 1176 3218 genus
1199 3135 1371 3199 verborum

227 3245 436 3309 collocatione
459 3247 631 3325 ἐθάρρηεεν
648 3246 748 3325 ἀρχήν
769 3247 800 3327 4,
816 3247 868 3326 31,
892 3249 1043 3322 ποιοῦμαι
1058 3245 1257 3323 πραγμάτων
1276 3247 1369 3327 10,1.

226 3355 434 3419 Memorabile
461 3359 655 3433 astantem,
684 3378 754 3419 cum
784 3376 849 3418 non
877 3356 987 3437 paucis
1015 3353 1217 3438 singularum
1246 3357 1371 3420 vocula·

227 3487 296 3528 rum
319 3464 545 3529 additamentis
567 3465 725 3549 integrior
747 3464 916 3530 Chisianus
939 3464 998 3546 sit,
1022 3465 1062 3527 ab
1084 3463 1145 3528 hac
1168 3470 1264 3547 parte
1292 3466 1373 3530 intc-

227 3575 343 3657 grioris
369 3576 403 3638 in
431 3574 589 3639 Vrbinate
623 3575 800 3657 scripturae
826 3595 868 3637 ne
895 3597 994 3637 unum
1026 3573 1153 3657 quidem
1190 3577 1374 3659 exemplum

228 3687 373 3748 exstare:
407 3707 468 3769 quo
495 3707 561 3749 non
594 3685 707 3748 leviter
739 3684 921 3748 confirmari
957 3687 1099 3747 nostram
1133 3683 1172 3746 de
1206 3685 1374 3770 utriusque

228 3794 302 3857 libri
324 3795 450 3858 ratione
472 3795 666 3859 sententiam
689 3797 833 3878 apparet,

313 3906 475 3970 Summam
500 3905 603 3968 adhuc
625 3904 857 3986 disputatorum
879 3905 990 3987 paucis
1007 3903 1268 3986 complectamur.
1295 3905 1376 3971 Cum

229 4016 305 4080 alibi
329 4016 426 4078 liceat
442 4015 482 4078 ab
499 4016 663 4097 explorata
687 4013 831 4078 codicum
853 4013 1024 4078 historia
1046 4013 1206 4096 proficisci
1231 4014 1272 4077 ad
1295 4016 1376 4080 iudi·

230 4127 312 4189 cium
341 4125 380 4188 de
409 4147 516 4188 eorum
555 4124 789 4188 condicione
822 4123 1021 4205 faciendum,
1056 4123 1087 4186 id
1116 4122 1198 4207 quod
1229 4146 1257 4187 e.
1281 4146 1311 4188 c.
1341 4126 1377 4190 in

228 4235 395 4298 Plautinos
426 4234 526 4317 cadit,
561 4257 620 4298 uos
647 4234 773 4318 quidem
808 4234 969 4297 contraria
1001 4233 1052 4296 via
1086 4233 1189 4296 exorsi
1219 4255 1238 4296 a
1265 4236 1377 4316 pensi-

230 4343 328 4407 tanda
363 4344 549 4408 condicione
583 4344 781 4428 singularum
814 4344 1044 4427 scripturarum
1076 4341 1303 4428 progredimur
1336 4346 1377 4409 ad
