2904 4996
493 358 617 406 ιιπιινιο
642 358 861 406 οπεοιιιντιο.
1186 339 1249 403 68ἱι

103 511 235 591 γραφία.
280 511 465 591 Θεόκριτος·
488 519 558 585 τοῖς
579 510 616 573 δὲ
638 506 720 592 μετά
742 511 900 591 μριπεῦσι
929 557 1069 572 .....
1095 509 1189 572 Θέων
1214 509 1249 572 ἐν

105 621 305 701 ὑπομνήματι
327 625 372 686 τῶ
396 621 449 686 εἰς
463 622 651 701 Θεόκριτον)
679 659 722 669 -
751 622 951 701 Γριφῶδες
983 620 1191 699 (Ἡρωδιανὸς
1214 619 1249 683 ἐν

104 737 142 810 τῆ
166 733 390 813 ὀρθογραφὶαν
415 770 452 778 -
481 731 532 795 65.
565 733 662 809 Γυνή
691 731 902 812 (Δημόκριτος
927 778 1067 792 .....
1092 729 1251 808 Φερεκρά-

105 863 174 922 της·
197 836 242 917 ὥς
264 838 392 906 άτοπον
415 839 507 906 ἐστιν
529 844 632 924 μῆτερ
649 834 736 904 εἶναι
759 837 815 903 καὶ
837 837 955 923 γονήν.
979 840 1082 905 οὕτω(
1097 840 1250 919 Ἡρωδια-

106 954 164 1018 νὸς
189 953 224 1018 ἐν
247 953 468 1033 ἐπιμεριςμοῑς)

193 1175 397 1255 Δαῖφρονι
412 1174 470 1252 (ὡς
485 1175 504 1238 ὁ
520 1174 716 1253 Λυκόφρων
740 1167 763 1235 ά
778 1172 901 1248 πόντος
921 1170 1040 1254 Ἕλλης
1062 1169 1118 1234 καὶ
1134 1170 1251 1255 πέτραι

108 1282 354 1366 συμπληγάδες)
378 1320 421 1330 -
443 1284 649 1361 Δαμαςκός
670 1322 712 1331 -
735 1285 912 1349 Δεῖπνος
936 1283 978 1360 (οἱ
998 1284 1127 1360 κωμικοὶ
1149 1283 1199 1346 καὶ
1221 1281 1251 1346 οἱ

107 1397 262 1473 νεώτεροι
286 1443 427 1457 .....
457 1395 699 1475 Ἐπαφρόδιτος)
722 1430 765 1442 -
786 1393 915 1458 Δεκάς
939 1392 1088 1474 (Ὀρφεὺς
1111 1394 1147 1457 δὲ
1169 1394 1251 1455 κλα-

107 1502 233 1587 δοόχον
256 1506 355 1583 αὐτὴν
379 1504 539 1584 ὀνομάζει)
555 1541 598 1552 -
620 1504 671 1567 70.
696 1505 904 1583 Δέλφακες
927 1503 1080 1582 (Ὅμηρος
1103 1497 1250 1584 ὁλόφρο-

107 1638 169 1690 νας
191 1616 309 1680 αὐτοὺς
331 1617 428 1696 καλεῖ)
452 1653 494 1661 -
529 1616 690 1695 Δέλφαξ
713 1613 926 1705 (ἘπίχαρμοςΙ
950 1610 1103 1695 δέλφακά
1125 1634 1160 1675 τε
1182 1615 1251 1675 ταῖν

107 1722 278 1807 γειτόνων.
308 1735 377 1799 τοῖς
405 1722 605 1798 ἑλευσινιόις
636 1724 811 1806 φυλάσσω)
838 1762 882 1772 -
912 1725 1069 1802 Δελφοὶ
1096 1725 1147 1787 καὶ
1169 1724 1251 1788 Δελ-

107 1835 172 1916 φός
196 1824 419 1915 (Καλλίμαχος
450 1833 574 1916 δελφός
602 1830 691 1915 άνηρ
721 1829 798 1916 ἐμός
829 1830 1006 1916 ίερόεργος)
1034 1872 1076 1881 -
1107 1834 1252 1913 Δέρρις

108 1946 270 2024 (Εὕπολιτ·
292 1942 379 2027 γυνη
407 1945 571 2026 μέλαιναν
599 1942 715 2025 ιλέρριν
736 1940 946 2026 ἠμφιεσμένη
972 1992 1112 2007 .....
1142 1944 1193 2008 ἐπὶ
1215 1946 1251 2007 δὲ

106 2059 165 2120 τοῦ
182 2056 466 2135 παραπετάςματος
481 2055 632 2137 Πλάτων)
649 2091 692 2102 -
706 2056 838 2134 Δεῦρο
860 2092 903 2145 T·
925 2056 976 2118 75.
999 2055 1251 2134 Δημιουργός

109 2166 207 2247 (παρά
228 2186 261 2230 τε
285 2165 436 2246 Ἀργείοις
458 2167 508 2229 καὶ
530 2167 732 2231 Θεςεαλικοῑς
757 2214 816 2231 ..
836 2214 868 2227 ..
893 2166 981 2243 παρὰ
1002 2169 1069 2229 τοῖς
1091 2166 1250 2242 Ἀττικοῖς)

107 2313 151 2323 -
178 2277 271 2353 Δηώ
295 2276 392 2353 (οὕτω
420 2276 499 2354 γὰρ,
527 2275 614 2354 δηαί,
643 2276 938 2355 ττροςαγορεύονται
966 2274 1030 2338 ὑπό
1060 2275 1192 2353 Κρητῶν
1221 2275 1252 2338 αἱ

108 2385 219 2466 κριθαί)
248 2423 290 2432 -
318 2386 548 2466 Διαβόητος
576 2386 781 2466 (Ἀνακρέων
810 2383 865 2447 καλ
893 2381 928 2466 μ’
959 2382 1141 2466 ἐπιβόητον
1169 2380 1252 2447 κατά

109 2498 261 2577 γείτονας
284 2493 442 2578 ποιήσεις)
466 2534 509 2543 —
531 2498 877 2575 Διακοτμηθεῐμεν
900 2533 943 2542 -
965 2496 1189 2574 Διάκτορος
1209 2533 1252 2544 -

109 2605 161 2669 80.
193 2607 416 2671 Διάλεκτος
443 2645 485 2655 —-
516 2608 711 2685 Δικαςτής
739 2607 955 2687 (Μένανδροα
986 2610 1065 2681 εἰτις
1096 2602 1253 2689 δικαστὴς

107 2708 130 2796 ἢ
153 2712 322 2798 διαιτητὴς
346 2717 446 2799 θεαῖν)
475 2754 517 2764 —-
550 2718 775 2798 Διθύραμο(
797 2716 843 2781 sie
868 2718 1040 2797 (Πίνδαρος
1063 2720 1098 2782 δὲ
1121 2716 1169 2781 ότι
1191 2717 1252 2782 τὶκ-

107 2847 176 2890 των
199 2826 299 2891 αὐτόν
327 2826 448 2907 ἐπεβόα
476 2827 495 2890 ό
517 2827 599 2892 Ζεὺς
628 2829 710 2890 λῦθι
733 2829 813 2891 άῦθι
836 2825 966 2910 ῥάμμα,
994 2827 1040 2892 ἵν)
1063 2827 1081 2905 ἦ
1105 2828 1252 2907 λυθίραμ-

109 2941 189 3016 βος.
212 2986 218 2998 .
241 2985 248 2998 .
269 2937 467 3015 Ἡρωδιανὸς
489 2939 525 3002 δὲ
546 2939 605 3016 τὴν
627 2937 785 3018 πίνδαρον
808 2935 1035 3014 ἀποδοκιμάζει
1057 2938 1190 3017 φάςκων
1212 2939 1252 3001 τὰ

108 3047 322 3125 προςτακτικὰ
343 3048 383 3127 μὴ
407 3048 608 3129 ςυντίθεςθαι)
636 3085 678 3095 —
708 3049 818 3127 Δόρυ
846 3047 962 3127 (οὕτως
991 3046 1089 3126 εὗρον
1113 3049 1147 3112 ἐν
1171 3046 1252 3112 ὑπο-

108 3156 244 3234 μνήματι
266 3157 397 3223 Θέωνος
421 3157 463 3222 εἰς
491 3159 549 3236 τὴν
572 3158 765 3237 Ὀδύςςειαν)
793 3197 835 3207 -
863 3159 1075 3237 Δορύαλος
1105 3157 1251 3237 (Ἀρκτο-

107 3265 231 3347 φάνης·
261 3267 300 3329 αἱ
322 3277 481 3348 γυναῖκες
512 3265 570 3331 τόν
597 3266 769 3349 ὃορύαλον
796 3266 1010 3350 φράγνυνται
1034 3317 1175 3332 .....
1206 3268 1251 3333 ὡς

108 3379 211 3454 δῆλον
233 3377 269 3440 ἐκ
290 3382 348 3442 τοῦ
364 3378 451 3456 παρὰ
467 3379 732 3460 Ἀριςτοφάνους·
753 3361 973 3461 η”βυλλιώόα
998 3381 1127 3442 καίτιον
1143 3399 1252 3460 παρα-

108 3484 307 3570 τετιλμέναι)
323 3525 365 3536 —-
386 3488 438 3553 85.
464 3490 676 3568 Δραπέτης
700 3489 883 3573 (Φιλόξενος
905 3490 941 3555 ἐν
964 3488 990 3569 β’
1012 3496 1077 3555 τῶν
1101 3491 1172 3568 περὶ
1194 3510 1251 3568 μο-

106 3597 320 3677 νοςυλλάβων
343 3598 502 3680 ῥημάτων)
787 3594 792 3604 ’

196 3818 400 3898 Ἐγκτηνες
427 3858 470 3867 -
497 3818 588 3901 Εἴαρ
611 3821 659 3899 (τό
682 3821 757 3901 αῐμα
779 3823 867 3903 παρὰ
888 3821 1052 3904 τόηρόδον
1076 3820 1124 3887 ότι
1147 3841 1252 3902 φοινι-

109 3933 201 3994 κοῦν.
229 3930 278 3993 καὶ
304 3930 467 4011 Πίνδαρος
497 3929 670 4014 φοινικεάς
697 3934 753 3996 τὰς
784 3929 873 4012 ὠρας
896 3933 1054 3998 ἐκάλεςεν.
1083 3935 1168 3997 πολὺ
1189 3934 1251 4012 γάρ

90 4041 149 4104 ’τό
173 4039 273 4117 ῥόδον
300 4044 346 4104 τῶ
375 4040 452 4120 ἔαρι.
481 4043 530 4106 καὶ
557 4042 595 4106 τό
617 4043 701 4105 πολὺ
730 4044 766 4106 δὲ
794 4040 909 4120 ῥόδον·
932 4044 989 4123 ἔαρ
1017 4046 1187 4124 καλοῦμεν)
1210 4039 1260 4092 -Ᾰ

108 4148 216 4229 Εἴβει
236 4150 735 4232 -Εἰδωλολατρεία-9Ο.
761 4152 1253 4219 Εἴδωλον-Εἰλίπους-

107 4260 225 4325 Ἰςτέον
248 4263 283 4324 δὲ
312 4258 359 4325 ότι
382 4260 548 4326 Εἵλωτες
576 4264 723 4338 λέγονται
752 4263 783 4327 οἱ
809 4267 906 4342 μιςθῶ
929 4265 1141 4330 δουλεύοντες
1164 4266 1252 4329 ἐλεύ-

105 4376 215 4451 Θεροι·
239 4370 269 4434 οἱ
290 4370 379 4436 αὐτοὶ
402 4375 438 4436 δὲ
460 4373 548 4451 παρὰ
570 4373 744 4453 Ἀθηναίοις
767 4378 859 4452 θῆτες
881 4376 1044 4456 λέγονται,
1075 4376 1163 4457 παρὰ
1184 4376 1251 4458 Ἀρ-
