2948 4996
211 313 274 376 382
533 329 563 374 c.
587 328 732 377 sursreu
756 329 1029 378 niraunurrouas

211 484 303 563 runt,
344 484 453 545 tamen
485 502 546 564 quo
579 481 672 544 modo
686 523 691 533 -
706 481 907 566 longitudine
939 483 1086 546 videatur
1112 484 1254 569 insignis
1285 507 1357 549 esse

210 598 299 670 spina
321 613 423 672 sacra,
448 591 500 654 vix
516 591 614 656 dicas.
648 591 832 655 Certissima
848 595 955 656 autem
969 593 1067 656 verba
1090 597 1167 658 sunt
1181 594 1356 660 Menandri

134 780 139 789 ,
211 701 246 764 in
268 701 378 764 eadem
401 722 435 763 re
457 702 614 764 versantis
640 700 735 788 [apud
751 702 954 766 Athenaeum
969 702 1016 767 IV
1031 727 1062 787 p.
1082 705 1143 768 146
1159 709 1196 787 Ε,
1222 704 1353 790 Fragm.

211 833 242 895 p.
265 812 308 875 50
335 809 462 898 Mein.]:
506 815 563 890 τὴν
587 812 692 893 ὀςφὺν
716 812 833 892 ἄκραν,
861 813 975 897 quibus
998 814 1051 876 via
1079 814 1284 899 significatur
1313 816 1353 880 ad

210 920 409 984 emendanda
432 921 615 1004 Aeschylia.
661 921 714 986 Sic
741 924 827 986 enim
849 923 1004 1006 scriptum
1024 924 1104 988 fuit:

412 1084 499 1167 κνίςῃ
522 1105 556 1147 τε
579 1087 668 1147 κῶλα
690 1086 890 1160 ςυγκαλυιττὰ
912 1085 1000 1165 χᾶμ’
1024 1085 1146 1165 ἄκραν

412 1195 518 1274 ὀςφὺν
541 1196 690 1274 πυρώςας
711 1231 763 1257 -.

294 1353 333 1417 V.
357 1355 421 1419 530
450 1354 592 1418 animum
616 1354 749 1419 offendit
771 1356 876 1436 πόρον
900 1355 938 1419 de
961 1355 1091 1420 flumine
1114 1356 1254 1439 positum
1278 1358 1352 1421 sim-

209 1465 352 1547 pliciter,
389 1464 425 1528 in
445 1468 539 1529 tanta
570 1465 758 1548 praesertim
787 1465 978 1529 emendandi
1007 1467 1250 1551 commoditate,
1289 1491 1352 1552 qua

208 1574 414 1638 Homericum
437 1574 514 1638 illud
537 1576 635 1655 ῥόον
658 1597 723 1638 non
746 1575 948 1639 mediocriter
963 1576 1214 1642 commendatur.
1246 1577 1352 1642 Simil-

208 1685 284 1748 lima
307 1685 470 1769 superiora
492 1709 522 1748 v.
549 1685 608 1749 139
631 1686 790 1769 ἀκοιμήτῳ
814 1687 942 1766 ῥεύματι
964 1688 1085 1766 πατρὸς
1108 1687 1272 1753 Ὠκεανοῦ.
1293 1671 1295 1675 ⁴

293 1795 333 1859 V.
350 1797 413 1860 542
433 1795 531 1859 verba
554 1796 615 1877 ἰδίᾳ
637 1798 746 1881 γνώμῃ
770 1795 986 1860 emendaturo·
1000 1796 1153 1859 auxilium
1176 1799 1351 1880 petendum

208 1928 246 1970 er
280 1906 471 1970 scholiastae
505 1905 733 1987 explicatione:
771 1908 808 1971 ἐν
836 1907 897 1989 ἰδίᾳ
924 1908 1034 1991 γνώμῃ
1063 1909 1112 1971 καὶ
1142 1908 1349 1988 αὐθαιρέτως.

208 2016 296 2091 Quae
309 2017 346 2080 si
368 2016 604 2080 contenduntur
627 2038 698 2079 cum
721 2015 910 2080 scholiastae
933 2017 1038 2080 verbis
1061 2017 1101 2080 ad
1117 2016 1215 2100 Soph.
1233 2019 1349 2102 Antig.

208 2128 285 2191 875:
322 2126 539 2214 αὐτόγνωτος]
570 2127 755 2206 αὐθαίρετος
783 2129 833 2192 καὶ
855 2127 1072 2206 ἰδιογνώμων,
1106 2131 1195 2190 certa
1223 2129 1352 2193 ratione

208 2238 352 2303 ducimur
374 2238 414 2301 ad
438 2237 607 2320 pristinam
631 2259 738 2300 versus
760 2237 897 2300 formam
920 2236 1037 2300 hanoc:

410 2374 726 2452 αὐτογνωμόνως
750 2375 838 2452 ςέβει,

209 2509 468 2588 αὐτογνωμόνως
490 2511 551 2572 rite
575 2512 669 2592 atque
692 2508 810 2571 ordine'
824 2508 946 2571 factum
963 2508 1004 2571 ab
1020 2509 1239 2589 αὐτογνώμων
1265 2511 1352 2575 bono

208 2619 363 2682 vocabulo
396 2619 477 2682 nihil
503 2619 601 2682 habet
628 2619 811 2682 offensionis
839 2621 967 2701 praeter
1001 2623 1181 2702 correptam
1210 2626 1288 2685 ante
1314 2629 1352 2696 ἦ

208 2729 366 2793 vocalem:
405 2729 491 2792 cuius
519 2734 627 2793 tamen
656 2729 806 2793 licentiae
830 2730 974 2811 exempla
996 2729 1152 2813 quaedam
1175 2731 1352 2815 Aeschylia

209 2863 246 2905 ac
269 2839 438 2923 Sophoclia
461 2840 584 2925 pridem
605 2843 718 2904 notata
740 2839 874 2902 Porsoni
903 2839 943 2901 ad
965 2838 1132 2903 Hecubam
1154 2863 1184 2903 v.
1209 2843 1284 2905 302.

207 3061 356 3145 placebat
378 3061 429 3124 vel
451 3066 515 3126 ποῦ
539 3082 582 3124 τις
605 3062 655 3123 vel
678 3061 745 3125 εἰπέ
768 3081 832 3124 που
854 3060 914 3124 ric:
952 3082 1066 3143 parum
1088 3061 1174 3123 enim
1198 3067 1350 3126 accurata

208 3171 383 3236 Wellaueri
405 3171 557 3234 narratio.

293 3282 332 3345 V.
356 3283 418 3346 576
448 3303 486 3344 ex
513 3280 666 3344 librorum
695 3280 852 3364 scriptura
881 3286 913 3344 et
936 3281 1175 3365 comparatione
1199 3283 1350 3346 antistro-

207 3393 290 3477 phae
314 3414 509 3475 consequens
531 3391 610 3454 haec
633 3394 681 3453 est
703 3391 897 3454 emendatio:

613 3528 655 3590 ἰὼ
679 3528 737 3601 ἰώ,
761 3531 933 3606 ποῖποῖ,

517 3637 706 3719 ὦτιόποι,
730 3642 778 3717 πῆ
802 3640 839 3715 μ’
862 3637 972 3714 dromi
994 3675 1047 3700 -.

207 3795 265 3857 ποῖ
297 3796 330 3869 et
360 3796 403 3871 πῆ
437 3791 608 3855 coniuncta
642 3788 740 3853 habes
774 3812 802 3854 e.
833 3813 859 3853 c.
888 3790 923 3853 in
952 3789 1028 3852 Eur.
1053 3789 1188 3852 Hecuba
1210 3813 1240 3852 v.
1269 3791 1353 3855 1066

208 3904 330 3988 (1047).
362 3902 487 3966 Cretico
509 3903 681 3964 molossum
702 3900 895 3983 respondere
916 3921 982 3963 non
997 3903 1103 3982 potest
1118 3900 1353 3982 demonstrari;

207 4018 374 4096 praeterea
396 4020 449 4077 πῶ
472 4017 524 4076 au
548 4016 600 4075 πῶ
625 4010 807 4074 coniunctio
829 4010 898 4073 sine
921 4010 1076 4092 exemplo.

292 4123 332 4187 V.
349 4124 409 4186 601
427 4122 529 4186 scribe
552 4124 714 4200 κέντροις
738 4121 782 4185 ἰὼ
806 4122 1033 4200 φοιταλέοιςιν,
1056 4120 1194 4203 synizesi
1217 4122 1354 4187 efferen-

208 4232 297 4296 dum:
334 4233 481 4296 similiter
508 4236 603 4315 atcpue
631 4232 665 4294 in
692 4231 854 4314 Euripidis
882 4252 974 4295 versu
1003 4231 1086 4314 apud
1109 4229 1289 4295 Seidlerum
1312 4233 1354 4298 de

207 4364 289 4408 vers.
313 4342 437 4405 dochm.
462 4365 493 4424 p.
517 4343 557 4404 38
583 4344 736 4420 μανιάδος
760 4343 949 4424 φοιταλέου
971 4346 1045 4424 φεῦ
1069 4346 1142 4421 φεῦ
1164 4342 1307 4419 μόχθων.
