2924 4996
387 307 545 358 nroursn
570 306 922 358 HALIOARNASSENSIS.
1163 291 1224 357 477

84 461 212 544 mirere,
235 459 463 543 propemodum
484 460 674 525 incredibili.
719 459 805 524 Nam
827 465 1000 525 Historia
1022 466 1161 543 Dionysii
1180 461 1227 525 ait

84 577 214 635 habetur
241 578 272 633 ia
308 575 475 634 Vaticanae
503 576 702 635 bibliothecae
728 593 796 636 mss.
825 576 916 636 codri.
947 582 1014 634 105.
1045 580 1109 633 938.
1143 582 1225 634 1000.

86 692 174 744 1416.
200 691 248 744 64.
275 691 339 743 102.
366 690 447 743 1327.
472 691 518 743 61.
546 686 685 745 Vrbinai.
711 693 759 744 47.
784 691 829 745 89.
852 687 953 746 Palm.
985 692 1034 745 66.
1066 692 1132 744 277.
1162 691 1224 744 132.

86 802 133 853 58.
160 801 226 854 134.
270 781 669 888 Tantammultitudinem
691 791 762 874 quis
784 813 851 855 non
873 790 1069 855 demiretur?
1106 789 1227 854 Verum

85 901 172 964 enim
188 921 262 964 vero
283 900 381 984 longe
396 899 460 962 alia
475 922 534 964 nos
556 900 691 964 schedae
712 923 788 966 mss.
812 900 938 984 docent,
962 900 1075 985 quibus
1096 899 1226 964 Vatica-

84 1032 200 1073 norum
221 1009 369 1093 Dionysii
392 1009 536 1073 codicum
557 1010 715 1094 omnium,
744 1010 798 1095 qui
820 1011 947 1095 quidem
969 1009 1062 1073 hodie
1086 1013 1225 1091 exstant,

85 1120 361 1185 accuratissimum
389 1119 528 1183 indicem
554 1120 801 1185 Kellermannus
834 1120 1031 1204 perscripsit.
1081 1119 1132 1183 Ex
1165 1141 1227 1204 quo

85 1229 294 1315 cognovimus
322 1227 483 1293 Vaticano
519 1230 579 1295 145
613 1230 770 1295 contineri
790 1230 1016 1314 Xiphilinum,
1046 1227 1122 1293 Vat.
1152 1230 1225 1294 938.

87 1340 179 1404 1000.
206 1338 287 1402 1416
310 1340 489 1422 (praeterea
512 1339 609 1403 etiam
633 1340 729 1426 1302)
757 1343 789 1404 et
811 1340 890 1405 Vrb.
915 1340 956 1404 89
984 1339 1133 1423 Dionysii
1155 1341 1227 1419 περὶ

85 1451 288 1515 Θουκυδίδου
310 1449 490 1529 ἰδιωμάτων
512 1449 640 1534 librum,
657 1450 733 1515 Vat.
751 1451 802 1514 64.
822 1450 913 1533 1327,
930 1448 1010 1513 Vrb.
1023 1449 1076 1533 47,
1099 1448 1168 1512 Pal.
1185 1449 1226 1513 66

83 1559 203 1622 librum
234 1561 307 1639 περὶ
339 1561 514 1625 ευνθέεεω(
548 1561 736 1642 ὀνομάτων,
774 1559 974 1644 eiusdemque
1004 1559 1164 1642 epitomen
1192 1558 1226 1621 in

82 1667 161 1732 Vat.
188 1669 263 1751 102,
292 1668 362 1732 Pal.
389 1669 449 1733 132
471 1669 563 1753 (item
584 1671 677 1754 254),
702 1669 816 1734 deinde
838 1669 913 1733 Vat.
938 1670 977 1734 61
1001 1672 1073 1749 περὶ
1096 1670 1224 1750 ῥυθμῶν

85 1779 368 1862 commentarium,
398 1779 466 1842 Pal.
496 1763 558 1844 277
587 1785 757 1845 methodum
784 1786 1029 1861 πανηγυρικῶν,
1064 1779 1133 1842 Pal.
1166 1779 1227 1844 134

83 1895 179 1953 vitam
208 1894 331 1970 Lysiae,
368 1888 503 1973 denique
531 1888 600 1952 Pal.
630 1889 671 1954 58
700 1895 743 1953 ad
772 1893 956 1955 Tuberonem
990 1902 1019 1954 et
1051 1895 1226 1969 Pompeium

83 2005 232 2079 epistolas
255 2021 324 2063 cum
347 1999 429 2063 libro
451 2006 489 2063 de
515 2006 647 2079 antiquis
669 2005 851 2065 oratoribus.
897 1999 1017 2064 Contra
1040 1999 1225 2083 Antiquita-

82 2111 155 2170 tum
183 2107 401 2173 Romanamm
429 2109 552 2174 codices
579 2112 707 2193 praeter
735 2109 929 2174 Vaticanum
960 2109 1057 2192 1300,
1092 2108 1132 2173 de
1165 2129 1226 2192 quo

82 2240 183 2303 supra
210 2218 361 2302 diximus,
395 2219 430 2283 in
457 2219 528 2303 ipsa
555 2223 681 2283 vetusta
707 2218 870 2284 Vaticana
897 2220 938 2283 ab
965 2220 1077 2283 eodem
1105 2217 1226 2282 Keller-

82 2350 207 2392 manno
239 2329 446 2413 perhibentur
476 2329 538 2393 duo
571 2330 708 2412 servari,
743 2352 776 2393 u.
807 2330 868 2394 133
897 2333 929 2393 et
958 2330 1019 2395 134
1053 2328 1224 2411 chartacei,

83 2438 210 2501 formae
232 2438 365 2521 mediae,
389 2439 508 2503 saeculi
525 2438 596 2503 XV.
628 2438 767 2514 Quorum
788 2438 1007 2522 posteriorem,
1032 2438 1085 2522 qui
1107 2461 1126 2501 a
1148 2438 1226 2502 folio
1246 2450 1277 2498 19

84 2549 150 2611 124
177 2551 288 2611 teneat
310 2549 461 2615 Ἰωάννου
483 2554 541 2614 τοῦ
571 2549 742 2630 Εὐγενιχοῦ
772 2549 970 2631 imponente
992 2550 1144 2628 Ἰωάννην
1167 2550 1225 2615 τὸν

82 2659 330 2736 Παλαιολόγον,
369 2658 519 2742 deinceps
553 2662 659 2723 autem
696 2659 839 2742 Appiani
878 2659 992 2743 libros,
1032 2658 1227 2741 descriptum

82 2766 188 2829 rideri
218 2788 256 2830 ex
283 2767 444 2832 Vaticano
475 2768 557 2833 1300
584 2789 645 2833 nee
674 2770 745 2852 plus
774 2790 869 2853 quam
898 2768 1033 2832 eandem
1054 2768 1227 2850 pentadem

85 2877 275 2960 complecti;
302 2861 439 2942 alterum
467 2883 574 2942 autem
603 2879 639 2942 in
665 2878 752 2943 foliis
784 2879 847 2944 394
874 2877 1020 2962 Dionysii
1053 2877 1153 2940 libros
1180 2875 1226 2938 XI

83 3008 198 3050 omnes
225 2990 334 3052 tenere
362 2988 455 3052 valde
484 2989 607 3054 receuti
633 3011 731 3053 manu
758 2988 910 3072 scriptos,
940 2989 981 3052 ab
1003 2987 1097 3051 initio
1119 2989 1226 3050 autem

83 3095 221 3160 eandem
260 3118 332 3160 cum
364 3096 516 3163 Ohisiano
552 3099 651 3184 ipsius
684 3099 848 3182 scriptoris
881 3098 1065 3183 imaginem.
1119 3098 1225 3179 Atque

82 3207 173 3270 hunc
200 3206 327 3290 quidem
355 3207 496 3272 codicem
523 3209 576 3273 rix
602 3208 681 3272 mihi
709 3212 852 3291 tempero
879 3208 956 3291 quin
979 3227 1051 3271 cum
1073 3207 1114 3284 ab
1139 3204 1225 3288 [apo

82 3320 156 3379 tum
188 3317 229 3380 ab
261 3316 415 3383 Hudsono
447 3322 634 3402 usurpatum
665 3318 745 3382 mihi
777 3318 996 3402 persuadeam.
1046 3315 1131 3380 Nam
1165 3314 1225 3379 etsi

82 3427 212 3495 numeri
233 3427 394 3510 differrmt,
417 3432 527 3492 tamen
549 3449 609 3492 nec
631 3429 738 3512 quarti
752 3429 847 3492 ullius
862 3426 1025 3510 Vaticani,
1050 3425 1104 3510 qui
1125 3424 1227 3509 possit

83 3534 318 3600 Hudsoniauus
341 3558 419 3621 esse,
444 3537 485 3601 ab
500 3536 728 3602 Keilermanno
749 3539 871 3602 mentio
892 3537 982 3601 facta
1005 3538 1064 3619 est,
1088 3539 1121 3599 et
1143 3534 1225 3618 quod

83 3645 216 3729 fflavius
245 3647 357 3728 etiam,
388 3645 598 3711 Hudsoniano
625 3669 757 3712 numero
783 3647 909 3713 dacin
930 3645 1092 3710 Vaticana
1113 3644 1226 3708 biblio-

83 3754 182 3817 theca
197 3754 290 3819 hodie
304 3755 452 3840 signatus
476 3756 574 3820 codex
596 3778 637 3820 ne
659 3758 800 3841 pertinet
816 3757 943 3841 quidem
966 3756 1006 3820 ad
1022 3755 1222 3839 Dionysium,

83 3863 141 3927 sed
165 3863 355 3948 Gregorium
378 3864 559 3950 Nyssenum
590 3867 733 3930 continet
763 3889 835 3931 cum
858 3867 1099 3951 Chrysostomo,
1128 3886 1226 3928 mauu

84 3976 194 4037 autem
224 3975 361 4058 scriptus
390 3979 438 4039 est
470 3998 599 4059 prorsus
633 3976 746 4040 eadem
773 3999 836 4061 qua
868 3977 1015 4061 Dionysii
1047 3974 1225 4039 Vaticanus

86 4083 180 4147 1300.
225 4083 399 4168 Vtriusque
430 4083 582 4149 Vaticani
617 4108 689 4151 cum
723 4087 784 4150 133
816 4089 884 4150 tum
918 4087 978 4151 134
1011 4086 1071 4150 etsi
1105 4085 1226 4168 aliquot

83 4191 261 4274 scripturas
288 4193 353 4256 vidi
387 4195 428 4258 ab
460 4195 689 4259 Kellermanno
718 4194 758 4258 ad
786 4195 841 4259 lib.
871 4194 934 4260 VH
967 4199 1000 4259 et
1026 4194 1056 4258 X
1089 4194 1225 4277 carptim

83 4303 250 4384 enotatas,
273 4306 383 4366 tamen
405 4307 498 4368 tanta
521 4326 630 4369 earum
654 4306 799 4389 paucitas
823 4310 881 4390 est,
904 4305 986 4369 nihil
1008 4307 1044 4367 ut
1065 4305 1140 4368 inde
1164 4304 1225 4367 col·
