2948 4996
466 295 585 346 aaavu
610 294 869 346 scarrroamvs.
1182 275 1245 344 465

101 452 190 516 cuius
219 451 365 534 patronis
392 451 513 514 liceret.
565 449 685 514 Verum
714 449 801 513 enim
834 469 908 511 vero
936 469 953 510 e
977 448 1083 511 codice
1114 450 1246 511 notatur
1266 463 1297 510 10

100 561 311 641 Maarsares
334 565 372 638 τῆ
395 561 451 626 iric.
475 563 651 628 xorobivroi:
682 559 716 623 in
744 558 857 642 quibus
890 557 1051 642 sagaciter
1083 558 1246 642 perspexit

99 648 140 736 ac
172 672 269 735 nimis
304 673 495 733 cunctanter
530 668 752 753 pronuntiavit
790 667 952 733 Sohowius
987 690 1020 751 p.
1048 667 1109 731 696
1146 668 1246 731 latere

98 783 137 848 ἐν
152 786 201 861 τῆι
224 780 260 845 α’.
284 784 530 846 (κοτοδινιᾶ-;
554 780 757 864 quodetiam
780 778 955 862 simplicius
978 799 1073 862 quam
1096 779 1131 845 ἐν
1146 784 1184 863 τῇ
1207 777 1247 843 ια’

98 891 208 954 fuerit.
222 890 253 975 *l
297 888 343 953 Vt
364 890 508 974 profecto
530 911 596 953 non
619 890 773 973 ineptiat,
797 889 851 972 qui
873 888 1036 979 Marsyam
1059 889 1247 952 alterutrum

100 1001 243 1083 ipsorum
277 999 507 1064 Macedonicon
539 1000 621 1063 libro
648 999 752 1083 primo
780 1000 958 1082 suspicetur
985 999 1024 1063 de
1052 1021 1088 1064 eo
1117 999 1247 1063 nomine

100 1110 235 1193 dixisse,
259 1131 336 1192 quo,
366 1131 444 1192 quos
467 1110 659 1189 παρθενίου(
681 1109 943 1192 Lacedaemonii,
960 1109 1121 1174 'vocarint
1142 1109 1247 1181 Mace-

100 1220 211 1283 dones.
235 1218 325 1293 Quod
340 1218 467 1302 quidem
489 1240 550 1283 nec
572 1224 730 1300 κοριναῑοι
752 1223 858 1303 potest
880 1241 940 1284 neo
956 1225 1122 1300 κορηναῑοι
1136 1219 1246 1302 fuisse,

100 1330 157 1393 sed
184 1333 220 1393 ut
248 1316 442 1393 arbitramur
474 1333 711 1409 κορευναῖοι.
765 1327 926 1415 [Necdum
954 1329 1047 1394 huius
1079 1351 1138 1393 nos
1174 1351 1248 1393 con-

100 1441 244 1504 iecturae
259 1439 425 1523 paenItere
440 1438 589 1522 fatemur,
611 1439 756 1524 quamvis
779 1442 835 1503 aut
857 1440 1056 1522 improbatae
1079 1443 1135 1503 aut
1156 1439 1248 1525 igno·

99 1553 193 1613 ratae
216 1571 287 1613 cum
308 1549 411 1613 Maur.
425 1549 601 1614 Schmidtio
623 1552 693 1613 tum
715 1549 874 1614 Lobeckio
889 1549 1100 1636 Pathologiae
1122 1550 1245 1635 proleg.

99 1683 135 1744 p.
153 1659 216 1724 225
239 1659 346 1723 adnot.
391 1659 476 1723 Nam
507 1663 676 1744 postquam
704 1659 798 1723 nihili
820 1661 1009 1725 vocabulum
1033 1683 1101 1725 esse
1125 1662 1245 1742 κορίνη,

100 1790 164 1853 quo
187 1768 250 1834 dici
270 1776 402 1849 puellum
427 1769 489 1833 sibi
511 1773 747 1853 persuaserant,
771 1771 970 1854 intellectum
993 1775 1041 1836 est
1064 1772 1144 1856 (sive
1163 1771 1247 1855 apud

100 1879 333 1943 philostratum
355 1879 390 1942 in
411 1879 479 1943 vita
502 1880 668 1964 Apollonii
690 1880 734 1964 II,
758 1880 810 1963 22,
828 1880 869 1944 74
891 1904 922 1964 p.
940 1881 991 1965 34,
1010 1884 1028 1946 7
1052 1881 1151 1965 Kays.
1176 1903 1247 1944 cum

99 1989 262 2053 Lobeckio
285 1991 430 2072 Καρῑναι,
454 1990 531 2072 sive,
556 1991 639 2074 quod
660 1993 824 2075 praestare
847 1995 1006 2074 putamus,
1031 1994 1153 2072 κήριναι
1177 2013 1248 2055 cum

99 2099 226 2183 Toupio
247 2098 382 2178 Emend.
406 2100 441 2163 in
463 2098 550 2163 Suid.
574 2100 606 2164 II
628 2123 660 2184 p.
683 2100 745 2164 227
777 2100 825 2164 ed.
849 2101 936 2185 Lips.
960 2102 1112 2185 probabis
1134 2123 1193 2186 pro
1211 2123 1247 2165 eo

100 2209 186 2294 quod
209 2210 331 2272 librarii
352 2213 527 2293 peccarunt
548 2213 671 2290 κορῑναι
692 2210 742 2274 vel
763 2212 917 2296 κορίναι),
941 2233 1035 2275 omne
1052 2213 1118 2275 iam
1133 2211 1247 2275 funda-

100 2323 246 2383 mentum
274 2319 369 2383 alioui
398 2323 559 2400 κοριναῑο(
587 2320 709 2384 formae
732 2342 800 2385 esse
823 2322 1022 2386 subtractum
1045 2321 1203 2410 apparet]

188 2428 328 2514 (XXIII)
358 2429 409 2494 Ad
432 2429 611 2514 Mythica
639 2434 745 2495 autem
767 2432 881 2495 merito
904 2432 1064 2496 rettulisse
1087 2431 1247 2516 Schweig-

100 2539 291 2604 haeuserum
328 2539 545 2604 existimamus
581 2543 661 2605 haec
697 2542 858 2606 Athenaei
894 2541 982 2626 apis.
1011 2542 1044 2606 Π
1078 2566 1109 2627 p.
1133 2544 1175 2607 69
1203 2547 1247 2606 D:

103 2652 259 2730 Κρατῖνο(
281 2652 317 2715 δέ
332 2672 408 2732 φητι
430 2652 569 2719 Φάωνα(
592 2652 774 2731 ἐρα(θεῑ(αν
795 2655 854 2733 τὴν
875 2653 1067 2734 Ἀφροδίτην
1087 2654 1123 2718 ἐν
1139 2656 1248 2717 καλαί(

101 2760 295 2840 θριδακίναις
324 2762 425 2828 αὐτὸν
455 2762 657 2842 ἀποκρύψαι,
685 2764 867 2843 Μαρ(ύα(
889 2766 925 2828 δὲ
947 2763 966 2828 ὁ
989 2764 1189 2844 νεώτερα(
1212 2765 1248 2829 ἐν

101 2870 185 2955 χλόῃ
211 2874 336 2950 κριθῶν.
390 2870 588 2954 Quamquam
618 2871 776 2935 immerito
804 2872 890 2936 hunc
918 2873 1106 2956 scriptorem
1135 2873 1245 2955 abeo,

102 2979 158 3063 qui
181 2977 431 3064 Harpocrationi
454 2984 487 3044 et
502 2979 618 3045 Suidae
634 2982 653 3046 ὁ
669 2984 827 3062 νεώτερα(
843 2982 970 3067 dicitur,
987 2982 1071 3046 idem
1086 2980 1246 3065 Schweig-

102 3090 275 3152 haeuserus
298 3089 455 3154 distinxit.

190 3198 327 3284 (XXIV)
359 3200 427 3264 Nec
450 3200 527 3264 alibi
549 3200 613 3265 nisi
640 3201 674 3265 in
697 3201 848 3285 Mythiois
871 3202 975 3266 locum
998 3201 1146 3265 videntur
1167 3201 1248 3265 haec

103 3308 254 3374 habuisse
276 3309 375 3373 schol.
400 3311 432 3374 in
456 3310 632 3394 Odysseam
654 3311 775 3394 XVIII,
800 3311 856 3376 85:
885 3313 1014 3392 Ἐχετο(
1037 3312 1076 3391 ἠν
1100 3314 1156 3391 μὲν
1179 3312 1247 3377 alb<

105 3421 284 3499 Βουχέτου,
321 3419 383 3502 ἀφ’
412 3420 452 3486 οὗ
482 3422 531 3486 καὶ
560 3422 595 3486 ἐν
624 3422 744 3505 (ικελίᾳ
777 3422 870 3486 πόλι(
903 3423 1062 3501 Βούχετα(
1097 3424 1248 3487 καλεῖται·

105 3528 244 3594 (iretur
267 3532 303 3594 δὲ
325 3532 482 3610 τύραννα(
504 3533 636 3608 λέγεται.
668 3536 786 3596 τοῦτον
809 3533 885 3596 τού(
907 3534 963 3611 μὲν
979 3531 1155 3612 ἐγχωρίου(
1171 3533 1249 3597 κατὰ

104 3639 213 3704 πάντα
241 3639 364 3718 τρόπον
395 3640 544 3723 (ίνε(θαι,
573 3642 649 3706 τοὺ(
677 3642 712 3705 δὲ
741 3643 854 3706 ξένου(
881 3641 1022 3722 ἀναιρεῖν
1051 3644 1247 3722 λωβώμενον

105 3768 132 3810 ε.
150 3770 181 3831 q.
198 3768 223 3810 s.
247 3749 266 3827 ἡ
285 3749 404 3829 ἱετορία
425 3751 513 3830 παρὰ
536 3751 668 3834 Μνα(έᾳ
690 3752 740 3816 καὶ
758 3753 926 3836 Μαρ(ύᾳ.
957 3751 1124 3815 Noluimus
1140 3751 1247 3815 omnia

173 4025 198 4092 *)
218 4025 290 4094 [Hoc
307 4028 402 4081 tamen
419 4027 511 4096 ipsum
528 4027 677 4082 Muellerus
695 4046 721 4098 p.
733 4034 765 4082 44
782 4029 925 4098 praetulit.
939 4060 971 4068 —
990 4028 1119 4085 Ceterum
1135 4033 1247 4099 practer

102 4117 244 4172 rationem
262 4118 382 4173 Cebetas
399 4118 464 4174 Var.
480 4121 543 4175 lect.
557 4140 583 4191 p.
596 4127 645 4176 362
662 4120 729 4190 egit,
746 4122 875 4190 neglecto
894 4121 1020 4176 Schowio
1038 4122 1124 4191 ipsius
1142 4123 1248 4176 Masuri

101 4211 271 4279 scripturam
288 4213 319 4265 ἐν
336 4219 372 4281 τῇ
391 4213 444 4266 ltu
462 4213 498 4267 ad
516 4213 663 4282 pristinum
680 4213 752 4267 hano
770 4216 800 4267 ἐν
818 4216 911 4281 τῆιύύίι
930 4215 972 4282 (b.
986 4232 1008 4269 e.
1029 4217 1059 4269 ἐν
1076 4222 1112 4285 τῇ
1131 4218 1247 4285 πρώτῃ)

100 4320 236 4358 revocare
255 4304 419 4373 nibianus]

157 4407 202 4442 sa.
223 4407 386 4442 arrscasau
407 4408 550 4443 causeum
570 4410 589 4444 1.
1004 4395 1046 4460 30
