2896 4996
500 355 548 401 nn
572 354 642 402 ono
665 356 710 401 ur
733 354 874 401 aurona.
1195 337 1258 400 649

27 583 38 598 ,
117 511 299 576 consentiat
332 509 461 593 potius?
509 509 570 590 Vt,
608 531 670 592 quo
699 509 829 572 valeant
864 508 987 571 Osanui
1019 509 1130 571 verba:
1168 530 1258 586 ρατιοι

116 625 289 700 Stephanus
312 629 466 700 arri-usque
490 627 700 699 ριοοιοιοιῖοὶ,
734 625 906 684 Herodiuui
937 631 966 681 et
993 624 1073 683 Hori
1097 627 1259 682 sententias

116 738 291 811 expendere
321 738 463 796 uideatur
483 734 581 810 super
596 739 767 810 scripturae
789 738 937 794 uarietate
958 728 1019 792 τοῦ
1041 732 1176 792 Δωπίου
1199 751 1258 792 πε-

117 845 211 921 δίου,
245 865 311 907 non
332 864 410 906 sane
437 842 639 925 perspiciam.
690 841 824 904 Possum
852 841 913 904 hoc
940 841 1067 924 lougius
1095 841 1258 923 persequi:

117 954 173 1018 sed
202 956 285 1017 malo
314 954 547 1037 disputatorum
575 973 731 1016 summam
764 953 874 1034 paucis
908 950 1190 1034 comprehendere,
1223 954 1259 1013 ut

117 1067 256 1149 primum
279 1065 378 1148 ipsius
401 1065 456 1127 Ori
480 1064 577 1127 verba
600 1086 619 1126 a
641 1062 806 1146 Stephano
828 1062 965 1145 proferri
986 1062 1067 1125 haec
1088 1062 1259 1125 decernam

118 1178 169 1240 καὶ
196 1178 234 1241 τὰ
263 1178 335 1254 περὶ
357 1177 499 1255 Θάμυριν
529 1175 568 1237 ad
591 1178 825 1255 retentarent,
857 1177 889 1236 et
917 1173 956 1236 οὐ
983 1175 1045 1253 γὰρ
1067 1209 1110 1221 -
1131 1211 1173 1219 -
1194 1175 1259 1252 πρὸ

117 1292 173 1364 τῆς
203 1287 331 1366 Λιβύης,
361 1284 517 1369 Stephani
546 1288 653 1348 autem
684 1306 751 1347 esse
779 1287 812 1347 et
839 1284 944 1347 media
974 1287 1007 1346 et
1033 1286 1195 1367 postrema
1219 1283 1259 1346 ab

119 1398 207 1475 ἡμεῖς
237 1418 274 1473 γε
302 1397 496 1476 προῦθεμεν;
536 1396 651 1459 deinde
678 1419 716 1458 ex
748 1397 939 1460 conservato.
956 1395 1100 1459 Ἡςίοδος
1129 1395 1259 1457 nomine

120 1507 170 1570 his
194 1510 354 1589 repertum
377 1507 475 1570 fuisse
497 1508 531 1570 in
555 1508 621 1570 eius
644 1509 760 1589 poetae
789 1506 982 1570 carminibus
1010 1504 1089 1568 illud
1117 1504 1259 1567 hemisti-

119 1617 225 1681 chium
255 1617 393 1680 efficiam
422 1618 562 1700 Δωτίῳ
593 1619 632 1682 ἐν
662 1619 792 1702 πεδίῳ.
842 1616 954 1699 Neque
982 1615 1067 1678 enim
1095 1614 1259 1677 inauditae

118 1727 204 1811 apud
219 1729 464 1811 grammaticum
481 1729 682 1791 collocationi
698 1729 866 1791 verborum
882 1726 1096 1810 patrocinium
1111 1725 1259 1789 aduocari

119 1859 158 1901 ex
180 1838 300 1921 hymno
323 1837 494 1902 Homerico
516 1842 633 1922 potest.
674 1838 767 1925 [Vide
789 1861 875 1902 nune
896 1837 1093 1902 Meinekium
1120 1858 1151 1919 p.
1172 1834 1257 1924 258.]

640 2039 660 2115 a
682 2035 734 2098 τι.

79 2197 84 2209 ·
207 2171 234 2232 l.
268 2169 437 2235 Latissime
461 2170 514 2233 ille
537 2171 625 2234 loeus
647 2171 763 2254 patuit,
787 2193 880 2254 quom
903 2174 991 2250 περὶ
1013 2175 1150 2235 παθῶν
1175 2172 1259 2233 vete-

117 2301 170 2343 res
185 2280 388 2364 grammatici
403 2281 562 2362 dixerunt,
587 2281 693 2344 dedita
716 2284 823 2345 autem
846 2303 942 2364 opera
964 2285 1039 2344 ante
1056 2282 1155 2345 Orum
1170 2280 1260 2344 Mile·

120 2390 202 2453 sium
220 2391 387 2454 clarissimi
403 2391 481 2454 artis
497 2394 642 2455 auctores
664 2392 823 2474 persecuti
838 2395 913 2455 sunt
928 2391 1094 2475 Didymus
1118 2391 1258 2474 Trypho,
1279 2398 1310 2447 61

119 2500 311 2583 Apollonius
326 2501 496 2584 Dyscolus,
521 2501 738 2566 Herodianus:
762 2502 876 2586 quibus
898 2502 985 2565 infra
1008 2502 1139 2566 accedet
1153 2501 1261 2564 Philo-

119 2632 230 2674 xenus.
263 2612 427 2694 Apollonii
450 2612 597 2696 quintum
619 2615 828 2692 περιπαθῶν
852 2613 968 2675 librum
984 2612 1167 2697 Stephanus
1183 2612 1261 2675 cita-

120 2720 169 2782 vit
191 2743 220 2783 v.
247 2722 357 2800 Κορίαῑ
394 2722 573 2786 Herodiani
601 2726 708 2786 autem
735 2724 839 2807 qualis
867 2745 964 2806 opera
986 2724 1099 2805 fuerit,
1130 2746 1200 2786 cum
1224 2744 1261 2786 ex

119 2830 228 2912 Etym.
253 2831 297 2895 M.
321 2855 353 2916 p.
380 2832 451 2914 143,
474 2834 495 2896 3
517 2833 733 2917 intellegitur,
763 2835 817 2897 ubi
848 2838 896 2897 est
917 2836 1115 2913 Ἡρωδιανὸς
1138 2833 1181 2898 εἰς
1203 2837 1260 2911 τὴν

119 2927 343 3006 Ἀπολλωνίου
366 2943 542 3021 εἰςαγωγὴν
564 2945 583 3020 ἢ
606 2946 678 3024 περὶ
700 2951 825 3023 παθῶν,
848 2947 916 3007 tum
940 2966 957 3007 e
978 2943 1113 3007 Venetis
1135 2943 1170 3005 in
1196 2942 1261 3005 Ho-

119 3073 243 3114 merum
271 3052 416 3134 scholiis,
446 3075 579 3136 quorum
608 3054 649 3116 ad
676 3055 714 3117 ll.
741 3057 759 3119 Γ
781 3055 845 3118 272
872 3055 970 3117 verba
998 3054 1195 3133 Ἡρωδιανὸς
1225 3055 1260 3118 ἐν

119 3168 167 3244 τῷ
197 3160 224 3242 β’
256 3164 410 3242 ποιήματι
436 3170 482 3248 τῷ
515 3167 587 3243 περὶ
614 3169 727 3230 παθῶν
757 3166 904 3244 Διδύμου
937 3164 990 3227 vix
1029 3167 1078 3226 est
1105 3162 1187 3246 quod
1214 3163 1261 3226 sic

121 3272 331 3336 emaculanda
358 3295 521 3337 moneam:
559 3277 603 3339 Ἡ.
626 3275 661 3339 ἐν
684 3281 730 3357 τῷ
754 3272 781 3355 β’
803 3275 1003 3354 ὑπομνήματι
1024 3279 1083 3338 τοῦ
1111 3296 1142 3337 π.
1165 3295 1197 3336 π.
1221 3275 1262 3337 Δ.

121 3381 172 3446 Cf.
196 3380 300 3446 Bastii
329 3383 449 3448 Comm.
473 3385 636 3470 palaeogr.
661 3407 692 3467 p.
717 3385 789 3450 933.
835 3384 896 3449 Sed
919 3385 969 3447 his
999 3384 1074 3447 nolo
1096 3406 1183 3447 nuuc
1204 3384 1261 3446 im-

119 3492 248 3555 morari.
293 3492 363 3558 Nec
389 3515 464 3557 vero
492 3495 541 3558 vel
565 3494 750 3563 Herodiano
777 3495 827 3557 vel
850 3496 915 3559 Oro
943 3494 1068 3558 videtur
1091 3516 1162 3558 eum
1184 3494 1262 3577 Try-

119 3601 236 3684 phonis
260 3606 328 3666 arte
352 3605 554 3687 convenisse,
579 3627 617 3668 ex
640 3628 702 3688 qua
724 3606 785 3668 toti
807 3607 1044 3689 pependerunt,
1076 3606 1129 3689 qui
1151 3605 1262 3667 infima
1323 3611 1324 3616 ’

118 3715 226 3776 aetate
247 3713 333 3776 idem
356 3718 453 3797 eaput
472 3718 727 3798 pertractarunt,
757 3714 1010 3798 ‘Moschopulus’
1033 3739 1052 3779 a
1074 3716 1178 3778 Titaio
1195 3715 1261 3778 edi-

116 3824 171 3885 tus
193 3845 225 3905 p.
242 3823 283 3886 27
307 3846 375 3908 sqq.
400 3828 486 3908 etp.
509 3826 561 3908 58,
586 3827 816 3910 grammaticus
838 3825 1003 3889 Parisinus
1026 3825 1182 3910 Gregorio
1205 3825 1261 3890 Co-

115 3933 241 3996 rinthio
263 3933 424 3999 subiectus
453 3958 484 4018 p.
508 3936 571 4001 675
593 3959 674 4020 sqq„
709 3959 747 3999 ex
772 3936 912 4019 antiquis
936 3940 1100 4000 autemut
1123 3937 1261 4000 arbitror

113 4042 225 4107 Draco
248 4043 499 4109 Stratonicensis
521 4069 553 4128 p.
573 4048 643 4111 155.
675 4045 806 4109 Frustra
830 4047 915 4109 enim
937 4047 971 4109 in
988 4047 1045 4111 Ori
1067 4047 1261 4130 fragmentis

113 4153 208 4216 illam
224 4156 467 4219 commentandi
484 4156 696 4220 subtilitatem
718 4179 863 4240 quaeras,
887 4179 960 4240 qua,
984 4156 1135 4240 quidquid
1157 4160 1261 4219 muta-

111 4265 242 4328 tionum
265 4264 412 4348 singulae
435 4267 562 4330 litterae
585 4289 623 4330 ao
645 4266 787 4349 syllabae
810 4267 992 4350 patiuntur,
1023 4267 1063 4330 ad
1086 4289 1143 4329 sua
1165 4267 1261 4350 quod-

110 4395 177 4459 que
210 4395 333 4458 genera
367 4380 533 4460 certasque
571 4399 725 4462 gerrarum
756 4377 875 4442 formas
909 4378 1045 4463 singulis
1078 4377 1262 4441 nominibus
