2896 4996
475 327 522 373 nn
545 326 615 374 ono
638 326 682 372 nr
707 325 848 373 onroun.
1166 310 1227 375 621

93 480 311 542 tractarentur
332 481 365 543 ui
387 481 420 540 ct
442 481 478 557 ἶ,
501 478 639 561 itemque
661 484 694 547 ὣ
717 482 749 541 et
771 483 795 542 ῡ
817 477 1020 562 diphthongi.
1061 476 1143 541 Vide
1165 478 1232 541 Vil-

93 588 211 651 loisoni
233 587 355 652 Aueed.
380 610 429 672 gr.
446 587 478 651 11
500 611 532 671 p.
559 585 741 674 12711111
764 587 798 651 in
815 586 956 652 Crameri
979 587 1102 651 Anecd.
1126 590 1229 653 Oxon.

92 699 153 762 νο1.
178 696 234 785 11].

178 807 325 872 Ceterum
352 829 393 871 ne
421 808 491 891 quis
518 807 601 871 forte
629 807 772 871 animum
799 807 931 871 inducat
957 808 1122 892 iungenda
1152 807 1232 872 haec

92 939 176 981 esse:
215 918 416 998 ὀρθογραφὶα
443 919 514 997 περὶ
542 918 593 981 vel
622 917 785 1001 (quoniam
814 939 871 1000 per
898 917 1054 985 incuriam
1081 916 1232 980 iteratum

92 1048 161 1090 esse
184 1027 388 1107 ὀρθογραφία
410 1049 528 1091 nomen
549 1027 664 1112 possit)
694 1028 764 1107 περὶ
792 1031 847 1106 τῆ(
876 1032 908 1092 ui
935 1027 1115 1107 διφθόγγου
1138 1030 1232 1091 κατὰ

91 1137 310 1216 Φρυνίχου,
332 1138 411 1201 κατὰ
434 1141 605 1216 (τοιχεῑον,
632 1137 845 1219 reputandum
867 1136 943 1199 illud
968 1139 1026 1218 est,
1050 1158 1111 1200 nec
1132 1136 1232 1221 Phry-

91 1245 235 1309 nichium
250 1246 289 1309 de
304 1252 337 1311 ὦ
353 1246 554 1330 diphthongo
575 1246 692 1309 librum
710 1245 869 1329 quendam
890 1246 1070 1310 inauditum
1092 1269 1232 1330 unquam

92 1377 178 1437 esse,
208 1377 285 1437 nec,
316 1356 343 1418 si
371 1355 409 1419 de
431 1356 566 1440 singuiis
588 1356 694 1438 potius
717 1356 890 1420 Atticistae
911 1356 1090 1439 praeceptis
1115 1357 1232 1441 cogite-

91 1468 144 1527 tur
167 1465 208 1528 ab
224 1466 288 1529 Oro
310 1466 519 1550 impugnatis,
543 1465 656 1529 horum
670 1469 798 1529 tantum
820 1488 912 1548 posse
934 1487 1099 1529 numerum
1119 1466 1230 1566 fisse,

92 1596 173 1657 quae
195 1576 362 1639 materiam
384 1576 512 1660 integro
528 1576 610 1639 libro
626 1576 856 1640 conscribendo
871 1576 1072 1658 praeberent,
1088 1597 1232 1658 praeser-

91 1684 151 1747 tim
175 1687 253 1750 κατὰ
276 1689 431 1764 (τοιχεῑον
453 1684 617 1768 disposito.
654 1685 748 1750 Nunc
766 1684 903 1769 quidem,
927 1688 1081 1769 quantum
1098 1707 1231 1750 comme·

90 1794 182 1875 mini,
199 1794 265 1858 cius
279 1795 365 1858 modi
380 1794 462 1857 nihil
477 1795 512 1858 in
527 1795 738 1879 Phrynicheis
755 1799 861 1858 exstat
875 1798 1003 1878 praeter
1018 1796 1183 1861 Ἀλκαῖκόν
1198 1801 1231 1860 et

90 1905 265 1970 Ἀλκαιικόν
288 1905 479 1987 scripturam
501 1928 533 1988 p.
550 1905 591 1969 39
614 1907 691 1969 Lob.
713 1905 877 1979 —Quem
899 1905 939 1969 ad
961 1906 1089 1969 modum
1112 1911 1229 1988 autem,

89 2015 144 2096 qui
161 2013 277 2078 Suidac
293 2015 533 2092 ἀνθολόγιον
551 2018 644 2095 περὶ
665 2019 832 2095 γνωμῶν
854 2037 912 2098 per
927 2036 1066 2079 errorem
1081 2015 1116 2078 in
1131 2013 1230 2079 Orum

89 2124 286 2187 translatum
314 2125 355 2187 ab
378 2124 497 2189 Orione
527 2125 681 2206 coniciet,
710 2124 795 2188 haud
824 2146 902 2188 sane
931 2124 1148 2207 displiciturus
1176 2126 1228 2207 sit,

91 2233 151 2314 ita,
176 2234 259 2317 quod
283 2234 395 2298 Orioni
418 2235 638 2299 Alexandrino
665 2235 750 2298 idem
773 2233 886 2298 Suidas
913 2235 1028 2298 tribuit
1050 2237 1229 2301 Ἀττικῶν

89 2345 238 2410 λέξεων
267 2347 514 2426 ευναγωγήν,
544 2366 624 2428 quae
653 2366 694 2408 ne
723 2343 911 2408 tenuissimo
938 2344 1064 2431 quidem
1093 2345 1229 2429 vestigio

88 2453 219 2516 aliunde
241 2454 428 2536 innotuerit,
452 2454 484 2517 id
507 2476 572 2518 non
595 2454 704 2538 inepte
726 2454 772 2518 sic
794 2455 1022 2537 interpretem,
1051 2458 1087 2517 ut
1109 2455 1150 2518 ad
1172 2453 1229 2518 Ori

86 2562 196 2645 potius
212 2563 327 2626 librum
343 2564 493 2627 adversus
508 2563 727 2648 Phrynichum
743 2564 896 2646 scriptum
912 2564 1082 2647 pertineat.
1114 2563 1229 2639 Quam-

86 2694 185 2755 quam
206 2673 286 2737 haec
309 2695 347 2737 ex
370 2674 415 2737 eis
439 2673 629 2738 coniecturis
653 2679 719 2756 est,
744 2673 857 2757 quibus
881 2677 1011 2757 propter
1032 2674 1228 2739 testimonio-

87 2804 160 2844 rum
182 2784 351 2865 penuriam
373 2806 438 2847 non
460 2784 564 2868 magis
588 2783 704 2848 confidi
726 2784 827 2867 possit
849 2805 944 2866 quam
966 2785 1150 2868 repugnari.

174 2892 360 2957 Transimus
388 2894 427 2956 ad
455 2894 598 2960 ἐθνικά.
642 2893 670 2957 E
698 2893 811 2977 quibus
839 2893 1026 2976 simpliciter
1053 2894 1228 2957 nominatis

85 3002 160 3084 ipsa
183 3003 240 3066 Ori
262 3003 359 3067 verba
382 3004 423 3067 ab
445 3003 609 3087 Stephano
632 3002 789 3087 Byzantio
816 3003 992 3067 afferuntur
1018 3026 1050 3086 p.
1076 3004 1146 3084 169,
1172 3004 1226 3066 15:

85 3111 188 3192 Ὠροε
211 3115 247 3178 ἐν
269 3117 336 3179 τοῖς
365 3115 501 3180 ἐθνικοῑ(
528 3120 603 3198 τῇδε
630 3114 762 3194 γράφει,
790 3114 938 3196 primus
961 3116 1067 3177 autem
1089 3112 1171 3176 liber
1192 3113 1227 3175 iu

86 3223 229 3304 epitoma
252 3224 369 3287 citatur
390 3246 422 3314 p.
440 3224 512 3307 315,
530 3224 550 3286 2
572 3224 611 3288 de
635 3224 789 3302 Νικιῶτη(
811 3223 926 3304 forma,
951 3222 1053 3285 alter
1075 3222 1114 3284 de
1136 3224 1226 3286 Ταυὶ-
1246 3233 1278 3280 3ῖ

86 3353 144 3410 τη(
167 3332 285 3396 ibidem
314 3356 345 3417 p.
369 3333 442 3415 405,
468 3335 517 3397 12.
563 3333 680 3408 Quodsi
708 3353 911 3396 numerorum
938 3332 1120 3395 notationes
1149 3333 1227 3397 ἐθνι-

86 3446 156 3508 κῶν
180 3443 209 3506 u'
231 3447 264 3506 et
286 3445 321 3509 ἐν
344 3440 371 3524 β’
397 3445 469 3523 περὶ
497 3444 631 3509 ἐθνικῶν
659 3443 782 3507 nullam
809 3442 975 3506 subierunt
1003 3442 1224 3525 conuptelam,

86 3554 146 3615 aut
168 3551 246 3616 duos
269 3556 396 3616 tantum
411 3553 493 3617 haud
511 3553 637 3638 vulgari
652 3552 862 3636 amplitudine
877 3552 974 3615 libros
989 3551 1098 3624 ἐθνυκά
1119 3551 1226 3615 viden-

84 3667 143 3725 tur
165 3663 329 3745 complexa
352 3685 437 3744 esse,
466 3685 599 3747 quorum
626 3663 667 3727 ab
688 3665 713 3728 Α
736 3662 776 3725 ad
800 3664 824 3728 Ν
848 3646 990 3726 litteram
1016 3662 1103 3744 prior
1129 3661 1226 3744 perti·

84 3775 196 3854 neret,
225 3774 362 3857 reliquas
392 3773 673 3856 comprehenderet
700 3772 874 3856 posterior,
910 3774 966 3835 aut
997 3772 1133 3836 fortasse
1161 3794 1225 3835 non

83 3883 303 3965 sequebantur
330 3885 509 3948 litterarum
536 3883 695 3966 ordinem,
730 3883 785 3947 red
813 3903 967 3965 generum
990 3881 1225 3965 formarumque

83 3991 277 4056 differentiis
301 3992 455 4078 disposita
478 3997 570 4058 erant
592 4015 652 4057 nec
674 3994 709 4055 in
730 3992 824 4055 lexici
846 3991 951 4074 potius
974 4013 1069 4075 quam
1091 3992 1125 4054 in
1147 3992 1226 4055 artis

79 4102 228 4186 speciem
256 4103 396 4168 redacta.
438 4103 584 4169 Ceterum
612 4104 644 4167 in
676 4103 782 4186 Etym.
807 4101 851 4164 M.
875 4124 906 4184 p.
934 4101 1053 4184 loo‚9
1085 4101 1225 4164 scriben-

78 4213 159 4276 dum
185 4234 253 4276 esse
276 4213 374 4293 Ὠρο(
396 4217 468 4294 περὶ
495 4215 629 4280 ἐθνικῶν
656 4234 714 4296 pro
737 4234 774 4275 eo
796 4211 878 4296 quod
907 4214 955 4275 est
977 4212 1107 4293 Ὠρίων,
1132 4233 1225 4295 quem

75 4321 125 4388 ad
154 4311 285 4385 modum
312 4347 343 4407 p.
368 4325 446 4407 276,
476 4325 518 4387 34
545 4345 678 4387 vacuum
707 4343 812 4385 errore
840 4321 960 4385 mansit
987 4320 1086 4400 Ὠρο(
1113 4323 1149 4387 ἐν
1177 4329 1223 4407 τῷ
