2970 4996
589 319 636 365 DE
659 318 831 366 AESCHYLI
853 317 1021 366 vuasrssvs

442 473 549 550 ςτὲψω
572 450 639 549 πρὸῖ
658 476 748 536 ναῶν
771 472 961 550 δουρίπηχθ’
984 471 1094 547 ἁγνοῖς
1117 471 1235 550 δόμοις.

442 583 566 645 τοιαῦτ’
589 581 729 661 ἐπεύχου
750 584 791 660 μὴ
818 582 1020 662 φιλοςτόνως
1042 585 1128 646 θεοῖς
1150 584 1214 646 κτλ.

324 800 369 864 Et
395 802 430 864 in
462 801 513 863 his
546 800 623 863 illud
657 801 799 883 quidem,
833 800 915 883 quod
949 823 1006 884 pro
1040 800 1192 864 librorum
1223 801 1386 883 scriptura
1450 790 1459 806 ’

241 919 533 973 ΟΥΔΑΠΚΜΗΝΟΥ
584 911 749 992 praeclara
796 911 953 992 praeclari
1002 910 1140 974 auctoris
1188 910 1385 990 emendatio,

240 1019 348 1083 Iacobi
377 1018 479 1083 Geelii
510 1016 561 1104 [ad
590 1019 700 1102 Eurip.
731 1018 851 1082 Phoen.
881 1043 912 1103 p.
940 1019 1034 1105 151],
1064 1022 1154 1085 ὕδατί
1180 1024 1212 1085 τ’
1242 1024 1386 1100 Ἰςμηνού

241 1132 388 1212 suscepta
420 1132 483 1212 est,
524 1129 714 1192 meministis
748 1129 835 1192 omni
868 1151 906 1192 ex
942 1133 1033 1212 parte
1068 1153 1086 1192 a
1119 1131 1211 1194 nobis
1246 1131 1383 1194 laudari.

240 1239 341 1304 Recte
375 1240 459 1302 enim
497 1243 608 1303 contra
642 1238 834 1303 Guilelmum
866 1238 1082 1322 Dindorfium,
1120 1241 1174 1323 qui
1210 1241 1384 1324 reprobata

241 1371 336 1433 quam
364 1349 451 1432 prius
479 1349 671 1432 probaverat
698 1348 850 1413 Ludovioi
882 1348 993 1413 fratris
1022 1349 1205 1413 coniectura
1234 1352 1325 1416 ύδαςί
1354 1354 1385 1415 τ’

195 1476 223 1524 iv
242 1458 415 1522 Geelianae
442 1459 604 1521 simillima
638 1459 706 1541 ipse
735 1460 833 1523 ὕδατά
860 1462 891 1523 τ’
926 1461 1068 1538 Ἰςμηνού
1099 1462 1184 1535 λέγω
1214 1460 1382 1541 suadebat,

242 1567 553 1634 Carolus-Prienam
586 1568 668 1632 dixit
699 1569 818 1631 Annal.
850 1568 927 1651 phil.
963 1574 995 1632 et
1027 1569 1117 1652 paed.
1152 1570 1214 1632 vol.
1242 1569 1383 1633 LXVIII

242 1679 285 1762 (a.
311 1680 406 1763 1853)
433 1701 464 1761 p.
489 1680 519 1761 9,
544 1679 640 1763 longe
662 1678 758 1741 aliam
781 1700 849 1741 esse
874 1679 1032 1743 rationem
1054 1681 1238 1741 monstrans
1262 1680 1384 1743 conlati

241 1812 260 1851 a
275 1788 441 1852 Dindorfio
465 1788 601 1872 exempli
616 1788 780 1871 Aeschylii
795 1788 900 1852 Prom.
918 1789 957 1853 88
973 1811 1057 1872 sqq.:
1084 1788 1196 1854 doio(
1218 1789 1311 1868 αἰθὴρ
1334 1793 1384 1854 καὶ

241 1900 432 1978 ταχύπτεροι
461 1899 574 1980 πνοαί,
605 1904 760 1978 ποταμῶν
788 1920 823 1963 τε
852 1900 964 1981 πηγαί,
996 1900 1139 1964 ποντίων
1167 1921 1202 1964 τε
1233 1901 1383 1978 κυμάτων

241 2009 414 2088 ἀνήριθμον
429 2012 584 2088 γέλαςμα,
607 2010 774 2087 παμμῆτόρ
788 2031 822 2073 τε
837 2014 893 2088 γῆ,
916 2011 975 2072 καὶ
997 2011 1055 2074 τὸν
1076 2009 1247 2088 πανόπτην
1264 2011 1383 2074 κύκλον

240 2120 332 2197 ἡλίου
360 2123 464 2195 καλῶ,
491 2118 593 2183 ἴοεςθὲ
621 2121 656 2197 μ’
682 2141 738 2181 —-:
773 2119 827 2181 ubi
855 2139 915 2181 neo
948 2121 1031 2195 λέγω
1060 2119 1200 2201 positum
1229 2122 1294 2200 est,
1329 2118 1382 2182 sed

240 2230 340 2293 multo
363 2229 598 2312 significantius
621 2232 724 2311 καλῶ,
752 2232 784 2291 et
807 2231 893 2292 certo
916 2229 1048 2292 consilio
1071 2228 1152 2292 Solis
1179 2229 1383 2311 potissimum

241 2339 448 2402 omnituentis
480 2339 641 2403 invocatio
674 2361 745 2402 cum
777 2339 807 2402 vi
845 2339 981 2422 quadam
1018 2338 1205 2401 intenditur.
1262 2338 1384 2402 Ismeni

242 2452 349 2511 autem
370 2448 490 2512 mentio
512 2471 572 2512 nec
588 2471 698 2512 caussa
721 2470 780 2512 nec
801 2449 883 2511 ratio
905 2448 1096 2532 perspicitur
1118 2469 1173 2512 cur
1188 2447 1239 2510 vel
1262 2449 1383 2512 maiore

241 2558 292 2622 vel
315 2558 437 2621 minore
453 2580 523 2621 cum
544 2558 685 2642 pondere
708 2581 802 2642 quam
819 2561 996 2621 ceterorum
1017 2558 1184 2621 numinum
1206 2559 1383 2642 appellatio

242 2669 309 2730 fiat.
364 2667 452 2751 Ergo
492 2669 541 2732 vel
575 2669 659 2732 hanc
697 2669 737 2732 ob
769 2690 836 2731 rem
868 2668 961 2731 nihili
1001 2671 1084 2731 esset
1115 2668 1199 2750 quod
1238 2668 1280 2730 ab
1314 2669 1383 2751 ipso

242 2777 372 2841 Prienio
395 2800 466 2841 cum
487 2779 509 2841 l.
533 2802 558 2842 s.
583 2801 607 2841 a.
632 2782 700 2842 tum
723 2777 823 2841 Musei
846 2779 946 2842 nostri
963 2777 1113 2841 Rhenani
1129 2777 1190 2840 vol.
1207 2777 1255 2841 IX
1270 2800 1303 2860 p.
1321 2778 1384 2842 239

242 2889 440 2972 propositum
455 2892 504 2951 est
519 2890 593 2954 οὐδ’
616 2888 674 2952 ἄπ’
697 2891 836 2967 Ἰςμηνόν
852 2891 954 2964 λέγω,
976 2889 1101 2951 etiamsi
1121 2910 1186 2951 non
1203 2887 1381 2968 accederet,

242 2998 325 3083 quod
347 3021 407 3062 neo
429 2999 675 3082 praepositionis
698 2999 760 3061 ista
783 2999 892 3061 tmesis
915 2997 1133 3064 defensionem
1154 2998 1293 3080 patitur,
1323 3020 1383 3060 nec

242 3109 373 3172 omnino
402 3130 439 3171 ea
472 3131 534 3192 qua
562 3109 616 3171 ille
644 3109 743 3171 voluit
770 3108 1006 3191 significatione
1029 3108 1206 3171 ‘Ismeuum
1235 3108 1381 3189 excludo,

241 3223 424 3304 praetereo’
453 3240 604 3302 graecum
633 3221 694 3281 est.
709 3218 860 3294 ἀπολέγω
888 3219 1043 3298 Ἱςμηνόν,
1073 3239 1132 3281 uec
1154 3218 1183 3280 si
1205 3221 1306 3298 esset,
1337 3218 1382 3280 di·

242 3351 342 3413 gnum
358 3329 527 3411 Aeschylo.
563 3327 757 3410 Videturque
780 3351 866 3392 nunc
889 3329 956 3411 ipse
973 3328 1073 3391 (laelii
1096 3330 1229 3409 ἕρμαιον
1243 3329 1382 3415 probare

241 3440 276 3502 in
298 3439 456 3522 Symbolis
480 3438 599 3501 criticis
625 3437 770 3501 Lubecae
793 3460 896 3521 nuper
918 3437 1011 3501 editis
1033 3460 1065 3520 p.
1088 3438 1138 3500 38.
1189 3436 1251 3511 Qui
1273 3442 1383 3500 autem

242 3551 327 3624 λέγω
364 3547 510 3612 vocabuli
552 3570 643 3610 nsum
685 3547 843 3630 quendam
884 3547 1141 3630 parentheticum
1183 3547 1383 3631 eundemque

242 3658 482 3742 epexegeticum
504 3656 565 3720 huc
588 3657 702 3720 ascivit
719 3657 879 3719 Antonius
901 3657 1098 3720 Lowinskius
1122 3655 1262 3720 eiusdem
1278 3656 1384 3721 Musei

241 3766 303 3830 vol.
320 3765 367 3830 XI
381 3790 413 3850 p.
430 3768 493 3832 305
515 3767 561 3830 sic
583 3767 680 3830 verba
701 3771 815 3850 poetae
837 3768 1016 3830 instaurare
1038 3766 1098 3829 sibi
1121 3767 1222 3829 visus:
1260 3768 1385 3846 Δίρκης

241 3899 275 3944 τε
309 3881 438 3957 πηγαῖς,
478 3878 592 3941 οὔθατ’
630 3877 770 3956 Ἰςμηνού
804 3880 904 3953 λέγω,
943 3899 1008 3940 non
1046 3876 1201 3960 cogitavit
1233 3875 1316 3960 (alia
1349 3881 1387 3941 ut

241 3989 381 4070 mittam)
404 3986 435 4049 id
460 3987 619 4050 contrario
641 3986 747 4069 potius
770 3986 880 4050 ordine
903 3986 1070 4049 dicendum
1096 3986 1194 4049 fuisse
1217 3987 1332 4051 ούθαςί
1353 3988 1386 4052 τ’

241 4099 396 4180 Ἰςμηνού,
421 4099 540 4177 Δίρκη(
562 4098 667 4176 πηγὰς
690 4099 789 4174 λέγω;
812 4097 887 4159 talis
911 4096 996 4159 enim
1019 4096 1100 4159 ratio
1124 4100 1172 4158 est
1195 4094 1387 4179 Aeschylio·

241 4227 311 4273 rum
334 4209 458 4271 illorum
480 4211 517 4270 ut
537 4207 606 4271 ἅλω
628 4210 663 4272 u
685 4209 824 4286 πολλὴν,
853 4208 985 4271 ἀςπίδος
1007 4208 1124 4271 κύκλον
1146 4207 1232 4282 λέγω
1260 4204 1300 4269 in
1323 4206 1388 4271 hac

242 4318 366 4401 fabula,
391 4317 440 4384 vel
457 4320 592 4399 κέντημα
607 4318 764 4396 γλώςςης,
789 4318 941 4396 ςκορπίου
963 4318 1054 4398 βέλος
1071 4317 1155 4393 λέγω
1170 4314 1205 4380 in
1221 4312 1394 4401 Xantris,
