2904 4996
488 346 648 393 sononia
671 346 843 393 carmena.
1178 330 1239 392 illl)

96 521 230 563 camene
253 501 444 582 occupatam
466 499 548 562 libro
570 498 633 583 IV,
656 500 693 582 5,
711 499 730 562 3
749 497 808 586 [9],
833 500 884 562 vel
905 499 944 563 de
960 499 1086 583 Thyrea
1108 497 1238 562 dimica-

8 681 21 705 ,
94 613 163 674 tum
189 632 209 673 a
231 610 298 673 solo
319 610 398 673 item
420 608 577 693 Polydoro
599 609 681 673 libro
703 609 762 691 III,
787 611 817 693 Ι,
841 611 871 674 5.

179 719 293 803 Itaque
326 722 363 783 ut
392 719 497 783 dicam
531 719 606 803 quid
636 720 789 804 sentiam,
824 742 891 783 non
924 719 1055 804 ambigo
1092 719 1237 802 equidem

94 830 173 914 quin
195 829 274 894 haec
290 829 475 894 Alcamenis
491 829 651 913 expeditio
666 831 777 894 eadem
798 830 841 894 sit
863 834 958 914 atque
982 829 1045 893 alia
1068 828 1235 912 quaedam,

94 962 175 1024 quae
196 939 361 1004 Nicandro
383 940 463 1005 duce
486 940 636 1004 adversus
666 941 803 1025 Argivos
831 941 919 1004 facta
942 943 1005 1023 est,
1035 962 1131 1023 quam
1158 939 1237 1002 item

94 1071 154 1114 nec
176 1050 261 1114 solus
283 1050 399 1114 dicitur
421 1050 585 1115 Nicander
611 1050 803 1134 suscepisse,
832 1072 893 1114 nec
914 1072 1008 1135 quem
1030 1050 1179 1113 habuerit
1201 1049 1236 1112 in

94 1182 132 1223 ea
154 1160 356 1244 suscipienda
380 1160 537 1245 collegam
559 1160 770 1245 significatur.
816 1161 874 1224 Ille
897 1160 983 1225 enim
1006 1159 1179 1243 assumptis
1202 1160 1236 1222 in

52 1344 56 1356 ι
93 1271 170 1334 belli
192 1271 380 1335 societatem
403 1270 551 1335 Asinaeis
573 1273 613 1336 τὰ
635 1273 742 1335 πολλὰ
771 1271 910 1336 ἐκάκωεε
937 1275 994 1350 τῆ(
1015 1276 1093 1354 γῆς,
1127 1273 1163 1332 ut
1191 1270 1236 1334 ait

91 1381 269 1445 Pausanias
290 1380 355 1463 III,
374 1381 409 1463 Ι,
432 1382 463 1444 4.
513 1379 633 1456 Quibus
656 1402 737 1464 quae
760 1381 911 1465 deinceps
934 1380 1039 1463 addit,
1065 1380 1233 1461 AsinaeoS,

92 1492 211 1575 quippe
238 1490 331 1555 huius
358 1491 532 1575 participes
560 1491 763 1575 irruptioniS,
799 1492 839 1555 ab
868 1491 1000 1576 Argivis
1027 1492 1134 1574 patria
1167 1512 1235 1553 esse

92 1601 241 1685 expulsos
247 1651 256 1683 ,
297 1623 405 1665 eorum
435 1601 573 1686 insignis
607 1602 654 1665 vis
685 1605 734 1665 est
765 1601 804 1665 ad
837 1601 998 1665 subtiliter
1029 1600 1235 1665 iudicandum

91 1714 220 1795 tempus
252 1711 338 1775 illius
373 1711 594 1795 expeditionis.
640 1710 863 1795 Comparanda
893 1714 968 1775 sunt
1001 1714 1108 1774 autem
1137 1713 1235 1774 verba

91 1821 167 1885 libri
190 1820 246 1904 IV,
271 1823 307 1905 3,
335 1824 367 1905 1,
392 1822 446 1885 ubi
470 1844 541 1886 cum
563 1826 742 1906 exponatur
764 1822 802 1885 de
825 1822 919 1885 rebus
943 1820 1133 1885 Messeniaci
1158 1820 1234 1884 belli

90 1929 296 2015 prinn'anno
319 1933 431 2015 quinto
453 1933 569 2016 gestia,
598 1933 659 1996 hoc
682 1937 730 1997 est
752 1931 942 2016 olympiadis
965 1931 995 1994 X
1018 1953 1104 1995 anno
1126 1930 1232 2014 tertio,

90 2045 161 2105 tum
190 2040 433 2105 Lacedaemonii
463 2046 638 2107 narrantur
666 2042 829 2106 coniuncti
856 2042 955 2105 scrisse
985 2063 1057 2104 curn
1084 2040 1234 2104 Asinaeis

89 2174 156 2215 una
184 2156 291 2215 aetate
319 2155 395 2215 ante
417 2153 523 2235 patria
546 2153 696 2237 expulsis.
742 2152 860 2228 Quodsi
883 2153 941 2215 tris
964 2155 996 2215 et
1017 2151 1154 2235 triginta
1176 2173 1234 2214 an-

88 2284 150 2326 nos
173 2244 354 2326 ascenderis
376 2266 477 2345 retro,
506 2263 639 2327 habebis
664 2262 855 2347 olympiadis
882 2261 915 2325 ΙΙ
943 2284 1064 2325 annum
1086 2262 1232 2344 alterum,

87 2394 153 2455 quo
176 2377 209 2435 et
229 2373 342 2456 patria·
358 2373 553 2438 excesserint
576 2374 708 2438 Asinaei
732 2378 764 2437 et
786 2373 950 2438 Nicander
972 2371 1108 2436 vastarit
1135 2371 1284 2455 Argi-10

87 2503 201 2545 vorum
223 2484 353 2546 terram.
398 2482 483 2547 Nam
511 2485 595 2548 hano
617 2483 772 2548 Nicandri
801 2483 1018 2547 incursionem
1040 2486 1073 2546 et
1095 2481 1232 2566 Argivo-

87 2614 161 2654 rum
182 2591 332 2656 adversus
348 2592 505 2657 Asinaeos
528 2595 762 2678 expeditionem
785 2593 971 2657 brevissimo
994 2592 1112 2656 distare
1135 2591 1233 2657 inter-

87 2702 186 2783 vallo,
211 2724 283 2766 cum
306 2703 399 2767 docet
421 2725 527 2767 rerum
549 2704 631 2767 libro
647 2703 706 2785 ΙΙΙ,
732 2706 767 2786 Ι,
791 2705 812 2766 4
834 2704 1051 2786 expositarum
1072 2701 1231 2786 perpetui-

86 2816 151 2893 tas,
174 2816 243 2875 tum
264 2813 456 2896 perspicitur
479 2835 496 2877 e
518 2814 624 2878 verbis
646 2814 719 2878 libri
742 2814 791 2895 ΙΙ,
815 2815 867 2895 36,
891 2813 912 2877 5
935 2810 977 2900 [4]
1002 2813 1105 2875 hisce:
1129 2813 1175 2877 dic
1196 2815 1233 2876 δὲ
1273 2872 1278 2881 .

86 2923 238 2988 ὁετόλοε
260 2926 326 2988 τῶν
344 2924 603 3002 Λακεδαιμονίων
627 2925 770 3003 ἀπῆλθεν
793 2923 912 2998 οἴκαδε,
935 2923 1156 3000 (τρατεύουειν
1180 2922 1232 2986 ἐπὶ

85 3036 147 3111 τὴν
170 3033 293 3112 Ἀείνην
316 3033 347 3098 οἱ
368 3035 511 3111 Ἀργεῖοι.
555 3033 732 3113 Pausanias
755 3055 840 3116 vero,
868 3033 921 3115 qui
944 3032 1110 3115 antiquam
1133 3029 1230 3094 Lace-

86 3141 329 3206 daemoniorum
356 3142 523 3206 historiam
551 3165 724 3227 paucormn
754 3143 895 3226 capitum
923 3142 1046 3205 ambitu
1076 3141 1230 3225 compleo-

86 3256 210 3317 tcretur
238 3256 270 3317 et
297 3253 387 3337 quasi
416 3256 591 3335 coartaret,
626 3254 704 3317 satis
736 3253 851 3317 habuit
883 3253 917 3316 in
947 3253 1110 3343 utriusque
1144 3252 1230 3336 regis

85 3362 182 3426 rebus
204 3365 304 3447 gestis
328 3385 590 3428 commemorasse
612 3386 680 3427 rein
701 3363 821 3446 ipsam,
846 3353 1013 3426 victoriam
1036 3362 1074 3424 de
1098 3360 1230 3445 Argivis

86 3477 300 3557 reportatam3
328 3496 386 3538 nos
410 3477 517 3538 autem
545 3477 671 3558 oportet
698 3474 834 3558 singulis
863 3472 1036 3557 diligenter
1063 3472 1230 3555 perpensis

86 3606 126 3646 ac
149 3583 289 3648 studiose
311 3585 397 3649 inter
419 3607 452 3649 se
476 3585 636 3649 contentis
659 3606 697 3648 ea
721 3584 925 3668 coniungere,
954 3603 1034 3666 quae
1057 3583 1229 3645 coniuncta

83 3693 186 3757 fuisse
209 3695 418 3777 probabiliter
447 3718 541 3780 posse
563 3696 782 3760 demonstrare
805 3693 980 3758 videamur.

173 3802 322 3869 Ceterum
357 3805 392 3868 in
428 3805 484 3869 illa
521 3806 708 3889 opinionum
744 3804 962 3888 discrepantia
999 3802 1038 3866 de
1072 3824 1229 3866 annorum

82 3935 227 3995 summa,
256 3913 310 3998 qui
337 3915 430 3978 unius
460 3915 582 3979 ambitu
612 3920 725 3993 γενεᾶς
748 3913 1061 3998 comprehendantur
1090 3913 1143 3995 (de
1166 3934 1228 3995 qua
1283 3937 1285 3941 ¹

79 4027 161 4109 post
182 4023 262 4087 ahos
285 4025 401 4087 multos
429 4026 551 4107 erudite
579 4027 631 4090 Ιο.·
649 4026 801 4089 Albertus
829 4024 897 4109 egit
925 4024 1033 4087 adnot.
1064 4022 1103 4087 ad
1126 4021 1228 4105 Hesy-

80 4134 195 4200 chium
217 4134 279 4198 vol.
296 4134 311 4196 I
327 4157 358 4218 p.
376 4134 464 4222 814),
488 4136 549 4200 hoc
571 4136 698 4220 quidem
721 4135 920 4199 dubitatione
942 4137 1053 4215 vacat,
1078 4155 1143 4195 non
1166 4131 1228 4195 dis-

79 4245 220 4311 cessisse
239 4244 435 4309 Pausaniam
457 4248 498 4310 ab
514 4246 667 4310 Herodoti
690 4247 851 4329 exemplo,
875 4267 969 4329 quem
983 4266 1081 4327 usque
1104 4265 1228 4327 quaque

77 4355 277 4437 aemulatur,
301 4378 361 4420 nec
383 4356 448 4420 ullo
470 4360 565 4440 pacto
587 4378 679 4441 posse
702 4355 740 4419 de
763 4355 909 4440 Dionysii
932 4354 1227 4419 Halicarnassensis
