3008 5002
238 319 299 382 174
640 334 687 379 ns
710 332 969 380 srrcnonaram

236 487 291 570 85)
315 484 512 567 Subscriptio
527 485 562 546 in
578 483 786 566 Sophoclis
810 484 916 547 codice
932 484 1148 546 Laurentiano
1163 485 1378 548 vetustissimo

237 596 331 679 (plut.
355 593 480 658 XXXII
504 594 571 657 cod.
595 595 630 677 9)
653 594 738 676 apud
760 592 899 658 Bandin.
924 593 1027 658 Oatal.
1051 614 1157 677 graec.
1187 593 1219 656 ll
1242 617 1273 676 p.
1300 595 1377 658 132:

236 705 373 785 περιέχει
400 705 419 781 ἡ
456 705 562 783 βίβλοι
594 708 653 768 τοῦ
685 704 890 785 (οφοκλέουε
923 704 1065 782 δράματα
1095 699 1128 768 Ζ’,
1159 708 1292 783 πρῶτον
1320 707 1377 781 μὲν

236 814 314 878 Αίοιν
341 814 588 893 μαετιγοφόρον.
617 813 725 893 φύλλα
754 809 800 885 ις’.
829 814 951 893 (τίχουε
974 812 1062 899 ,αμδῖ
1094 812 1245 893 δεύτερον
1269 816 1376 878 Ἠλέκ-

235 943 314 1002 τραν
336 924 627 1002 ἐπιβουλευομένην
649 924 727 987 κατὰ
748 928 803 1001 τῆε
829 924 953 1003 μητρός.
984 924 1058 1002 φύλ.
1086 920 1133 993 ις’.
1162 923 1286 1002 ετίχου(
1308 918 1376 1010 ,unt

235 1033 342 1113 τρίτον
365 1032 519 1098 Οἰδίπουν
541 1034 710 1110 τύραννον.
740 1033 814 1113 φύλ.
843 1030 888 1104 ις’.
917 1032 990 1111 ετίχ.
1013 1028 1076 1121 οἵ.
1103 1033 1256 1111 τέταρτον
1279 1034 1377 1097 Ἀντι-

235 1144 345 1221 γόνην.
368 1143 442 1222 aar.
466 1137 511 1206 ιδ’.
535 1141 607 1220 cdx.
635 1138 739 1228 ,ορμζῖ
768 1144 913 1220 πέμπτον
936 1141 1112 1220 Τραχινίαε.
1136 1142 1210 1220 oei.
1233 1139 1278 1205 ιδ’.
1302 1143 1379 1222 cdx.

234 1245 314 1341 aed.
338 1253 430 1316 ἕκτον
453 1253 657 1329 Φιλοκτήτην.
681 1251 755 1331 (pal.
784 1248 830 1324 ις’.
854 1252 927 1330 (τίχ.
955 1248 1036 1340 ,oues
1060 1252 1198 1330 ἕβδομον
1222 1252 1377 1319 Οἰδίπουν

235 1362 292 1426 τὸν
315 1362 367 1425 ἐπὶ
391 1363 540 1445 Κολωνῷ.
564 1362 638 1440 φύλ.
657 1360 690 1423 κ’.
714 1362 787 1441 trix.
810 1358 897 1447 ,αχλῖ
934 1360 1141 1423 Memorabile
1163 1382 1228 1423 non
1250 1382 1315 1423 una
1337 1362 1376 1425 de

201 1475 203 1479 ’
236 1492 347 1534 caussa
368 1470 596 1534 testimonium.
634 1469 775 1531 Primum
798 1470 883 1532 enim
912 1469 1027 1532 falsum
1045 1490 1113 1533 esse
1139 1469 1230 1533 illine
1260 1491 1376 1554 cogno-

237 1581 350 1663 scitur,
375 1579 457 1663 quod
480 1579 519 1643 de
534 1579 611 1642 bibl.
629 1579 720 1642 Alex.
738 1601 769 1661 p.
791 1579 852 1642 104
867 1579 1002 1641 diximus
1018 1580 1140 1641 nullum
1163 1581 1376 1659 ετιχομετρίαε

235 1691 414 1773 exemplum
437 1694 561 1752 exstare
584 1687 739 1752 scaenicis
768 1688 871 1770 poetis
893 1688 1066 1752 adhibitae.
1112 1687 1236 1751 Deinde
1263 1693 1375 1752 tenen-

235 1800 325 1882 dum,
354 1799 502 1862 foliorum
530 1798 656 1882 quidem
678 1799 891 1879 notationem,
920 1802 956 1861 ut
982 1819 1063 1880 quae
1085 1797 1120 1860 in
1142 1797 1295 1860 Bandinii
1323 1799 1376 1861 de·

235 1909 441 1991 scriptionem
473 1908 571 1990 ipsius
599 1908 807 1971 Laurentiani
840 1907 914 1970 libri
947 1908 1024 1971 satis
1058 1907 1192 1990 quadret
1220 1907 1299 1989 (non
1327 1911 1377 1970 est

236 2018 321 2081 enim
349 2039 404 2080 cur
431 2018 566 2102 singulis
594 2017 711 2081 fabulis
739 2017 866 2101 singula
898 2017 966 2080 fere
993 2016 1072 2079 folia
1098 2016 1289 2098 interposita
1318 2039 1376 2080 nos

235 2128 426 2210 morentur),
452 2128 492 2190 ab
507 2127 633 2191 novicio
655 2127 786 2190 librario
806 2126 984 2209 profectam
999 2147 1081 2208 esse,
1106 2146 1253 2189 versuum
1268 2129 1377 2189 autern

235 2258 381 2300 numeros
414 2258 452 2299 ex
484 2240 610 2300 vetusta
643 2237 795 2299 memoria
831 2240 1036 2320 propagatos.
1090 2235 1175 2299 Nam
1209 2237 1268 2299 etsi
1304 2235 1374 2318 hos,

235 2347 343 2429 quales
370 2346 405 2408 in
438 2347 492 2408 illo
527 2345 633 2410 codiee
667 2350 789 2429 essent,
825 2346 979 2410 adnotare
1008 2345 1185 2409 Bandinius
1218 2345 1375 2429 neglexit,

234 2459 343 2517 tamen
366 2455 580 2518 coniecturam
603 2456 642 2518 de
665 2477 702 2519 ea
717 2478 751 2519 re
774 2456 849 2520 lieet
864 2477 902 2519 ex
929 2455 1158 2539 antiquissimis
1180 2455 1374 2518 editionibus

236 2586 364 2646 capere,
388 2586 466 2647 quas
488 2565 640 2628 habemus
663 2587 680 2629 e
702 2566 830 2648 seriptis
852 2565 941 2629 libris
957 2587 1132 2649 expressas.
1170 2563 1249 2628 Inde
1268 2568 1377 2628 autem

234 2674 261 2736 si
284 2674 527 2756 proficiscimur,
551 2673 614 2736 dici
632 2676 747 2758 nequit
769 2679 925 2758 [quantum
948 2676 989 2739 ab
1010 2675 1073 2738 ista
1095 2694 1297 2738 numerorum
1318 2696 1376 2738 no-

234 2782 356 2847 tatione
384 2805 531 2846 versuum
565 2784 729 2866 discriptio
757 2786 826 2869 ipsa
861 2785 966 2848 distet.
1017 2784 1134 2859 Quodsi
1166 2784 1256 2846 illam
1288 2785 1378 2847 velut

235 2915 305 2956 eum
329 2882 534 2957 Brunckiano
562 2894 611 2957 vel
634 2893 860 2958 Gaisfordiano
883 2895 1026 2977 exemplo
1050 2893 1241 2958 conferimus
1257 2895 1291 2976 (a
1313 2915 1376 2976 quo

233 3024 299 3067 non
327 3004 462 3067 multum
490 3003 687 3086 antiquiora,
718 3008 754 3067 ut
781 3003 1057 3085 Brubachianum,
1086 3003 1273 3087 dissident),
1308 3012 1385 3066 non'

232 3112 326 3177 modo
348 3113 563 3197 discrepantia
579 3117 713 3196 apparet
735 3135 872 3195 summa,
897 3114 1064 3176 sedetiam
1086 3113 1248 3195 proportio
1270 3112 1376 3175 omnis

233 3223 369 3286 sublata.
408 3223 479 3286 Hoc
502 3223 587 3286 enim
609 3224 755 3308 singulae
777 3223 907 3286 fabulae
929 3223 1056 3304 ordine,
1081 3222 1236 3285 ambitum
1256 3222 1289 3284 si'
1305 3244 1375 3304 spe-

234 3336 318 3416 ctas,
343 3333 427 3416 apud
450 3333 666 3439 Gaisfordium
689 3354 757 3397 sese
778 3333 955 3415 excipiunt:
987 3331 1127 3414 Oedipus
1143 3331 1209 3396 001.
1227 3351 1377 3394 versuum

235 3443 326 3524 1779,
352 3442 491 3525 Oedipus
507 3442 577 3505 Rex
594 3443 692 3524 1531,
717 3442 845 3506 Electra
864 3443 959 3525 1510,
979 3442 1159 3505 Philocteta
1176 3441 1271 3522 1471,
1288 3441 1376 3503 Aiax

235 3551 327 3633 1420,
351 3552 519 3636 Antigona
543 3553 638 3634 1353,
663 3552 854 3615 Trachiniae
872 3552 968 3632 128ος
990 3551 1051 3614 hoc
1073 3555 1178 3614 autem
1201 3548 1377 3613 secundum

233 3659 441 3725 Laurentiani
457 3642 737 3745 subscriptionem:
762 3661 839 3725 Oed.
858 3662 925 3726 Ool.
940 3662 1031 3742 1630,
1047 3661 1130 3723 Phil.
1147 3659 1237 3740 1405,
1255 3658 1373 3722 Traeh.

188 3782 215 3829 ιν
235 3769 326 3851 1220,
350 3772 429 3834 Ant.
449 3773 539 3853 1147,
564 3770 643 3836 Oed.
668 3771 707 3834 R.
728 3771 818 3852 1060,
843 3773 895 3834 Ai.
921 3771 1016 3852 1044,
1048 3770 1098 3833 ΕΙ,
1125 3770 1216 3834 1040.
1261 3768 1377 3832 Talem

233 3883 340 3943 autem
367 3881 615 3965 discrepantiam
642 3885 777 3963 apparet
798 3902 863 3944 non
890 3903 982 3964 posse
1005 3879 1183 3942 ullomodo
1205 3900 1222 3940 e
1247 3877 1377 3942 diversa

232 3990 416 4053 melicorum
442 3991 648 4074 discriptione
671 3991 738 4054 sola
766 3992 884 4074 repeti:
907 3990 1034 4074 quando
1052 3988 1177 4072 quidem
1199 3987 1249 4051 vel
1271 3986 1376 4051 diver-

232 4100 356 4162 biorum
382 4101 418 4162 in
446 4101 633 4183 quibusdam
662 4101 778 4164 fabulis
812 4099 935 4163 numeri
968 4102 1122 4181 superant
1154 4096 1377 4161 universarum

233 4209 388 4272 ambitum
409 4210 443 4271 in
458 4210 674 4274 Laurentiano
696 4214 858 4300 notatum..
883 4209 980 4272 Velut
995 4210 1029 4272 in
1044 4208 1144 4272 Aiace
1159 4205 1378 4271 diverbiorum

233 4338 341 4383 versus
368 4317 466 4382 habes
497 4321 588 4402 1078,
617 4321 651 4382 in
673 4321 802 4383 Electra
830 4320 921 4402 1225,
953 4320 1034 4382 1218
1062 4318 1097 4381 in
1120 4315 1242 4398 Oedipo
1269 4315 1375 4403 Rege.
