3008 5002
236 340 299 402 220
586 354 742 402 Tznrzan
762 355 1023 403 enorinaonuua

237 511 369 589 τιμάχου
399 511 555 588 ποιήεεω(
575 509 664 572 'liber
697 509 730 570 in
758 507 825 570 vita
852 506 1008 571 Nicandri
1039 509 1171 592 citatim,
1208 512 1371 576 coniicias.

196 604 199 610 ⁵
236 620 336 694 Quem
364 620 464 682 altero
492 619 561 682 loco
589 619 694 701 posuit
718 617 916 682 Oratetem
945 618 1100 681 celebrem
1127 622 1374 704 grammaticum

238 729 470 813 Pergamenum
492 750 576 809 esse,
600 730 685 791 recte
709 731 901 791 ceusueumt
915 728 1093 791 Meinekius
1108 729 1129 791 l.
1148 751 1174 793 c.
1192 734 1224 793 et
1240 731 1373 794 Muelle-

235 860 289 901 rus
316 838 397 900 Mus
427 837 577 901 Rhenani
602 836 632 900 V
655 837 698 920 (a.
725 837 821 924 1837)
848 860 879 920 p.
908 837 985 919 358,
1015 838 1120 901 minus
1148 842 1235 903 recte
1262 843 1373 905 tamen

236 948 414 1010 Meinekius
435 947 526 1029 fecit,
549 947 631 1030 quod
647 946 686 1009 ad
702 948 892 1027 ἀναγραφὰς
912 949 1117 1031 δραματικὰε,
1141 970 1235 1031 quem
1256 950 1374 1013 librum

236 1057 322 1121 inter
335 1057 487 1120 historiae
500 1056 690 1119 comicorum
705 1056 811 1119 fontes
827 1060 972 1120 recenset
983 1056 1068 1120 Hist.
1083 1058 1152 1121 crit.
1166 1080 1245 1122 com.
1262 1080 1372 1143 graec.
1477 1127 1483 1135 ‚

235 1191 266 1250 p.
294 1168 347 1249 13,
376 1167 442 1230 eius
465 1166 650 1229 memoriam
671 1166 790 1229 referre
812 1165 946 1229 videtur
993 1168 1099 1250 Aegre
1122 1168 1206 1230 enim
1234 1168 1376 1232 adducor

236 1280 271 1339 ut
294 1276 437 1358 credam,
466 1275 665 1338 huiusmodi
693 1275 732 1337 de
755 1275 940 1360 tragoediae
963 1276 1204 1361 comoediaeque
1226 1279 1373 1360 partibus

235 1388 336 1469 deque
358 1385 540 1448 nominibus
564 1385 739 1448 carminum
763 1385 959 1448 choricorum
981 1386 1265 1469 disputationibus,
1293 1409 1374 1470 quas

236 1499 268 1558 et
296 1495 349 1558 hic
377 1498 409 1558 et
437 1495 472 1557 in
500 1494 614 1558 iambis
637 1495 657 1556 l.
683 1516 709 1556 c.
734 1495 801 1557 eius
828 1495 1011 1557 auctoritati
1039 1495 1151 1558 tribuit
1173 1495 1306 1579 Tectae,
1340 1498 1375 1561 in

235 1605 293 1667 tali
316 1605 397 1668 libro
420 1605 523 1667 locum
546 1604 654 1667 fuisse.
699 1603 860 1687 Frequens
889 1608 995 1667 autem
1017 1608 1066 1667 est
1087 1605 1154 1668 eius
1182 1606 1217 1669 in
1243 1607 1375 1670 scholiis

236 1714 480 1797 Aristophaueis
507 1714 674 1777 memoria:
709 1713 750 1776 cf.
780 1711 953 1776 Schneider
986 1713 1025 1776 de
1052 1718 1114 1777 vet.
1143 1715 1177 1777 in
1206 1716 1373 1800 Aristoph.

236 1824 334 1887 schol.
358 1823 439 1887 font.
463 1846 494 1907 p.
514 1824 564 1888 88.
609 1823 669 1898 Qui
691 1844 872 1906 quanquam
894 1823 1002 1886 omnia
1025 1844 1063 1885 ex
1086 1823 1152 1886 eius
1174 1824 1213 1887 de
1235 1824 1375 1889 dialecto

237 1934 347 1996 Attica
369 1933 450 1997 libro
471 1933 574 2016 petita
597 1932 773 2014 existimat,
803 1935 878 1994 sunt
898 1935 1025 2015 tamen,
1055 1955 1134 2016 quae
1157 1934 1211 1996 vix
1238 1939 1376 2016 possunt
1401 1953 1407 1959 ·

235 2043 298 2105 nisi
314 2064 331 2106 e
346 2043 474 2105 scholiis
490 2043 524 2105 in
540 2044 667 2124 poetam
683 2042 871 2124 conscriptis
894 2042 1039 2124 profecta
1055 2064 1139 2120 esse,
1162 2042 1250 2105 velut
1272 2043 1372 2106 schol.

236 2151 318 2215 Rau.
342 2152 419 2232 296,
451 2152 587 2214 maxime
616 2173 689 2214 vero
719 2172 799 2234 cquae
827 2151 925 2213 schol.
949 2151 1008 2234 Eq.
1033 2151 1095 2215 959
1124 2151 1239 2214 additis
1268 2154 1374 2215 verbis

236 2264 338 2326 obrue
355 2263 373 2330 ὁ
391 2264 510 2341 Κράτης
533 2262 659 2324 adeum
680 2262 870 2324 referuntur.
908 2259 959 2323 Ita
975 2260 1060 2323 enim
1075 2282 1140 2323 non
1163 2260 1375 2324 dubitandum

236 2372 312 2453 quin
335 2375 420 2434 recte
443 2372 605 2453 scripserit
627 2393 685 2452 pro
706 2370 792 2434 οὕτω
809 2370 974 2448 (ωκράτηε
990 2368 1222 2433 Valckenarius
1238 2370 1278 2432 ad
1294 2369 1373 2433 Eur.

236 2479 355 2542 Phoen.
385 2480 495 2565 608*).
546 2480 585 2542 ln
613 2481 661 2542 his
695 2480 794 2564 igitur
828 2479 1088 2542 armotationibus
1117 2478 1279 2543 Oratetem
1308 2502 1374 2543 non

235 2590 341 2651 minus
379 2611 473 2671 quam
501 2588 689 2672 Dionysium
717 2611 754 2651 ea
787 2610 867 2670 quae
896 2588 1011 2651 Taetaa
1045 2587 1084 2650 ad
1114 2609 1166 2651 eos
1195 2588 1294 2651 refert
1323 2611 1375 2651 ex-

236 2697 378 2781 posuisse
401 2699 547 2761 arbitror.
593 2699 797 2762 Euclidem
826 2697 961 2780 denique
991 2697 1029 2758 de
1057 2697 1154 2759 simili
1183 2703 1374 2781 argumento

237 2808 277 2870 ab
300 2807 410 2870 eodem
431 2808 547 2870 Tacina
564 2807 668 2872 Oram.
691 2807 813 2870 Anecd.
831 2806 934 2870 Oxou.
952 2807 972 2868 l.
991 2829 1016 2868 c.
1043 2806 1265 2889 impugnatum
1288 2806 1373 2869 vide

169 2946 171 2950 ’
236 2940 319 2980 mus:
349 2940 413 2980 non
442 2918 566 2981 videtur
589 2922 694 2980 autem
723 2917 864 2979 diversus
887 2937 955 2978 esse
978 2915 1096 2978 abillo
1126 2936 1218 2997 quem
1240 2914 1374 2979 Homeri
1470 2987 1476 2995 ,

237 3027 357 3090 scholia
385 3028 470 3110 Lips.
499 3027 537 3090 ll.
561 3029 585 3092 Α
608 3029 628 3090 5
650 3027 688 3088 de
715 3047 808 3088 versu
830 3024 1000 3087 Homerico
1029 3024 1245 3106 disputantem
1274 3026 1374 3088 intro-

150 3136 156 3145 ’
236 3137 364 3200 ducrmt.
410 3136 495 3199 Nam
521 3140 556 3199 ut
584 3136 618 3199 in
640 3135 771 3198 Homeri
801 3133 1066 3216 interpretatione
1093 3134 1296 3215 versabatur,
1329 3135 1374 3197 ita

237 3247 364 3310 comicis
397 3268 519 3329 (proque
553 3246 603 3308 vel
635 3244 768 3328 tragicis
804 3243 905 3326 poetis
936 3264 1066 3324 operam
1099 3243 1237 3323 dedisse,
1274 3265 1374 3327 eaque

236 3356 402 3419 occasione
432 3355 540 3418 oblata
572 3355 610 3417 de
644 3354 788 3437 partibus
815 3352 995 3418 fabulamur
1024 3353 1204 3434 exposuisse
1232 3352 1374 3416 videtur:

237 3465 277 3528 cf.
302 3465 474 3527 Muellerus
498 3466 578 3527 Mus.
604 3464 707 3527 Rhen.
732 3464 753 3526 l.
780 3486 805 3525 c.
1188 3444 1193 3453 ¹

319 3574 431 3658 ltaque
454 3574 492 3636 de
520 3574 569 3636 his
597 3573 698 3636 tribus
726 3573 944 3656 granmraticis
974 3594 1045 3635 cum
1073 3572 1304 3654 invenerimus,
1335 3573 1376 3635 ad

237 3704 344 3745 eorum
366 3685 431 3745 sive
459 3684 493 3746 in
515 3683 656 3766 tragicos
679 3682 744 3744 sive
773 3682 807 3743 iu
830 3681 966 3744 comicos
993 3684 1105 3765 poetas
1129 3682 1376 3744 commentarios

237 3792 412 3855 sententias
430 3814 448 3854 a
463 3793 578 3855 Taetza
600 3791 795 3874 improbatas
810 3790 953 3854 revocari
976 3812 1083 3872 posse,
1107 3790 1251 3873 quamvis
1274 3791 1377 3853 sciam

237 3923 302 3964 non
325 3905 442 3964 temere
465 3902 503 3965 de
526 3901 771 3965 annotationum
793 3901 966 3982 scriptione
983 3899 1188 3983 cogitandum
1204 3921 1282 3980 esse,
1309 3922 1377 3963 non

170 4021 217 4068 132
236 4011 359 4073 videtur
386 4015 494 4074 tamen
524 4033 597 4074 casu
625 4010 746 4073 factum
774 4031 858 4091 esse,
888 4009 970 4092 quod
998 4011 1179 4087 ἐξηγηταὶ
1210 4010 1259 4072 καὶ
1287 4008 1376 4073 διδά-

304 4265 328 4328 *)
348 4262 488 4315 Cratetem
506 4263 578 4315 iuter
599 4268 706 4315 veteres
725 4262 919 4330 Aristophanis
941 4262 1107 4329 interpretes
1131 4260 1273 4313 numerari
1293 4261 1377 4315 video

237 4372 254 4406 a
272 4354 450 4421 Bernhardyo
470 4354 539 4407 Hist.
558 4354 611 4405 litt.
631 4372 721 4422 graec.
741 4356 765 4406 ll
784 4373 811 4423 p.
832 4361 889 4409 994.
