<?xml version="1.0" encoding="UTF-8"?>
<!DOCTYPE html PUBLIC "-//W3C//DTD XHTML 1.0 Transitional//EN"
    "http://www.w3.org/TR/xhtml1/DTD/xhtml1-transitional.dtd">
<html xmlns="http://www.w3.org/1999/xhtml" xml:lang="en" lang="en">
 <head>
  <title>
</title>
<meta http-equiv="Content-Type" content="text/html;charset=utf-8" />
  <meta name='ocr-system' content='tesseract 3.04.00' />
  <meta name='ocr-capabilities' content='ocr_page ocr_carea ocr_par ocr_line ocrx_word'/>
</head>
<body>
  <div class='ocr_page' id='page_1' title='image "./fridericiritsch04wachgoog_0418.png"; bbox 0 0 2948 4996; ppageno 0'>
   <div class='ocr_carea' id='block_1_1' title="bbox 509 312 1234 389">
    <p class='ocr_par' dir='ltr' id='par_1_1' title="bbox 509 312 1234 413">
     <span class='ocr_line' id='line_1_1' title="bbox 509 312 1234 389; baseline -0.003 0"><span class='ocrx_word' id='word_1_1' title='bbox 509 332 630 389; x_wconf 74' lang='lat' dir='ltr'>onerer</span> <span class='ocrx_word' id='word_1_2' title='bbox 653 333 815 389; x_wconf 69' lang='lat' dir='ltr'>dotorem.</span> <span class='ocrx_word' id='word_1_3' title='bbox 1170 312 1234 387; x_wconf 86' lang='grc'>403</span> 
     </span>
    </p>
   </div>
   <div class='ocr_carea' id='block_1_2' title="bbox 74 488 1234 4340">
    <p class='ocr_par' dir='ltr' id='par_1_2' title="bbox 74 488 1234 4340">
     <span class='ocr_line' id='line_1_2' title="bbox 91 488 1233 578; baseline -0.004 -18"><span class='ocrx_word' id='word_1_4' title='bbox 91 516 160 561; x_wconf 84' lang='lat' dir='ltr'>esse</span> <span class='ocrx_word' id='word_1_5' title='bbox 189 491 348 577; x_wconf 89' lang='lat' dir='ltr'>dicamus,</span> <span class='ocrx_word' id='word_1_6' title='bbox 383 491 466 578; x_wconf 92' lang='lat' dir='ltr'>quod</span> <span class='ocrx_word' id='word_1_7' title='bbox 493 494 576 575; x_wconf 85' lang='grc' dir='ltr'>γήρᾳ</span> <span class='ocrx_word' id='word_1_8' title='bbox 608 492 767 573; x_wconf 80' lang='grc' dir='ltr'>εημαίνων</span> <span class='ocrx_word' id='word_1_9' title='bbox 801 492 855 556; x_wconf 92' lang='lat' dir='ltr'>ille</span> <span class='ocrx_word' id='word_1_10' title='bbox 889 513 959 557; x_wconf 91' lang='lat' dir='ltr'>oum</span> <span class='ocrx_word' id='word_1_11' title='bbox 988 488 1133 578; x_wconf 82' lang='lat' dir='ltr'>Reisigio</span> <span class='ocrx_word' id='word_1_12' title='bbox 1165 495 1233 557; x_wconf 92' lang='lat' dir='ltr'>tum</span> 
     </span>
     <span class='ocr_line' id='line_1_3' title="bbox 89 601 1233 671; baseline -0.003 -1"><span class='ocrx_word' id='word_1_13' title='bbox 89 605 280 671; x_wconf 86' lang='lat' dir='ltr'>Hermanno</span> <span class='ocrx_word' id='word_1_14' title='bbox 306 608 376 668; x_wconf 93' lang='lat' dir='ltr'>tum</span> <span class='ocrx_word' id='word_1_15' title='bbox 405 603 518 668; x_wconf 88' lang='lat' dir='ltr'>ceteris</span> <span class='ocrx_word' id='word_1_16' title='bbox 546 607 582 668; x_wconf 92' lang='lat' dir='ltr'>ut</span> <span class='ocrx_word' id='word_1_17' title='bbox 609 603 735 667; x_wconf 84' lang='lat' dir='ltr'>videtur</span> <span class='ocrx_word' id='word_1_18' title='bbox 768 601 914 667; x_wconf 85' lang='lat' dir='ltr'>omnibus</span> <span class='ocrx_word' id='word_1_19' title='bbox 949 606 997 667; x_wconf 89' lang='lat' dir='ltr'>est</span> <span class='ocrx_word' id='word_1_20' title='bbox 1029 610 1144 667; x_wconf 79' lang='lat' dir='ltr'>‘senex</span> <span class='ocrx_word' id='word_1_21' title='bbox 1176 603 1233 666; x_wconf 92' lang='lat' dir='ltr'>im·</span> 
     </span>
     <span class='ocr_line' id='line_1_4' title="bbox 89 713 1233 800; baseline -0.003 -20"><span class='ocrx_word' id='word_1_22' title='bbox 89 716 262 800; x_wconf 81' lang='lat' dir='ltr'>perator’?</span> <span class='ocrx_word' id='word_1_23' title='bbox 293 713 412 778; x_wconf 89' lang='lat' dir='ltr'>Verum</span> <span class='ocrx_word' id='word_1_24' title='bbox 435 714 488 778; x_wconf 82' lang='lat' dir='ltr'>vix</span> <span class='ocrx_word' id='word_1_25' title='bbox 510 713 691 778; x_wconf 77' lang='lat' dir='ltr'><strong>dubitamus</strong></span> <span class='ocrx_word' id='word_1_26' title='bbox 714 713 790 798; x_wconf 91' lang='lat' dir='ltr'>quin</span> <span class='ocrx_word' id='word_1_27' title='bbox 812 736 937 799; x_wconf 80' lang='lat' dir='ltr'>gnavus</span> <span class='ocrx_word' id='word_1_28' title='bbox 959 735 976 776; x_wconf 92' lang='lat' dir='ltr'>e</span> <span class='ocrx_word' id='word_1_29' title='bbox 999 713 1093 777; x_wconf 84' lang='lat' dir='ltr'>sociis</span> <span class='ocrx_word' id='word_1_30' title='bbox 1115 713 1233 777; x_wconf 88' lang='lat' dir='ltr'>nostris</span> 
     </span>
     <span class='ocr_line' id='line_1_5' title="bbox 90 823 1232 906; baseline -0.004 -16"><span class='ocrx_word' id='word_1_31' title='bbox 90 825 283 891; x_wconf 80' lang='lat' dir='ltr'><strong>academicis</strong></span> <span class='ocrx_word' id='word_1_32' title='bbox 311 825 497 888; x_wconf 84' lang='lat' dir='ltr'>adulescens</span> <span class='ocrx_word' id='word_1_33' title='bbox 525 823 641 887; x_wconf 85' lang='lat' dir='ltr'>viderit</span> <span class='ocrx_word' id='word_1_34' title='bbox 662 823 813 888; x_wconf 86' lang='lat' dir='ltr'>Alfredus</span> <span class='ocrx_word' id='word_1_35' title='bbox 835 823 1010 888; x_wconf 91' lang='lat' dir='ltr'>Schoenius</span> <span class='ocrx_word' id='word_1_36' title='bbox 1032 823 1232 906; x_wconf 85' lang='lat' dir='ltr'>Dresdensis,</span> 
     </span>
     <span class='ocr_line' id='line_1_6' title="bbox 90 933 1234 1020; baseline -0.003 -20"><span class='ocrx_word' id='word_1_37' title='bbox 90 935 228 1020; x_wconf 77' lang='lat' dir='ltr'>temperi</span> <span class='ocrx_word' id='word_1_38' title='bbox 250 935 304 998; x_wconf 92' lang='lat' dir='ltr'>ille</span> <span class='ocrx_word' id='word_1_39' title='bbox 327 933 491 998; x_wconf 85' lang='lat' dir='ltr'><strong>Homerici</strong></span> <span class='ocrx_word' id='word_1_40' title='bbox 513 955 622 998; x_wconf 81' lang='lat' dir='ltr'>versus</span> <span class='ocrx_word' id='word_1_41' title='bbox 645 933 827 997; x_wconf 80' lang='lat' dir='ltr'>recordatus</span> <span class='ocrx_word' id='word_1_42' title='bbox 850 933 888 998; x_wconf 86' lang='grc' dir='ltr'>ΙΙ.</span> <span class='ocrx_word' id='word_1_43' title='bbox 912 933 1022 1017; x_wconf 85' lang='lat' dir='ltr'>XVII,</span> <span class='ocrx_word' id='word_1_44' title='bbox 1057 935 1116 999; x_wconf 82' lang='lat'>197</span> <span class='ocrx_word' id='word_1_45' title='bbox 1139 935 1234 1013; x_wconf 88' lang='grc' dir='ltr'>πατρὶ</span> 
     </span>
     <span class='ocr_line' id='line_1_7' title="bbox 90 1043 1233 1131; baseline -0.004 -20"><span class='ocrx_word' id='word_1_46' title='bbox 90 1050 178 1131; x_wconf 78' lang='grc' dir='ltr'>φίλῳ</span> <span class='ocrx_word' id='word_1_47' title='bbox 202 1048 336 1126; x_wconf 83' lang='grc' dir='ltr'>ἔπορον,</span> <span class='ocrx_word' id='word_1_48' title='bbox 359 1046 377 1110; x_wconf 85' lang='grc' dir='ltr'>ὁ</span> <span class='ocrx_word' id='word_1_49' title='bbox 401 1048 435 1111; x_wconf 81' lang='grc' dir='ltr'>δ’</span> <span class='ocrx_word' id='word_1_50' title='bbox 458 1044 520 1125; x_wconf 87' lang='grc' dir='ltr'>ἄρα</span> <span class='ocrx_word' id='word_1_51' title='bbox 543 1046 569 1128; x_wconf 80' lang='grc' dir='ltr'>ᾧ</span> <span class='ocrx_word' id='word_1_52' title='bbox 592 1046 679 1109; x_wconf 84' lang='grc' dir='ltr'>παιδὶ</span> <span class='ocrx_word' id='word_1_53' title='bbox 702 1045 839 1111; x_wconf 72' lang='lat' dir='ltr'>ducerer</span> <span class='ocrx_word' id='word_1_54' title='bbox 861 1067 906 1124; x_wconf 89' lang='grc' dir='ltr'>γη</span> <span class='ocrx_word' id='word_1_55' title='bbox 914 1046 997 1126; x_wconf 77' lang='grc' dir='ltr'>ράεε</span> <span class='ocrx_word' id='word_1_56' title='bbox 1022 1044 1072 1108; x_wconf 89' lang='lat' dir='ltr'>cui</span> <span class='ocrx_word' id='word_1_57' title='bbox 1089 1043 1233 1127; x_wconf 82' lang='lat' dir='ltr'>exemplo</span> 
     </span>
     <span class='ocr_line' id='line_1_8' title="bbox 90 1154 1233 1240; baseline -0.001 -20"><span class='ocrx_word' id='word_1_58' title='bbox 90 1157 229 1220; x_wconf 82' lang='lat' dir='ltr'>finitima</span> <span class='ocrx_word' id='word_1_59' title='bbox 252 1155 511 1240; x_wconf 81' lang='lat' dir='ltr'>Etymologicum</span> <span class='ocrx_word' id='word_1_60' title='bbox 533 1176 686 1239; x_wconf 86' lang='lat' dir='ltr'>magnum</span> <span class='ocrx_word' id='word_1_61' title='bbox 708 1178 740 1238; x_wconf 90' lang='lat' dir='ltr'>p.</span> <span class='ocrx_word' id='word_1_62' title='bbox 764 1155 837 1237; x_wconf 77' lang='lat'>230,</span> <span class='ocrx_word' id='word_1_63' title='bbox 860 1155 902 1220; x_wconf 83' lang='lat'>50</span> <span class='ocrx_word' id='word_1_64' title='bbox 924 1154 1029 1218; x_wconf 85' lang='lat' dir='ltr'>iunxit</span> <span class='ocrx_word' id='word_1_65' title='bbox 1050 1156 1233 1235; x_wconf 77' lang='grc' dir='ltr'>γηράντεαι</span> 
     </span>
     <span class='ocr_line' id='line_1_9' title="bbox 89 1265 1234 1349; baseline -0.003 -17"><span class='ocrx_word' id='word_1_66' title='bbox 89 1271 214 1332; x_wconf 76' lang='grc' dir='ltr'>τοκεῦει</span> <span class='ocrx_word' id='word_1_67' title='bbox 240 1265 373 1330; x_wconf 84' lang='lat' dir='ltr'>Hesiodi</span> <span class='ocrx_word' id='word_1_68' title='bbox 401 1266 462 1349; x_wconf 88' lang='lat' dir='ltr'>Op.</span> <span class='ocrx_word' id='word_1_69' title='bbox 494 1265 570 1348; x_wconf 87' lang='lat'>188,</span> <span class='ocrx_word' id='word_1_70' title='bbox 604 1265 739 1330; x_wconf 90' lang='lat' dir='ltr'>aliomm</span> <span class='ocrx_word' id='word_1_71' title='bbox 772 1267 878 1329; x_wconf 89' lang='lat' dir='ltr'>antem</span> <span class='ocrx_word' id='word_1_72' title='bbox 911 1269 947 1329; x_wconf 90' lang='lat' dir='ltr'>ut</span> <span class='ocrx_word' id='word_1_73' title='bbox 973 1265 1070 1329; x_wconf 85' lang='lat' dir='ltr'>facile</span> <span class='ocrx_word' id='word_1_74' title='bbox 1098 1268 1234 1348; x_wconf 88' lang='lat' dir='ltr'>apparet</span> 
     </span>
     <span class='ocr_line' id='line_1_10' title="bbox 88 1374 1233 1461; baseline -0.002 -21"><span class='ocrx_word' id='word_1_75' title='bbox 88 1381 257 1461; x_wconf 89' lang='lat' dir='ltr'>poetarum</span> <span class='ocrx_word' id='word_1_76' title='bbox 278 1379 446 1457; x_wconf 87' lang='grc' dir='ltr'>γηράντων</span> <span class='ocrx_word' id='word_1_77' title='bbox 470 1377 599 1456; x_wconf 84' lang='grc' dir='ltr'>ἀνδρῶν</span> <span class='ocrx_word' id='word_1_78' title='bbox 623 1379 655 1439; x_wconf 92' lang='lat' dir='ltr'>et</span> <span class='ocrx_word' id='word_1_79' title='bbox 676 1378 835 1456; x_wconf 78' lang='grc' dir='ltr'>γηράντα(</span> <span class='ocrx_word' id='word_1_80' title='bbox 857 1379 957 1455; x_wconf 85' lang='grc' dir='ltr'><strong>τιμᾶν.</strong></span> <span class='ocrx_word' id='word_1_81' title='bbox 1002 1374 1233 1459; x_wconf 85' lang='lat' dir='ltr'>Disceptarnnt</span> 
     </span>
     <span class='ocr_line' id='line_1_11' title="bbox 90 1484 1232 1569; baseline -0.003 -18"><span class='ocrx_word' id='word_1_82' title='bbox 90 1509 161 1551; x_wconf 88' lang='lat' dir='ltr'>eam</span> <span class='ocrx_word' id='word_1_83' title='bbox 183 1488 320 1551; x_wconf 83' lang='lat' dir='ltr'>formam</span> <span class='ocrx_word' id='word_1_84' title='bbox 342 1485 526 1550; x_wconf 89' lang='lat' dir='ltr'>Dindorfius</span> <span class='ocrx_word' id='word_1_85' title='bbox 548 1485 582 1549; x_wconf 94' lang='lat' dir='ltr'>in</span> <span class='ocrx_word' id='word_1_86' title='bbox 606 1484 762 1569; x_wconf 74' lang='lat' dir='ltr'>Stephani</span> <span class='ocrx_word' id='word_1_87' title='bbox 784 1485 946 1550; x_wconf 85' lang='lat' dir='ltr'>Thesauro</span> <span class='ocrx_word' id='word_1_88' title='bbox 969 1485 1002 1549; x_wconf 87' lang='lat' dir='ltr'>ll</span> <span class='ocrx_word' id='word_1_89' title='bbox 1030 1508 1062 1569; x_wconf 88' lang='lat' dir='ltr'>p.</span> <span class='ocrx_word' id='word_1_90' title='bbox 1087 1485 1149 1549; x_wconf 79' lang='lat'>609</span> <span class='ocrx_word' id='word_1_91' title='bbox 1172 1508 1232 1569; x_wconf 87' lang='lat' dir='ltr'>sq,</span> 
     </span>
     <span class='ocr_line' id='line_1_12' title="bbox 88 1594 1233 1688; baseline -0.003 -27"><span class='ocrx_word' id='word_1_92' title='bbox 88 1596 268 1661; x_wconf 88' lang='lat' dir='ltr'>Lobeckius</span> <span class='ocrx_word' id='word_1_93' title='bbox 297 1597 334 1661; x_wconf 90' lang='lat' dir='ltr'>ad</span> <span class='ocrx_word' id='word_1_94' title='bbox 359 1595 552 1660; x_wconf 90' lang='lat' dir='ltr'>Buttmanni</span> <span class='ocrx_word' id='word_1_95' title='bbox 578 1617 714 1681; x_wconf 83' lang='lat' dir='ltr'>gramm.</span> <span class='ocrx_word' id='word_1_96' title='bbox 738 1594 771 1659; x_wconf 94' lang='lat' dir='ltr'>II</span> <span class='ocrx_word' id='word_1_97' title='bbox 798 1619 829 1680; x_wconf 90' lang='lat' dir='ltr'>p.</span> <span class='ocrx_word' id='word_1_98' title='bbox 856 1597 905 1660; x_wconf 87' lang='lat'>13.</span> <span class='ocrx_word' id='word_1_99' title='bbox 938 1596 997 1688; x_wconf 79' lang='grc'>138</span> <span class='ocrx_word' id='word_1_100' title='bbox 1025 1598 1058 1659; x_wconf 92' lang='lat' dir='ltr'>et</span> <span class='ocrx_word' id='word_1_101' title='bbox 1084 1595 1233 1658; x_wconf 90' lang='lat' dir='ltr'>Patholo-</span> 
     </span>
     <span class='ocr_line' id='line_1_13' title="bbox 88 1704 1233 1791; baseline -0.002 -21"><span class='ocrx_word' id='word_1_102' title='bbox 88 1707 163 1791; x_wconf 81' lang='lat' dir='ltr'>giae</span> <span class='ocrx_word' id='word_1_103' title='bbox 180 1708 271 1771; x_wconf 89' lang='lat' dir='ltr'>elem.</span> <span class='ocrx_word' id='word_1_104' title='bbox 290 1707 317 1790; x_wconf 91' lang='lat' dir='ltr'>I,</span> <span class='ocrx_word' id='word_1_105' title='bbox 333 1730 365 1791; x_wconf 90' lang='lat' dir='ltr'>p.</span> <span class='ocrx_word' id='word_1_106' title='bbox 382 1709 444 1772; x_wconf 83' lang='lat'>383</span> <span class='ocrx_word' id='word_1_107' title='bbox 460 1729 519 1790; x_wconf 86' lang='lat' dir='ltr'>sq,</span> <span class='ocrx_word' id='word_1_108' title='bbox 544 1707 738 1791; x_wconf 84' lang='lat' dir='ltr'>eandemque</span> <span class='ocrx_word' id='word_1_109' title='bbox 755 1705 898 1769; x_wconf 81' lang='lat' dir='ltr'><strong>Alexidis</strong></span> <span class='ocrx_word' id='word_1_110' title='bbox 913 1705 1018 1769; x_wconf 84' lang='lat' dir='ltr'>versui</span> <span class='ocrx_word' id='word_1_111' title='bbox 1033 1704 1233 1770; x_wconf 86' lang='lat' dir='ltr'>restituendo</span> 
     </span>
     <span class='ocr_line' id='line_1_14' title="bbox 87 1816 1233 1901; baseline -0.001 -21"><span class='ocrx_word' id='word_1_112' title='bbox 87 1821 113 1880; x_wconf 89' lang='lat' dir='ltr'>t.</span> <span class='ocrx_word' id='word_1_113' title='bbox 130 1816 180 1881; x_wconf 91' lang='grc' dir='ltr'>ΠΙ</span> <span class='ocrx_word' id='word_1_114' title='bbox 201 1840 233 1901; x_wconf 89' lang='lat' dir='ltr'>p.</span> <span class='ocrx_word' id='word_1_115' title='bbox 249 1817 313 1884; x_wconf 78' lang='lat'>512</span> <span class='ocrx_word' id='word_1_116' title='bbox 334 1816 433 1881; x_wconf 90' lang='lat' dir='ltr'>Mein.</span> <span class='ocrx_word' id='word_1_117' title='bbox 457 1816 666 1900; x_wconf 78' lang='lat' dir='ltr'>probabiliter</span> <span class='ocrx_word' id='word_1_118' title='bbox 688 1816 858 1880; x_wconf 81' lang='lat' dir='ltr'>Elmsleius</span> <span class='ocrx_word' id='word_1_119' title='bbox 881 1816 1028 1879; x_wconf 76' lang='lat' dir='ltr'>adhibuit</span> <span class='ocrx_word' id='word_1_120' title='bbox 1050 1817 1068 1880; x_wconf 87' lang='grc' dir='ltr'>ὁ</span> <span class='ocrx_word' id='word_1_121' title='bbox 1091 1818 1148 1895; x_wconf 80' lang='grc' dir='ltr'>μὲν</span> <span class='ocrx_word' id='word_1_122' title='bbox 1171 1817 1233 1896; x_wconf 89' lang='grc' dir='ltr'>γὰρ</span> 
     </span>
     <span class='ocr_line' id='line_1_15' title="bbox 88 1925 1231 2008; baseline -0.001 -18"><span class='ocrx_word' id='word_1_123' title='bbox 88 1926 258 2007; x_wconf 70' lang='grc' dir='ltr'>ἀπογηρὰς</span> <span class='ocrx_word' id='word_1_124' title='bbox 286 1927 384 2008; x_wconf 70' lang='grc' dir='ltr'>ἀηδὴς</span> <span class='ocrx_word' id='word_1_125' title='bbox 411 1927 568 2005; x_wconf 83' lang='grc' dir='ltr'>γίγνεται,</span> <span class='ocrx_word' id='word_1_126' title='bbox 601 1927 656 1991; x_wconf 91' lang='lat' dir='ltr'>ubi</span> <span class='ocrx_word' id='word_1_127' title='bbox 689 1927 924 2007; x_wconf 73' lang='lat' dir='ltr'>duorqodcrior</span> <span class='ocrx_word' id='word_1_128' title='bbox 957 1926 1030 1989; x_wconf 87' lang='lat' dir='ltr'>libri</span> <span class='ocrx_word' id='word_1_129' title='bbox 1058 1925 1231 1990; x_wconf 78' lang='lat' dir='ltr'>Athenaei.</span> 
     </span>
     <span class='ocr_line' id='line_1_16' title="bbox 88 2034 1232 2120; baseline -0.002 -19"><span class='ocrx_word' id='word_1_130' title='bbox 88 2034 153 2101; x_wconf 88' lang='lat' dir='ltr'>Sed</span> <span class='ocrx_word' id='word_1_131' title='bbox 182 2035 336 2120; x_wconf 82' lang='lat' dir='ltr'>Sophocli</span> <span class='ocrx_word' id='word_1_132' title='bbox 359 2040 469 2101; x_wconf 91' lang='lat' dir='ltr'>tamen</span> <span class='ocrx_word' id='word_1_133' title='bbox 496 2036 558 2101; x_wconf 88' lang='lat' dir='ltr'>hac</span> <span class='ocrx_word' id='word_1_134' title='bbox 587 2036 652 2101; x_wconf 93' lang='lat' dir='ltr'>leni</span> <span class='ocrx_word' id='word_1_135' title='bbox 679 2059 757 2100; x_wconf 89' lang='lat' dir='ltr'>sane</span> <span class='ocrx_word' id='word_1_136' title='bbox 783 2037 961 2101; x_wconf 80' lang='lat' dir='ltr'>mutatione</span> <span class='ocrx_word' id='word_1_137' title='bbox 990 2035 1132 2100; x_wconf 90' lang='lat' dir='ltr'>nondum</span> <span class='ocrx_word' id='word_1_138' title='bbox 1154 2037 1232 2101; x_wconf 86' lang='lat' dir='ltr'>satis</span> 
     </span>
     <span class='ocr_line' id='line_1_17' title="bbox 85 2146 1232 2232; baseline 0.001 -23"><span class='ocrx_word' id='word_1_139' title='bbox 85 2146 212 2210; x_wconf 86' lang='lat' dir='ltr'>factum</span> <span class='ocrx_word' id='word_1_140' title='bbox 234 2168 302 2211; x_wconf 87' lang='lat' dir='ltr'>esse</span> <span class='ocrx_word' id='word_1_141' title='bbox 324 2147 556 2232; x_wconf 84' lang='lat' dir='ltr'>intellegimus:</span> <span class='ocrx_word' id='word_1_142' title='bbox 585 2149 684 2228; x_wconf 83' lang='grc' dir='ltr'>γηρά(</span> <span class='ocrx_word' id='word_1_143' title='bbox 712 2147 814 2230; x_wconf 90' lang='lat' dir='ltr'>enim,</span> <span class='ocrx_word' id='word_1_144' title='bbox 846 2147 998 2232; x_wconf 88' lang='lat' dir='ltr'>quoniam</span> <span class='ocrx_word' id='word_1_145' title='bbox 1019 2169 1085 2210; x_wconf 91' lang='lat' dir='ltr'>non</span> <span class='ocrx_word' id='word_1_146' title='bbox 1108 2151 1156 2211; x_wconf 90' lang='lat' dir='ltr'>est</span> <span class='ocrx_word' id='word_1_147' title='bbox 1179 2147 1232 2210; x_wconf 91' lang='lat' dir='ltr'>ad-</span> 
     </span>
     <span class='ocr_line' id='line_1_18' title="bbox 85 2256 1232 2342; baseline 0.002 -23"><span class='ocrx_word' id='word_1_148' title='bbox 85 2257 240 2320; x_wconf 78' lang='lat' dir='ltr'>icctirum</span> <span class='ocrx_word' id='word_1_149' title='bbox 262 2257 316 2321; x_wconf 91' lang='lat' dir='ltr'>sed</span> <span class='ocrx_word' id='word_1_150' title='bbox 339 2257 544 2342; x_wconf 89' lang='lat' dir='ltr'>participium</span> <span class='ocrx_word' id='word_1_151' title='bbox 566 2256 748 2341; x_wconf 89' lang='lat' dir='ltr'>praeteriti,</span> <span class='ocrx_word' id='word_1_152' title='bbox 778 2279 844 2321; x_wconf 89' lang='lat' dir='ltr'>non</span> <span class='ocrx_word' id='word_1_153' title='bbox 866 2260 972 2341; x_wconf 86' lang='lat' dir='ltr'>potest</span> <span class='ocrx_word' id='word_1_154' title='bbox 1001 2265 1134 2322; x_wconf 77' lang='lat' dir='ltr'>‘senex&#39;</span> <span class='ocrx_word' id='word_1_155' title='bbox 1165 2279 1232 2321; x_wconf 88' lang='lat' dir='ltr'>esse</span> 
     </span>
     <span class='ocr_line' id='line_1_19' title="bbox 86 2366 1232 2453; baseline 0.001 -24"><span class='ocrx_word' id='word_1_156' title='bbox 86 2366 287 2450; x_wconf 85' lang='lat' dir='ltr'>simpliciter,</span> <span class='ocrx_word' id='word_1_157' title='bbox 311 2368 366 2431; x_wconf 90' lang='lat' dir='ltr'>sed</span> <span class='ocrx_word' id='word_1_158' title='bbox 390 2379 504 2432; x_wconf 77' lang='lat' dir='ltr'>{senex</span> <span class='ocrx_word' id='word_1_159' title='bbox 526 2368 648 2432; x_wconf 90' lang='lat' dir='ltr'>factus’</span> <span class='ocrx_word' id='word_1_160' title='bbox 671 2367 778 2450; x_wconf 85' lang='lat' dir='ltr'>potius</span> <span class='ocrx_word' id='word_1_161' title='bbox 785 2418 793 2451; x_wconf 98' lang='lat'>,</span> <span class='ocrx_word' id='word_1_162' title='bbox 823 2391 884 2453; x_wconf 92' lang='lat' dir='ltr'>quo</span> <span class='ocrx_word' id='word_1_163' title='bbox 907 2369 944 2432; x_wconf 92' lang='lat' dir='ltr'>fit</span> <span class='ocrx_word' id='word_1_164' title='bbox 965 2370 1001 2431; x_wconf 92' lang='lat' dir='ltr'>ut</span> <span class='ocrx_word' id='word_1_165' title='bbox 1024 2369 1056 2431; x_wconf 89' lang='lat' dir='ltr'>et</span> <span class='ocrx_word' id='word_1_166' title='bbox 1077 2368 1232 2432; x_wconf 89' lang='lat' dir='ltr'>molestis-</span> 
     </span>
     <span class='ocr_line' id='line_1_20' title="bbox 85 2476 1232 2563; baseline 0.002 -23"><span class='ocrx_word' id='word_1_167' title='bbox 85 2477 169 2540; x_wconf 85' lang='lat' dir='ltr'>sima</span> <span class='ocrx_word' id='word_1_168' title='bbox 203 2477 337 2560; x_wconf 87' lang='lat' dir='ltr'>prodeat</span> <span class='ocrx_word' id='word_1_169' title='bbox 370 2481 402 2541; x_wconf 91' lang='lat' dir='ltr'>et</span> <span class='ocrx_word' id='word_1_170' title='bbox 429 2478 648 2542; x_wconf 81' lang='lat' dir='ltr'>inficetissime</span> <span class='ocrx_word' id='word_1_171' title='bbox 675 2479 775 2558; x_wconf 79' lang='grc' dir='ltr'>γηράε</span> <span class='ocrx_word' id='word_1_172' title='bbox 803 2479 962 2558; x_wconf 80' lang='grc' dir='ltr'>εημαίνων</span> <span class='ocrx_word' id='word_1_173' title='bbox 990 2476 1232 2563; x_wconf 88' lang='lat' dir='ltr'>participiorum</span> 
     </span>
     <span class='ocr_line' id='line_1_21' title="bbox 86 2587 1232 2674; baseline 0.003 -25"><span class='ocrx_word' id='word_1_174' title='bbox 86 2587 292 2651; x_wconf 86' lang='lat' dir='ltr'>consociatio.</span> <span class='ocrx_word' id='word_1_175' title='bbox 333 2587 454 2651; x_wconf 91' lang='lat' dir='ltr'>Verum</span> <span class='ocrx_word' id='word_1_176' title='bbox 476 2589 561 2651; x_wconf 91' lang='lat' dir='ltr'>enim</span> <span class='ocrx_word' id='word_1_177' title='bbox 583 2610 657 2652; x_wconf 83' lang='lat' dir='ltr'>vero</span> <span class='ocrx_word' id='word_1_178' title='bbox 680 2610 721 2652; x_wconf 95' lang='lat' dir='ltr'>ne</span> <span class='ocrx_word' id='word_1_179' title='bbox 743 2588 812 2652; x_wconf 88' lang='lat' dir='ltr'>sine</span> <span class='ocrx_word' id='word_1_180' title='bbox 834 2590 933 2670; x_wconf 72' lang='lat' dir='ltr'>mpii(</span> <span class='ocrx_word' id='word_1_181' title='bbox 956 2588 1084 2674; x_wconf 90' lang='lat' dir='ltr'>quidem</span> <span class='ocrx_word' id='word_1_182' title='bbox 1105 2589 1232 2673; x_wconf 91' lang='lat' dir='ltr'>placere</span> 
     </span>
     <span class='ocr_line' id='line_1_22' title="bbox 84 2696 1232 2782; baseline 0.004 -23"><span class='ocrx_word' id='word_1_183' title='bbox 84 2696 148 2760; x_wconf 89' lang='lat' dir='ltr'>hoc</span> <span class='ocrx_word' id='word_1_184' title='bbox 177 2697 282 2779; x_wconf 91' lang='lat' dir='ltr'>ipsum</span> <span class='ocrx_word' id='word_1_185' title='bbox 310 2699 469 2778; x_wconf 80' lang='grc' dir='ltr'>(ημαίνων</span> <span class='ocrx_word' id='word_1_186' title='bbox 499 2698 705 2782; x_wconf 85' lang='lat' dir='ltr'>participium</span> <span class='ocrx_word' id='word_1_187' title='bbox 732 2702 848 2782; x_wconf 90' lang='lat' dir='ltr'>potest.</span> <span class='ocrx_word' id='word_1_188' title='bbox 893 2698 958 2763; x_wconf 87' lang='lat' dir='ltr'>Fac</span> <span class='ocrx_word' id='word_1_189' title='bbox 986 2700 1071 2763; x_wconf 90' lang='lat' dir='ltr'>enim</span> <span class='ocrx_word' id='word_1_190' title='bbox 1100 2699 1232 2780; x_wconf 72' lang='lat' dir='ltr'>mpero(</span> 
     </span>
     <span class='ocr_line' id='line_1_23' title="bbox 84 2807 1231 2890; baseline 0.003 -21"><span class='ocrx_word' id='word_1_191' title='bbox 84 2807 243 2890; x_wconf 88' lang='lat' dir='ltr'>scriptum</span> <span class='ocrx_word' id='word_1_192' title='bbox 266 2829 333 2871; x_wconf 87' lang='lat' dir='ltr'>esse</span> <span class='ocrx_word' id='word_1_193' title='bbox 354 2808 406 2871; x_wconf 84' lang='lat' dir='ltr'>vel</span> <span class='ocrx_word' id='word_1_194' title='bbox 429 2808 525 2871; x_wconf 88' lang='lat' dir='ltr'>etiam</span> <span class='ocrx_word' id='word_1_195' title='bbox 546 2811 666 2889; x_wconf 84' lang='grc' dir='ltr'>γέρων,</span> <span class='ocrx_word' id='word_1_196' title='bbox 696 2809 784 2873; x_wconf 87' lang='lat' dir='ltr'>itane</span> <span class='ocrx_word' id='word_1_197' title='bbox 813 2809 945 2873; x_wconf 86' lang='lat' dir='ltr'>offensio</span> <span class='ocrx_word' id='word_1_198' title='bbox 967 2809 1114 2873; x_wconf 80' lang='lat' dir='ltr'>tollitur?</span> <span class='ocrx_word' id='word_1_199' title='bbox 1156 2808 1231 2873; x_wconf 89' lang='lat' dir='ltr'>Non</span> 
     </span>
     <span class='ocr_line' id='line_1_24' title="bbox 83 2916 1231 3003; baseline 0.002 -24"><span class='ocrx_word' id='word_1_200' title='bbox 83 2916 194 2981; x_wconf 89' lang='lat' dir='ltr'>hercle</span> <span class='ocrx_word' id='word_1_201' title='bbox 217 2916 281 2981; x_wconf 96' lang='lat' dir='ltr'>ullo</span> <span class='ocrx_word' id='word_1_202' title='bbox 303 2918 412 2982; x_wconf 89' lang='lat' dir='ltr'>modo:</span> <span class='ocrx_word' id='word_1_203' title='bbox 441 2918 523 3002; x_wconf 92' lang='lat' dir='ltr'>quod</span> <span class='ocrx_word' id='word_1_204' title='bbox 547 2919 633 2982; x_wconf 91' lang='lat' dir='ltr'>enim</span> <span class='ocrx_word' id='word_1_205' title='bbox 655 2918 826 3003; x_wconf 89' lang='lat' dir='ltr'>requiritur</span> <span class='ocrx_word' id='word_1_206' title='bbox 847 2919 908 2984; x_wconf 95' lang='lat' dir='ltr'>hoc</span> <span class='ocrx_word' id='word_1_207' title='bbox 931 2922 994 3002; x_wconf 88' lang='lat' dir='ltr'>est,</span> <span class='ocrx_word' id='word_1_208' title='bbox 1019 2942 1085 2983; x_wconf 93' lang='lat' dir='ltr'>non</span> <span class='ocrx_word' id='word_1_209' title='bbox 1106 2923 1142 2983; x_wconf 92' lang='lat' dir='ltr'>ut</span> <span class='ocrx_word' id='word_1_210' title='bbox 1164 2918 1231 2982; x_wconf 85' lang='lat' dir='ltr'>sive</span> 
     </span>
     <span class='ocr_line' id='line_1_25' title="bbox 82 3026 1230 3113; baseline 0.002 -24"><span class='ocrx_word' id='word_1_211' title='bbox 82 3026 211 3090; x_wconf 84' lang='lat' dir='ltr'>iuvenis</span> <span class='ocrx_word' id='word_1_212' title='bbox 227 3027 293 3090; x_wconf 88' lang='lat' dir='ltr'>sive</span> <span class='ocrx_word' id='word_1_213' title='bbox 308 3049 405 3092; x_wconf 83' lang='lat' dir='ltr'>senex</span> <span class='ocrx_word' id='word_1_214' title='bbox 427 3027 552 3092; x_wconf 89' lang='lat' dir='ltr'>dicatur</span> <span class='ocrx_word' id='word_1_215' title='bbox 574 3029 627 3113; x_wconf 93' lang='lat' dir='ltr'>qui</span> <span class='ocrx_word' id='word_1_216' title='bbox 644 3028 795 3113; x_wconf 86' lang='lat' dir='ltr'>imperet,</span> <span class='ocrx_word' id='word_1_217' title='bbox 821 3029 875 3094; x_wconf 92' lang='lat' dir='ltr'>sed</span> <span class='ocrx_word' id='word_1_218' title='bbox 898 3033 934 3093; x_wconf 93' lang='lat' dir='ltr'>ut</span> <span class='ocrx_word' id='word_1_219' title='bbox 955 3029 1140 3112; x_wconf 89' lang='lat' dir='ltr'>imperator,</span> <span class='ocrx_word' id='word_1_220' title='bbox 1164 3028 1230 3092; x_wconf 90' lang='lat' dir='ltr'>sive</span> 
     </span>
     <span class='ocr_line' id='line_1_26' title="bbox 83 3136 1228 3222; baseline 0.003 -23"><span class='ocrx_word' id='word_1_221' title='bbox 83 3137 114 3199; x_wconf 89' lang='lat' dir='ltr'>is</span> <span class='ocrx_word' id='word_1_222' title='bbox 147 3136 271 3201; x_wconf 81' lang='lat' dir='ltr'>iuvenis</span> <span class='ocrx_word' id='word_1_223' title='bbox 303 3143 351 3203; x_wconf 90' lang='lat' dir='ltr'>est</span> <span class='ocrx_word' id='word_1_224' title='bbox 383 3142 419 3202; x_wconf 89' lang='lat' dir='ltr'>ut</span> <span class='ocrx_word' id='word_1_225' title='bbox 451 3139 514 3202; x_wconf 90' lang='lat' dir='ltr'>fuit</span> <span class='ocrx_word' id='word_1_226' title='bbox 546 3138 684 3222; x_wconf 82' lang='lat' dir='ltr'>Xerxes,</span> <span class='ocrx_word' id='word_1_227' title='bbox 719 3140 795 3203; x_wconf 73' lang='lat' dir='ltr'>sive&#39;</span> <span class='ocrx_word' id='word_1_228' title='bbox 819 3161 915 3203; x_wconf 86' lang='lat' dir='ltr'>senex</span> <span class='ocrx_word' id='word_1_229' title='bbox 943 3142 979 3202; x_wconf 92' lang='lat' dir='ltr'>ut</span> <span class='ocrx_word' id='word_1_230' title='bbox 1006 3138 1228 3203; x_wconf 75' lang='lat' dir='ltr'>Archidamus</span> 
     </span>
     <span class='ocr_line' id='line_1_27' title="bbox 81 3245 1231 3334; baseline 0.002 -25"><span class='ocrx_word' id='word_1_231' title='bbox 81 3245 171 3310; x_wconf 89' lang='lat' dir='ltr'>Nam</span> <span class='ocrx_word' id='word_1_232' title='bbox 194 3250 227 3310; x_wconf 89' lang='lat' dir='ltr'>et</span> <span class='ocrx_word' id='word_1_233' title='bbox 248 3269 376 3311; x_wconf 89' lang='lat' dir='ltr'>sensum</span> <span class='ocrx_word' id='word_1_234' title='bbox 403 3253 517 3332; x_wconf 90' lang='lat' dir='ltr'>poetae</span> <span class='ocrx_word' id='word_1_235' title='bbox 546 3252 578 3312; x_wconf 90' lang='lat' dir='ltr'>et</span> <span class='ocrx_word' id='word_1_236' title='bbox 607 3249 672 3312; x_wconf 88' lang='lat' dir='ltr'>vim</span> <span class='ocrx_word' id='word_1_237' title='bbox 693 3250 793 3329; x_wconf 74' lang='lat' dir='ltr'>mede</span> <span class='ocrx_word' id='word_1_238' title='bbox 815 3248 979 3334; x_wconf 87' lang='lat' dir='ltr'>participii</span> <span class='ocrx_word' id='word_1_239' title='bbox 1001 3248 1111 3312; x_wconf 89' lang='lat' dir='ltr'>licebit</span> <span class='ocrx_word' id='word_1_240' title='bbox 1133 3249 1231 3312; x_wconf 86' lang='lat' dir='ltr'>etiam</span> 
     </span>
     <span class='ocr_line' id='line_1_28' title="bbox 82 3350 1229 3442; baseline 0.002 -23"><span class='ocrx_word' id='word_1_241' title='bbox 82 3355 276 3440; x_wconf 85' lang='lat' dir='ltr'>explicatius</span> <span class='ocrx_word' id='word_1_242' title='bbox 299 3357 344 3421; x_wconf 87' lang='lat' dir='ltr'>sic</span> <span class='ocrx_word' id='word_1_243' title='bbox 366 3350 589 3442; x_wconf 88' lang='lat' dir='ltr'>interpretari:</span> <span class='ocrx_word' id='word_1_244' title='bbox 618 3359 720 3442; x_wconf 75' lang='lat' dir='ltr'>‘quod</span> <span class='ocrx_word' id='word_1_245' title='bbox 742 3358 806 3422; x_wconf 86' lang='lat' dir='ltr'>dux</span> <span class='ocrx_word' id='word_1_246' title='bbox 827 3381 921 3423; x_wconf 91' lang='lat' dir='ltr'>nemo</span> <span class='ocrx_word' id='word_1_247' title='bbox 943 3358 1084 3440; x_wconf 90' lang='lat' dir='ltr'>hostilis,</span> <span class='ocrx_word' id='word_1_248' title='bbox 1114 3358 1180 3422; x_wconf 86' lang='lat' dir='ltr'>sive</span> <span class='ocrx_word' id='word_1_249' title='bbox 1203 3357 1229 3421; x_wconf 88' lang='lat' dir='ltr'>is</span> 
     </span>
     <span class='ocr_line' id='line_1_29' title="bbox 80 3465 1230 3553; baseline 0.001 -23"><span class='ocrx_word' id='word_1_250' title='bbox 80 3468 122 3530; x_wconf 91' lang='lat' dir='ltr'>nt</span> <span class='ocrx_word' id='word_1_251' title='bbox 147 3465 270 3531; x_wconf 83' lang='lat' dir='ltr'>Xerxes</span> <span class='ocrx_word' id='word_1_252' title='bbox 298 3467 472 3532; x_wconf 87' lang='lat' dir='ltr'>iuventutis</span> <span class='ocrx_word' id='word_1_253' title='bbox 500 3470 612 3533; x_wconf 89' lang='lat' dir='ltr'>robore</span> <span class='ocrx_word' id='word_1_254' title='bbox 642 3469 844 3553; x_wconf 90' lang='lat' dir='ltr'>superbiens,</span> <span class='ocrx_word' id='word_1_255' title='bbox 877 3470 943 3533; x_wconf 87' lang='lat' dir='ltr'>sive</span> <span class='ocrx_word' id='word_1_256' title='bbox 975 3472 1070 3532; x_wconf 81' lang='lat' dir='ltr'>exuta</span> <span class='ocrx_word' id='word_1_257' title='bbox 1098 3467 1230 3531; x_wconf 87' lang='lat' dir='ltr'>iuvenili</span> 
     </span>
     <span class='ocr_line' id='line_1_30' title="bbox 80 3577 1229 3664; baseline 0 -22"><span class='ocrx_word' id='word_1_258' title='bbox 80 3577 207 3642; x_wconf 89' lang='lat' dir='ltr'>ferocia</span> <span class='ocrx_word' id='word_1_259' title='bbox 235 3578 398 3662; x_wconf 88' lang='lat' dir='ltr'>propriam</span> <span class='ocrx_word' id='word_1_260' title='bbox 427 3580 601 3644; x_wconf 86' lang='lat' dir='ltr'>senectutis</span> <span class='ocrx_word' id='word_1_261' title='bbox 630 3579 824 3664; x_wconf 85' lang='lat' dir='ltr'>gravitatem</span> <span class='ocrx_word' id='word_1_262' title='bbox 847 3579 1132 3664; x_wconf 88' lang='lat' dir='ltr'>auctoritatemque</span> <span class='ocrx_word' id='word_1_263' title='bbox 1157 3600 1229 3642; x_wconf 88' lang='lat' dir='ltr'>oon-</span> 
     </span>
     <span class='ocr_line' id='line_1_31' title="bbox 80 3688 1229 3775; baseline 0 -23"><span class='ocrx_word' id='word_1_264' title='bbox 80 3691 212 3752; x_wconf 86' lang='lat' dir='ltr'>secutus</span> <span class='ocrx_word' id='word_1_265' title='bbox 234 3692 270 3752; x_wconf 92' lang='lat' dir='ltr'>ut</span> <span class='ocrx_word' id='word_1_266' title='bbox 292 3688 520 3773; x_wconf 79' lang='lat' dir='ltr'>Archidamus,</span> <span class='ocrx_word' id='word_1_267' title='bbox 550 3712 700 3775; x_wconf 92' lang='lat' dir='ltr'>umquam</span> <span class='ocrx_word' id='word_1_268' title='bbox 723 3691 930 3775; x_wconf 66' lang='lat' dir='ltr'>exstinguet?</span> <span class='ocrx_word' id='word_1_269' title='bbox 981 3690 1019 3754; x_wconf 92' lang='lat' dir='ltr'>Id</span> <span class='ocrx_word' id='word_1_270' title='bbox 1048 3689 1148 3775; x_wconf 86' lang='lat' dir='ltr'>igitur</span> <span class='ocrx_word' id='word_1_271' title='bbox 1175 3711 1229 3774; x_wconf 91' lang='lat' dir='ltr'>ap·</span> 
     </span>
     <span class='ocr_line' id='line_1_32' title="bbox 79 3798 1229 3885; baseline 0.001 -24"><span class='ocrx_word' id='word_1_272' title='bbox 79 3802 192 3882; x_wconf 88' lang='lat' dir='ltr'>paret,</span> <span class='ocrx_word' id='word_1_273' title='bbox 225 3798 252 3862; x_wconf 90' lang='lat' dir='ltr'>si</span> <span class='ocrx_word' id='word_1_274' title='bbox 286 3803 387 3863; x_wconf 87' lang='lat' dir='ltr'>semet</span> <span class='ocrx_word' id='word_1_275' title='bbox 420 3800 520 3885; x_wconf 85' lang='lat' dir='ltr'>digna</span> <span class='ocrx_word' id='word_1_276' title='bbox 552 3799 696 3864; x_wconf 89' lang='lat' dir='ltr'>oratione</span> <span class='ocrx_word' id='word_1_277' title='bbox 729 3801 776 3864; x_wconf 91' lang='lat' dir='ltr'>uti</span> <span class='ocrx_word' id='word_1_278' title='bbox 804 3804 898 3884; x_wconf 90' lang='lat' dir='ltr'>poeta</span> <span class='ocrx_word' id='word_1_279' title='bbox 925 3799 1038 3883; x_wconf 79' lang='lat' dir='ltr'>vellet,</span> <span class='ocrx_word' id='word_1_280' title='bbox 1072 3821 1139 3863; x_wconf 90' lang='lat' dir='ltr'>non</span> <span class='ocrx_word' id='word_1_281' title='bbox 1166 3799 1229 3862; x_wconf 89' lang='lat' dir='ltr'>dici</span> 
     </span>
     <span class='ocr_line' id='line_1_33' title="bbox 78 3908 1229 3994; baseline 0.001 -21"><span class='ocrx_word' id='word_1_282' title='bbox 78 3908 163 3973; x_wconf 87' lang='lat' dir='ltr'>satis</span> <span class='ocrx_word' id='word_1_283' title='bbox 185 3908 340 3993; x_wconf 83' lang='lat' dir='ltr'>languido</span> <span class='ocrx_word' id='word_1_284' title='bbox 369 3911 529 3990; x_wconf 82' lang='grc' dir='ltr'>(ημαίνων</span> <span class='ocrx_word' id='word_1_285' title='bbox 558 3910 729 3994; x_wconf 90' lang='lat' dir='ltr'>participio</span> <span class='ocrx_word' id='word_1_286' title='bbox 736 3910 760 3994; x_wconf 73' lang='lat'>,⁹</span> <span class='ocrx_word' id='word_1_287' title='bbox 777 3908 832 3975; x_wconf 88' lang='lat' dir='ltr'>scd</span> <span class='ocrx_word' id='word_1_288' title='bbox 860 3931 994 3975; x_wconf 86' lang='lat' dir='ltr'>nervoso</span> <span class='ocrx_word' id='word_1_289' title='bbox 1023 3910 1229 3990; x_wconf 79' lang='grc' dir='ltr'>(ημὰντωρ</span> 
     </span>
     <span class='ocr_line' id='line_1_34' title="bbox 77 4017 1229 4104; baseline -0.003 -19"><span class='ocrx_word' id='word_1_290' title='bbox 77 4018 288 4085; x_wconf 84' lang='lat' dir='ltr'>substantivo</span> <span class='ocrx_word' id='word_1_291' title='bbox 320 4017 514 4103; x_wconf 84' lang='lat' dir='ltr'>oportuisse,</span> <span class='ocrx_word' id='word_1_292' title='bbox 554 4021 641 4085; x_wconf 87' lang='lat' dir='ltr'>cuius</span> <span class='ocrx_word' id='word_1_293' title='bbox 679 4020 757 4084; x_wconf 91' lang='lat' dir='ltr'>illud</span> <span class='ocrx_word' id='word_1_294' title='bbox 789 4042 875 4084; x_wconf 92' lang='lat' dir='ltr'>nunc</span> <span class='ocrx_word' id='word_1_295' title='bbox 908 4018 1229 4104; x_wconf 87' lang='lat' dir='ltr'>interpretamentum</span> 
     </span>
     <span class='ocr_line' id='line_1_35' title="bbox 76 4128 1227 4216; baseline 0 -24"><span class='ocrx_word' id='word_1_296' title='bbox 76 4128 231 4210; x_wconf 88' lang='lat' dir='ltr'>habetur,</span> <span class='ocrx_word' id='word_1_297' title='bbox 254 4134 444 4214; x_wconf 86' lang='lat' dir='ltr'>praestoque</span> <span class='ocrx_word' id='word_1_298' title='bbox 465 4131 563 4195; x_wconf 90' lang='lat' dir='ltr'>fuisse</span> <span class='ocrx_word' id='word_1_299' title='bbox 586 4135 699 4214; x_wconf 87' lang='lat' dir='ltr'>poetae</span> <span class='ocrx_word' id='word_1_300' title='bbox 722 4133 890 4216; x_wconf 86' lang='grc' dir='ltr'>φιλομήρῳ</span> <span class='ocrx_word' id='word_1_301' title='bbox 913 4152 1022 4194; x_wconf 84' lang='lat' dir='ltr'>versus</span> <span class='ocrx_word' id='word_1_302' title='bbox 1044 4129 1227 4194; x_wconf 90' lang='lat' dir='ltr'>notissimos</span> 
     </span>
     <span class='ocr_line' id='line_1_36' title="bbox 74 4237 1228 4340; baseline -0.002 -36"><span class='ocrx_word' id='word_1_303' title='bbox 74 4239 193 4304; x_wconf 86' lang='lat' dir='ltr'>Iliadis</span> <span class='ocrx_word' id='word_1_304' title='bbox 215 4237 274 4320; x_wconf 82' lang='lat' dir='ltr'>IV,</span> <span class='ocrx_word' id='word_1_305' title='bbox 297 4240 362 4304; x_wconf 77' lang='lat'>429</span> <span class='ocrx_word' id='word_1_306' title='bbox 382 4242 491 4306; x_wconf 84' lang='grc' dir='ltr'>κέλευε</span> <span class='ocrx_word' id='word_1_307' title='bbox 514 4243 549 4306; x_wconf 78' lang='grc' dir='ltr'>δὲ</span> <span class='ocrx_word' id='word_1_308' title='bbox 571 4242 652 4307; x_wconf 77' lang='grc' dir='ltr'>οἷον</span> <span class='ocrx_word' id='word_1_309' title='bbox 675 4243 804 4306; x_wconf 69' lang='lat' dir='ltr'>teucro(</span> <span class='ocrx_word' id='word_1_310' title='bbox 824 4241 1005 4319; x_wconf 86' lang='grc' dir='ltr'>ἡγεμόνων,</span> <span class='ocrx_word' id='word_1_311' title='bbox 1028 4240 1058 4304; x_wconf 87' lang='grc' dir='ltr'>οἱ</span> <span class='ocrx_word' id='word_1_312' title='bbox 1080 4242 1114 4303; x_wconf 84' lang='lat' dir='ltr'>b&#39;</span> <span class='ocrx_word' id='word_1_313' title='bbox 1135 4240 1228 4340; x_wconf 81' lang='grc' dir='ltr'>ἄλλοι</span> 
     </span>
    </p>
   </div>
   <div class='ocr_carea' id='block_1_3' title="bbox 71 4348 1227 4516">
    <p class='ocr_par' dir='ltr' id='par_1_3' title="bbox 71 4348 1227 4516">
     <span class='ocr_line' id='line_1_37' title="bbox 71 4348 1227 4435; baseline -0.005 -19"><span class='ocrx_word' id='word_1_314' title='bbox 71 4351 161 4429; x_wconf 84' lang='grc' dir='ltr'>ἀκὴν</span> <span class='ocrx_word' id='word_1_315' title='bbox 184 4348 255 4414; x_wconf 78' lang='lat' dir='ltr'>icor</span> <span class='ocrx_word' id='word_1_316' title='bbox 279 4398 285 4412; x_wconf 95' lang='lat'><strong>.</strong></span> <span class='ocrx_word' id='word_1_317' title='bbox 309 4400 315 4413; x_wconf 93' lang='lat'><strong>.</strong></span> <span class='ocrx_word' id='word_1_318' title='bbox 339 4399 345 4413; x_wconf 90' lang='lat'><strong>.</strong></span> <span class='ocrx_word' id='word_1_319' title='bbox 369 4357 436 4433; x_wconf 79' lang='grc' dir='ltr'>(ιγῇ</span> <span class='ocrx_word' id='word_1_320' title='bbox 458 4353 610 4416; x_wconf 61' lang='grc' dir='ltr'>δειδιότες</span> <span class='ocrx_word' id='word_1_321' title='bbox 633 4353 836 4430; x_wconf 80' lang='grc' dir='ltr'>εημάντορα(</span> <span class='ocrx_word' id='word_1_322' title='bbox 857 4350 908 4414; x_wconf 84' lang='lat' dir='ltr'>vel</span> <span class='ocrx_word' id='word_1_323' title='bbox 938 4351 1068 4435; x_wconf 88' lang='lat' dir='ltr'>siquae</span> <span class='ocrx_word' id='word_1_324' title='bbox 1091 4352 1165 4412; x_wconf 84' lang='lat' dir='ltr'>sunt</span> <span class='ocrx_word' id='word_1_325' title='bbox 1188 4349 1227 4412; x_wconf 85' lang='lat' dir='ltr'>si·</span> 
     </span>
     <span class='ocr_line' id='line_1_38' title="bbox 959 4453 1024 4516; baseline 0.031 -2"><span class='ocrx_word' id='word_1_326' title='bbox 959 4453 1024 4516; x_wconf 80' lang='grc'>26*</span> 
     </span>
    </p>
   </div>
   <div class='ocr_carea' id='block_1_4' title="bbox 0 0 1478 4996">
    <p class='ocr_par' dir='ltr' id='par_1_4' title="bbox 0 0 1478 4996">
     <span class='ocr_line' id='line_1_39' title="bbox 0 0 1478 4996; baseline 0 3"><span class='ocrx_word' id='word_1_327' title='bbox 0 0 1478 4996; x_wconf 95' lang='lat' dir='ltr'> </span> 
     </span>
    </p>
   </div>
  </div>
 </body>
</html>
