2948 4996
238 322 302 389 404
554 337 600 386 oa
623 336 773 388 clnrrco
797 336 1003 390 sornocnao

198 482 200 484 ⁵
239 494 328 558 milia
351 493 546 579 exempla.*)
591 493 686 558 Nunc
708 497 815 557 autem
839 514 910 558 cum
931 492 992 574 his,
1016 514 1097 577 quae
1119 491 1173 557 via
1196 515 1234 559 ae
1256 495 1371 560 ratione

240 627 277 668 ex
300 604 469 668 obscurata
490 604 644 668 librorum
666 604 819 668 memoria
841 603 960 667 eruisse
982 602 1075 667 nobis
1096 603 1256 670 videmur:

482 758 520 822 τὸ
542 759 599 835 μέν
621 778 667 822 τι(
690 758 854 836 ἀκμαῖος
878 757 952 822 οὔτε
973 758 1096 836 γηρά(

482 869 688 947 (ημάντωρ
710 867 837 932 aarum
858 869 925 947 χερὶ
947 869 1065 946 πέρεα(
1079 894 1114 901 -

239 1041 388 1103 compara
411 1019 490 1083 mihi
512 1041 629 1103 quaeso
652 1018 853 1082 incredibilia
875 1018 948 1100 illa,
978 1041 1060 1103 quae
1086 1042 1200 1103 pamm
1223 1020 1380 1106 locuplete

225 1131 287 1194 uel
311 1132 439 1193 auctore
461 1129 512 1193 vel
536 1129 706 1213 impulsore
721 1127 886 1192 Nauckins
909 1150 1011 1212 nuper
1032 1130 1234 1213 periclitatus
1257 1135 1306 1194 est
1329 1155 1382 1195 au-

237 1240 415 1304 dacissime.
460 1237 662 1323 Hartungius
686 1238 865 1303 enimcum
891 1239 926 1302 in
954 1239 1029 1305 οὔτε
1056 1242 1173 1321 νεαρὸς
1200 1242 1383 1324 suspicatus

238 1354 321 1414 esset-
343 1350 415 1415 οὔτ’
438 1349 516 1429 apoc
539 1350 649 1430 latere,
674 1348 750 1412 hinc
772 1348 826 1412 ille
849 1349 945 1412 nimis
961 1350 1106 1414 credulus
1121 1352 1286 1433 profectus
1302 1353 1384 1415 talia

237 1464 350 1544 poetae
374 1458 583 1524 coniectando
605 1458 734 1522 tribuit:
766 1461 803 1524 τὸ
831 1461 888 1538 μέν
917 1480 962 1524 ut
990 1460 1073 1524 οὔτ’
1103 1460 1197 1539 ἦρος
1228 1463 1315 1527 οὔτ’
1340 1465 1383 1529 ἐν

239 1571 320 1655 ὥρᾳ
343 1572 550 1650 χειμώνων
574 1570 701 1635 <illuster
723 1591 750 1632 e.
775 1591 805 1652 q.
830 1592 855 1632 s.
900 1568 1025 1632 Hocine
1047 1591 1122 1634 vero
1145 1575 1194 1633 est
1209 1572 1384 1636 emendare

237 1681 407 1764 scriptores
430 1702 472 1743 an
495 1683 527 1743 et
549 1678 658 1742 ludere
679 1679 815 1743 lectores
837 1679 918 1743 etin
939 1679 1111 1743 ludibrium
1127 1680 1262 1744 aliorum
1279 1688 1385 1747 artem

237 1794 379 1853 nostram
402 1811 528 1854 omnem
551 1788 698 1853 vertere?
741 1788 786 1853 Et
812 1793 848 1852 ut
877 1790 910 1853 in
938 1790 1008 1872 ipsa
1037 1790 1198 1853 sententia
1221 1813 1386 1857 moremur

236 1922 423 1984 parumper,
452 1921 643 1983 umquamne
671 1900 837 1984 quisquam
864 1899 962 1962 fando
990 1899 1148 1963 inaudivit
1175 1901 1225 1963 vel
1252 1901 1385 1967 facilius

237 2014 292 2073 aut
314 2010 475 2073 difficilius
497 2010 547 2073 vel
569 2009 716 2072 usitatius
739 2013 795 2072 aut
816 2009 999 2073 inusitatius
1020 2031 1118 2074 verno
1133 2031 1229 2094 quam
1244 2010 1384 2077 hiberno

236 2124 379 2203 ternpore
399 2120 564 2184 arboribus
587 2120 653 2183 sive
675 2119 825 2182 iniuriam
847 2119 915 2182 fieri
939 2120 1004 2183 sive
1028 2120 1159 2184 exitium
1181 2123 1320 2203 parari?

198 2244 213 2291 x
319 2208 463 2295 Tertium
496 2231 675 2314 exemplum
709 2229 944 2312 discrepantiae
976 2230 1128 2294 metricae
1162 2229 1201 2293 ad
1231 2253 1270 2294 ca
1301 2256 1384 2317 quae

236 2342 445 2426 insequuntur
467 2340 617 2424 pertinet.
663 2339 726 2404 Vbi
756 2361 827 2403 cum
849 2342 905 2403 aut
926 2339 1009 2403 desit
1030 2340 1065 2403 in
1088 2340 1295 2423 antistropha
1318 2366 1383 2406 una

236 2451 360 2534 syllaba
388 2455 443 2514 aut
472 2451 506 2514 in
532 2450 663 2534 stropha
691 2449 862 2531 redundet,
892 2450 959 2513 illic
986 2449 1114 2533 quidem
1138 2450 1259 2533 aliquid
1283 2452 1382 2516 inter-

237 2561 351 2625 cidisse
385 2564 473 2624 ratus
501 2560 659 2644 Bergkius
693 2582 763 2623 cum
798 2559 838 2622 ad
871 2559 1017 2622 Triclinii
1050 2560 1242 2643 scripturam
1276 2585 1381 2643 παρα-

235 2673 422 2752 πεπταμένα
443 2671 538 2734 rediit
560 2671 654 2733 unius
673 2669 800 2733 litterae
816 2670 997 2733 accessione
1014 2692 1200 2734 conversam
1215 2672 1249 2735 in
1265 2695 1380 2752 παραι-

236 2784 434 2862 πεπταμένα,
457 2774 585 2864 prorsus
608 2803 673 2844 non
690 2779 890 2864 intellegitur
904 2779 978 2864 quid
994 2781 1125 2844 tandem
1147 2782 1233 2862 χερεί
1248 2783 1380 2846 nomine

235 2893 351 2975 faciat,
382 2891 463 2976 quod
492 2891 619 2975 quidem
649 2913 720 2954 curn
749 2892 966 2971 παράπτεεθαι
994 2891 1082 2955 verbi
1108 2891 1283 2974 participio
1307 2915 1379 2957 con-

235 3007 391 3066 structum
422 3024 490 3065 esse
518 3001 627 3064 subtili
655 3000 772 3064 iudicio
800 3002 920 3085 primus
944 3000 1205 3065 Schneidewinus
1227 3004 1378 3086 pervidit.

236 3113 355 3177 Contra
378 3113 413 3177 in
435 3111 596 3195 strophieo
616 3133 708 3175 versu
730 3112 858 3176 subesse
881 3111 994 3174 vitium
1015 3110 1174 3174 Porsonus
1197 3111 1379 3195 suspicatus

235 3247 273 3287 ex
303 3225 450 3289 εἰεαιέν
480 3245 498 3285 a
526 3244 560 3285 se
589 3221 735 3285 effectum
764 3222 847 3287 αἰέν
876 3221 1048 3285 editoribus
1076 3225 1150 3304 post
1171 3243 1206 3284 se
1228 3224 1379 3288 omnibus

234 3334 426 3398 mirabiliter
448 3332 606 3417 probavit.
651 3331 732 3406 Quid
755 3332 885 3395 autem?
912 3331 1026 3395 hocine
1054 3332 1132 3394 artis
1156 3335 1215 3414 est,
1246 3333 1282 3397 in
1307 3335 1378 3398 sinr-

235 3445 350 3528 plicern
373 3448 406 3507 et
427 3443 540 3507 tritam
563 3464 633 3506 cum
656 3442 791 3505 formam
814 3446 882 3504 tum
904 3442 1068 3505 notionem
1083 3445 1208 3505 mutare
1223 3445 1379 3508 rariorem

234 3553 483 3637 fortioremque?
527 3552 770 3616 Recordandum
798 3555 867 3616 erat
895 3553 1015 3636 potius,
1045 3553 1191 3636 quotiens
1220 3554 1380 3636 pristinae

302 3818 326 3882 ³³)
345 3817 433 3884 [dimo
456 3814 678 3870 miverbchtlichc
702 3814 796 3871 Str'itae
816 3817 860 3870 fur
880 3814 923 3872 die
942 3813 1002 3872 hier
1023 3813 1184 3886 getbrderte
1206 3815 1381 3890 Aenderung

234 3907 283 3963 des
301 3909 497 3964 tiberlieferten
515 3910 658 3978 (ημαίνων
676 3908 872 3979 ἱιιιεημάντωρ
890 3911 979 3965 bietet
996 3911 1044 3966 der
1062 3911 1132 3965 Vers
1151 3911 1220 3965 Ocd.
1234 3913 1302 3982 Tyr.
1322 3922 1381 3977 957,

233 4019 276 4056 wo
299 4002 337 4055 im
360 4002 448 4057 Texta
472 4003 520 4056 des
543 4003 745 4057 Laurentianus
769 4006 893 4071 (ημὴναε
913 4003 979 4058 oder
997 4004 1131 4058 viclnrehr
1148 4007 1276 4070 (ημὰναε
1295 4007 1381 4071 steht,

234 4097 303 4150 aber
320 4096 371 4149 mit
389 4097 439 4150 der
458 4096 555 4150 Glosse
573 4114 615 4164 γρ.
628 4098 787 4165 (ημάντωρ,
806 4098 909 4151 welche
922 4098 1036 4151 latztere
1048 4097 1147 4150 Lesurt
1165 4097 1207 4150 als
1227 4097 1275 4152 die
1294 4099 1381 4153 allcin

234 4188 351 4258 richtige
369 4189 580 4257 nachgewiesen
598 4189 711 4243 worden
728 4190 765 4243 ist
783 4208 837 4244 von
855 4192 887 4243 A.
906 4189 1003 4242 Nauck
1020 4188 1048 4240 in
1067 4189 1162 4244 diesen
1180 4190 1381 4245 Jahrbfichem

235 4280 434 4349 obenp.164.’
460 4281 556 4335 Verba
574 4284 638 4336 sunt
656 4283 835 4348 Fleckeiseni‚
854 4283 953 4349 quibus
972 4299 1116 4336 censuram
1135 4284 1245 4351 opellae
1264 4287 1382 4338 nostrae

234 4388 251 4423 a
263 4357 301 4424 'n
322 4373 431 4440 liugero
451 4376 581 4443 seriptum
601 4378 678 4429 aurit
694 4376 839 4430 Annalium
859 4393 969 4429 suorum
989 4376 1041 4428 vol.
1060 4383 1093 4429 85
1112 4382 1146 4443 (a.
1162 4380 1238 4435 1862)
1258 4395 1287 4446 p.
1308 4380 1381 4446 352]
