2924 4996
241 360 304 422 492
508 377 555 421 na
578 376 806 423 airaupauurs
830 375 1124 436 aurrovrrarravs

174 508 178 518 ,
242 531 458 612 exemplorum
494 549 641 591 numero:
679 531 715 590 ut
743 529 823 591 mira
857 530 994 612 quadam
1028 538 1061 593 et
1091 531 1321 613 aequabilitate
1352 539 1382 596 et

242 641 397 703 varietate
425 638 474 702 vel
503 638 609 720 potius
637 639 795 720 aequabili
825 639 979 703 varietate
1007 662 1063 723 per
1086 641 1235 704 binorum
1256 643 1380 706 testium

243 752 326 813 inter
355 771 388 812 se
413 748 664 831 discrepantium
696 750 882 812 memoriam
915 750 993 813 fides
1020 751 1188 814 verborum
1219 751 1381 836 Dionysia·

242 881 355 922 norum
376 863 539 942 tamquam
563 858 677 921 diffusa
700 859 751 922 sit.
787 860 875 934 Quod
899 862 1034 943 apparet
1055 883 1121 924 non
1144 883 1239 944 posse
1264 863 1380 926 nonin

242 992 354 1033 caussa
377 991 455 1050 csse,
481 990 536 1031 cur
558 968 683 1051 saepius
706 991 800 1051 quam
823 970 919 1032 velles
947 970 1079 1034 fluctuet
1107 971 1259 1035 iudicium
1287 974 1380 1057 deque

173 1099 174 1103 ’
242 1080 349 1142 maltis
382 1078 548 1161 scripturis
577 1079 610 1141 iu
638 1082 805 1162 utramque
839 1083 962 1162 partem
990 1081 1146 1164 disputari
1180 1083 1284 1165 possit
1316 1085 1379 1166 pari

242 1188 478 1273 probabilitate.
524 1189 642 1263 Quodsi
672 1189 705 1251 in
728 1189 794 1252 cius
818 1190 902 1253 modi
926 1190 1003 1254 locis
1025 1191 1196 1255 maluimus
1225 1194 1379 1258 10100111-

242 1301 324 1364 siani
358 1322 452 1382 quam
481 1299 649 1362 Vrbiuatis
683 1300 907 1363 auctoritatem
937 1301 1041 1384 sequi,
1071 1324 1135 1365 uon
1164 1303 1300 1366 fecimus
1327 1304 1379 1367 hoc

242 1411 373 1493 iccirco,
398 1409 480 1492 quod
504 1431 574 1472 cum
599 1416 627 1472 B
648 1432 729 1472 rinus
752 1413 879 1472 tanturn
908 1418 942 1489 V,
967 1434 1037 1475 cum
1060 1419 1086 1474 A
1112 1416 1178 1476 tres
1202 1413 1380 1497 pleramque

242 1521 315 1584 libri
345 1526 424 1584 CDP
449 1520 629 1583 consentire
658 1520 778 1602 solent,
813 1521 867 1583 sed
897 1521 1076 1604 graviorem
1110 1523 1270 1586 rationem
1303 1523 1378 1586 hano

242 1630 420 1713 habuimus,
445 1631 538 1714 quod,
562 1631 624 1693 nisi
647 1634 757 1693 nostra
780 1654 838 1693 nos
861 1631 995 1714 suspitio
1018 1631 1117 1714 fallit,
1143 1632 1287 1697 Vrbinas
1307 1635 1379 1697 liber

242 1764 307 1805 non
336 1742 456 1804 indocti
485 1762 616 1804 manum
647 1743 834 1804 correctoris
858 1744 1005 1824 expertus
1029 1745 1091 1804 est:
1116 1744 1221 1825 qualis
1244 1745 1379 1808 recensio

243 1852 335 1914 simul
351 1856 446 1934 atque
461 1852 509 1914 vel
527 1873 699 1934 paucorum
723 1853 937 1934 exemplorum
960 1874 1025 1914 uon
1046 1851 1219 1917 fallacibus
1242 1855 1378 1938 vestigiis

243 1985 276 2024 se
306 1961 495 2044 prodiderit,
530 1961 604 2024 sciri
636 1962 748 2044 nequit
775 1984 870 2045 quarn
898 1963 963 2025 late
991 1962 1141 2044 patuerit.
1188 1964 1378 2049 Quamquam

242 2072 408 2135 fatendum
443 2075 492 2135 est
519 2076 551 2134 et
578 2070 659 2134 tales
689 2093 756 2134 esse
785 2072 896 2135 harum
926 2072 1079 2155 quasdam
1112 2073 1291 2156 scripturas
1298 2126 1307 2158 ,
1338 2079 1376 2155 nt,

243 2184 382 2246 etiamsi
406 2179 607 2245 coniecturae
630 2182 822 2264 debeantur,
847 2204 957 2244 omnes
972 2182 1006 2245 in
1022 2204 1054 2245 se
1070 2184 1218 2246 veritatis
1240 2208 1378 2248 numeros

243 2293 399 2374 babeant,
431 2297 463 2355 et
486 2292 550 2354 alia
578 2296 744 2375 praeterea
771 2291 957 2355 Vrbinatem
987 2293 1140 2376 praebere
1168 2295 1222 2357 vix
1251 2299 1320 2359 orta
1346 2318 1377 2358 er

244 2403 437 2484 coniectura,
462 2406 574 2485 suapte
597 2406 704 2465 autem
727 2405 842 2464 natura
864 2404 931 2464 tam
954 2403 1122 2486 exquisita,
1147 2408 1184 2467 ut
1207 2406 1293 2469 haud
1315 2407 1377 2469 hae

244 2513 379 2575 sitanter
402 2513 622 2595 receperimus,
657 2512 733 2575 Plus
756 2512 855 2595 igitur
878 2513 983 2575 valere
1005 2513 1044 2575 ad
1069 2508 1262 2597 Dionysium
1284 2539 1378 2579 emen-

243 2622 384 2685 dandum
412 2627 546 2704 apparet
573 2622 747 2706 diligenter
779 2644 952 2705 expensam
981 2623 1045 2685 vim
1074 2627 1106 2686 et
1134 2625 1296 2689 rationem
1324 2627 1377 2689 siu·

243 2732 391 2816 gularum
424 2754 495 2795 cum
527 2755 638 2796 vocum
671 2737 739 2795 turn
769 2733 1017 2814 sententiarum,
1055 2755 1150 2817 quam
1188 2737 1378 2819 exploratam

243 2843 421 2906 bonitatem
450 2844 603 2907 codicum.
660 2843 807 2907 Ceterum
840 2843 935 2907 facile
969 2843 1170 2927 intellegitur
1199 2869 1242 2909 ne
1271 2872 1289 2911 a
1316 2870 1377 2911 eon·

243 2955 353 3017 iuncta
375 2952 502 3037 quidem
525 2953 669 3017 chisiani
692 2953 922 3037 Vrbinatisque
950 2955 1149 3036 praestantia
1162 2970 1164 2972 ’
1179 2979 1309 3039 prorsus
1335 2980 1377 3020 er·

243 3065 377 3147 politum
407 3068 439 3126 et
465 3065 552 3127 velut
582 3064 726 3126 limatum
756 3064 945 3148 Dionysium
979 3065 1157 3148 exspectari
1188 3089 1300 3149 posse,
1333 3067 1377 3130 sed

243 3178 370 3257 praeter
398 3175 561 3257 graviores
590 3175 743 3258 quasdam
769 3175 910 3238 maculas
932 3176 1030 3238 veluti
1052 3175 1092 3239 ad
1116 3175 1286 3241 hominum
1309 3180 1378 3243 loco-

244 3307 374 3368 rumque
403 3285 533 3348 nomina
556 3288 739 3367 spectantes
761 3308 827 3348 non
850 3307 952 3367 pauca
975 3285 1023 3348 vel
1052 3287 1091 3348 ad
1115 3285 1315 3370 elegantiam
1336 3289 1378 3351 de·

243 3395 377 3458 siderari
400 3395 449 3458 vel
479 3394 518 3458 ad
541 3396 729 3459 elocutionis
758 3396 925 3459 lenitatem
948 3396 998 3458 rel
1026 3394 1066 3459 ad
1092 3395 1281 3464 intellectus
1309 3422 1379 3465 eom-

243 3506 446 3588 moditatem,
463 3528 529 3569 non
544 3506 707 3589 scriptoris
723 3506 800 3569 vitio
821 3505 876 3568 sed
898 3505 1110 3570 librariorum.
1134 3506 1175 3570 ln
1191 3531 1257 3591 quo
1273 3532 1380 3596 genere

244 3620 316 3698 post
338 3616 377 3678 a.
395 3615 594 3698 Stephanum
616 3638 717 3700 sagax
740 3619 868 3699 praeter
891 3621 1011 3678 ceteros
1033 3615 1288 3697 depravatorum
1303 3621 1380 3685 inda-

243 3729 338 3810 gatar
350 3726 498 3789 lteislrius
522 3726 655 3809 exstitit,
682 3726 884 3809 quantumvis
907 3726 957 3789 vel
979 3724 1106 3788 inutilia
1129 3726 1181 3789 vel
1206 3730 1381 3795 0111111111-

243 3836 313 3898 tilia
341 3839 427 3900 recte
457 3840 489 3899 et
516 3836 676 3899 subtiliter
708 3837 870 3900 adnotatis
903 3836 1049 3899 miscens.
1105 3834 1270 3903 Pauciora
1297 3864 1382 3925 qnam

243 3951 407 4030 exspectes
436 3946 606 4031 Sylburgio
634 3946 806 4029 Dionysius
834 3942 944 4009 debet:
974 3945 1026 4028 qui
1050 3967 1118 4008 cum
1144 3945 1251 4013 bonas
1276 3951 1383 4016 Veneti

243 4057 316 4119 libri
339 4057 523 4139 scripturas
548 4080 626 4140 quas
649 4057 760 4139 reponi
782 4057 965 4139 oportebat,
989 4056 1176 4138 plerumque
1200 4080 1385 4126 commemo-

242 4188 314 4228 rare
337 4167 415 4230 satis
437 4168 571 4250 habeat,
595 4190 660 4232 non
683 4168 762 4231 satis
785 4190 804 4230 a
827 4166 972 4249 principe
1001 4165 1146 4249 exemplo
1170 4168 1302 4236 diversa
1325 4173 1385 4256 syl-

243 4275 402 4360 burgiana
432 4277 529 4340 editio
558 4278 675 4359 evasit,
708 4300 801 4361 quam
831 4277 918 4341 cuius
941 4276 1167 4359 discrepantiis
1195 4281 1298 4360 plene
1321 4306 1387 4347 euo-

244 4386 351 4448 tarnlis
379 4388 539 4450 videretur
566 4410 680 4471 operae
709 4388 847 4471 pretimn
875 4387 953 4450 fieri.
1005 4387 1138 4450 Praeter
1172 4394 1387 4457 recentiorum
