2904 4996
587 1038 589 1042 ’
702 1088 940 1202 xxvii.
1020 1215 1024 1221 ,

328 1306 521 1400 Gelclrell
553 1307 748 1401 llcrmnnl
780 1307 823 1400 le
856 1309 897 1400 Α.
928 1308 970 1400 F.
1001 1308 1132 1402 llaekli
1161 1308 1305 1402 Schelle

628 1476 762 1570 criticis
792 1477 1012 1595 epicuree)

743 1699 894 1707 ..r-...0-

200 1830 230 1878 ΙΙΙ
334 1814 452 1878 [lexico
485 1818 518 1877 et
546 1815 685 1899 catalogi
718 1816 884 1899 quoniam,
918 1839 1013 1900 quam
1046 1818 1260 1881 necessarium
1286 1839 1364 1895 usum,

251 1929 316 1988 tam
340 1926 407 1988 fere
430 1925 552 1988 aridam
575 1925 746 1989 lectionem
767 1925 906 2009 habent,
937 1949 1007 1990 eum
1031 1927 1151 2011 aliquid
1175 1927 1235 1992 loci
1258 1927 1366 1992 floridio

250 2037 294 2099 ris
318 2036 631 2119 circumspiceremus
653 2035 737 2119 quod
759 2035 911 2120 hisquae
933 2037 1144 2121 insequuntur
1160 2040 1292 2123 pagellis
1305 2059 1366 2101 con·

252 2142 450 2209 mendationi
474 2149 573 2228 esset,
599 2145 760 2210 commode
788 2146 822 2209 in
840 2168 953 2210 manus
976 2146 1090 2211 incidit
1112 2149 1261 2212 volumen
1276 2149 1366 2232 epistu-

317 2378 341 2442 *)
361 2375 528 2443 [Praemisso
545 2375 748 2444 programmati
767 2374 926 2430 academico
941 2376 1081 2430 Bonnensi
1100 2376 1274 2430 celebrandis
1290 2373 1365 2429 natali·

250 2471 299 2522 ciis
317 2467 513 2537 augustissimi
532 2468 618 2537 Regis
630 2467 762 2522 Frideriei
776 2467 905 2523 Guilelmi
918 2468 956 2522 lv
975 2470 1106 2537 evulgato
1119 2487 1143 2523 u.
1159 2466 1364 2524 cruloccenr:

251 2581 305 2630 quo
323 2562 469 2617 fasciculus
488 2563 513 2615 ll
532 2561 689 2623 continetur
702 2561 845 2616 Antonii
863 2562 989 2616 Klettii
1007 2562 1099 2618 studio
1117 2564 1237 2618 confecti
1255 2558 1364 2627 ‘catalogi

251 2656 500 2725 chirographorum
522 2655 550 2708 in
569 2654 740 2709 bibliotheca
763 2654 924 2710 academica
940 2655 1080 2710 Bonnensi
1099 2658 1289 2712 servatornm'.
1319 2653 1364 2706 Eius

251 2748 380 2817 Catalogi
402 2748 533 2802 fasciculo
556 2748 582 2813 l,
610 2765 705 2815 quem,
737 2752 769 2801 ut
796 2748 903 2802 muneri
930 2748 1095 2817 professoris
1120 2751 1292 2818 eloquentiae
1316 2745 1363 2801 seth

250 2847 379 2908 facerem,
397 2860 449 2911 per
467 2841 583 2895 eandem
602 2840 776 2896 occasionem
794 2858 867 2895 anno
886 2840 1131 2896 eloroccctvru
1152 2843 1363 2908 eruderemus

251 2938 309 2988 tum
328 2936 473 3004 praefatus
492 2952 561 2999 sum,
579 2934 653 2988 infra
670 2934 802 3003 ponenda
820 2935 893 2988 duxi.

319 3028 526 3097 ‘Cogntantibus
544 3027 637 3093 nobis,
656 3028 808 3094 quantillae
827 3028 928 3083 sintin
947 3048 980 3084 eo
999 3045 1101 3097 genere
1121 3031 1198 3097 quod
1214 3030 1287 3084 libris
1302 3040 1361 3079 nene

252 3123 362 3192 scriptis
388 3122 545 3177 continetur
567 3121 693 3190 copiolae
715 3124 828 3177 nostrae
852 3122 1026 3188 BonnenseS,
1050 3126 1231 3192 comparatae
1252 3124 1308 3176 illae
1321 3115 1360 3185 ‹pi-

252 3218 315 3270 ‹lem
334 3217 370 3271 ad
393 3216 510 3270 aliarum
529 3214 761 3269 bibliothecarum
784 3217 828 3269 vel
845 3215 955 3270 felicem
978 3217 1137 3271 ubertatem
1160 3219 1205 3272 vel
1227 3215 1360 3271 mediocrem

252 3313 405 3374 hortunam,
433 3327 488 3363 uon
510 3310 636 3377 prolecto
659 3311 772 3377 praeter
799 3309 1035 3378 exspectationem
1053 3310 1175 3376 accidet,
1200 3311 1223 3364 si
1244 3309 1286 3378 qni
1304 3302 1360 3358 huns

252 3421 323 3470 quae
343 3402 469 3457 subiecta
487 3405 529 3455 est
547 3401 655 3471 opellae
673 3401 840 3456 tenuitatem
858 3402 947 3471 primo
966 3402 1101 3471 adspectu
1124 3404 1168 3473 yel
1192 3403 1285 3458 leniter
1299 3391 1359 3451 subri-

252 3497 339 3550 ‹lcant
355 3497 400 3549 vel
418 3494 563 3549 l'astidiose
581 3496 754 3549 miserentur.
786 3494 860 3559 Quos
878 3499 974 3549 tamen
992 3495 1136 3563 aliquanto
1156 3497 1257 3551 rectius
1273 3482 1359 3547 uenturi

252 3587 341 3643 nostri
360 3588 503 3643 consilium
522 3591 550 3642 et
568 3588 800 3656 interpretaturos
819 3592 848 3642 et
866 3589 1062 3643 aestimaturos
1081 3590 1254 3655 confidimus,
1271 3587 1300 3650 si,
1315 3574 1359 3648 quil

253 3701 297 3736 res
320 3683 382 3752 ipsa
400 3682 509 3750 flagitet
531 3684 560 3736 et
578 3699 647 3736 sana
669 3682 742 3735 ratio
761 3682 890 3747 suadent,
913 3682 1007 3751 paullo
1030 3683 1162 3750 aequiore
1186 3684 1358 3738 annuende

253 3775 445 3845 reputaverint
462 3774 584 3842 nihilque
602 3793 653 3830 nos
671 3775 787 3830 alienius
805 3776 909 3830 habere
923 3792 1006 3842 quam
1023 3776 1190 3831 ambitiosae
1202 3763 1359 3831 aemulamur

253 3870 398 3924 ridiculam
417 3869 624 3925 contentionem
642 3869 842 3938 perspexerint.
868 3867 947 3933 Quod
966 3868 1039 3923 enim
1058 3869 1142 3937 vulgo
1160 3873 1247 3925 fertur
1262 3855 1359 3938 presulesis

253 3980 314 4017 csse
332 3979 478 4017 numerare
497 3981 595 4032 pecus,
619 3962 647 4015 id
667 3961 718 4016 etsi
736 3962 764 4015 in
782 3980 833 4016 nos
853 3961 928 4016 cadit
945 3965 975 4015 ut
994 3962 1067 4030 quod
1086 3963 1220 4029 nraxime,
1238 3966 1317 4015 temen
1330 3945 1359 4002 rel

254 4057 369 4125 exiguus
388 4073 456 4124 grex
476 4073 538 4110 enm
555 4057 618 4124 plus
637 4055 766 4109 utilitatis
789 4058 951 4110 numeratus
969 4059 999 4109 et
1016 4055 1172 4124 descriptus
1190 4055 1286 4110 habeat
1300 4057 1359 4115 quem

254 4150 398 4215 neglectus
417 4152 445 4202 et
463 4149 642 4214 delitescens,
666 4167 700 4203 ne
718 4149 747 4201 in
765 4149 818 4202 hnc
841 4148 953 4215 quidem
975 4151 1056 4217 parte
1075 4148 1100 4204 ei
1118 4166 1170 4203 nos
1189 4148 1275 4203 officio
1289 4143 1360 4196 dnm

252 4242 383 4311 perficit,
403 4241 477 4310 quod
500 4241 559 4296 iure
578 4241 699 4296 creditur
717 4260 779 4297 cum
797 4241 988 4297 bibliothecali
1007 4259 1120 4298 munere
1139 4246 1279 4310 tamqnam
1293 4246 1360 4290 necet·

254 4335 327 4391 sario
351 4335 460 4391 vinculo
483 4336 659 4392 coniunctum
688 4354 756 4392 csse.
793 4337 824 4391 In
847 4336 949 4393 litteris
972 4338 1067 4391 autem
1090 4336 1220 4405 quoniam
1242 4330 1300 4389 nihil
1318 4337 1361 4380 ⁰⁸³⁰
