2896 4996
234 321 298 385 590
611 339 658 385 nn
681 339 752 387 oso
775 339 820 385 nr
843 339 986 387 carons.

234 491 378 553 Marinus
406 491 440 554 in
469 491 536 553 vita
563 491 669 554 Procli
699 492 807 576 (quem
835 497 948 557 natum
971 495 1099 556 constat
1121 515 1150 557 a.
1180 494 1380 579 ccccm),

234 601 280 664 sic
301 601 481 685 perscripta
505 622 574 684 cap.
599 602 633 664 8:
657 603 805 683 ἐφοίτηςε
828 605 864 668 δέ
886 605 937 667 καὶ
959 604 1003 668 εἰς
1024 611 1245 684 γραμματικοῦ
1268 607 1381 686 Ὠρὶω·

233 733 309 791 νος,
337 713 374 775 ὃς
403 711 442 788 ἦν
471 712 507 776 ἐκ
534 716 594 776 τοῦ
616 713 698 790 παρ’
720 712 899 788 Αἰγυπτίοις
920 713 1080 793 ἱερατικοῦ
1102 717 1220 791 γένους
1244 719 1380 793 καταγό-

232 842 329 900 μενος
355 795 406 885 καὶ
432 823 566 901 μετρίως
595 823 634 887 τὰ
656 826 713 901 τῆς
739 824 852 901 τέχνης
881 822 1127 903 ἐπεςκεμμένος,
1160 827 1268 891 οὕτως
1299 827 1380 892 ὥςτε

232 934 281 996 καὶ
311 933 534 1011 ςυγγράμματα
561 932 678 996 ἑαυτοῦ
705 931 769 997 ἴδια
796 934 968 1012 ἐκπονῆςαι
996 936 1045 998 καὶ
1073 939 1142 999 τοῖς
1164 938 1238 1014 μεθ’
1260 937 1378 1002 ἑαυτὸν

232 1044 364 1122 χρήςιμα
385 1046 582 1108 καταλιπεῐν;
606 1043 640 1106 in
663 1042 776 1126 quibus
799 1044 908 1106 nescio
923 1044 998 1127 quid
1017 1044 1220 1108 stomachum
1242 1049 1378 1110 moverit

232 1152 414 1215 Muetzellio
430 1152 468 1215 cle
485 1152 608 1235 emend.
626 1151 832 1236 Theogoniae
847 1152 1025 1217 Hesiodeae
1046 1177 1077 1238 p.
1095 1155 1169 1218 321.
1206 1155 1376 1220 Praeclare

198 1276 214 1322 8
233 1284 304 1326 cum
326 1262 409 1346 quod
432 1262 470 1325 de
492 1283 611 1346 genere
634 1263 762 1327 Orionis
784 1267 987 1347 memoratur,
1011 1264 1046 1328 in
1060 1264 1255 1329 Thebanum
1279 1267 1373 1349 cadit,

231 1376 300 1436 tum
322 1371 404 1456 quod
427 1373 466 1436 de
489 1372 580 1435 libris
602 1372 642 1435 ad
665 1376 808 1456 posteros
831 1373 980 1457 proditis:
1003 1374 1263 1459 quandoquidem
1286 1398 1374 1461 prae

230 1487 281 1546 ter
306 1482 514 1567 Florilegium
541 1483 639 1546 etiam
669 1483 926 1568 Etymologicum
959 1485 999 1548 ad
1028 1484 1165 1548 eamdem
1192 1487 1373 1550 rettulimus

231 1597 403 1657 auctorem.
448 1593 494 1656 Vt
521 1593 713 1657 mirabiliter
739 1594 921 1676 Fabricius,
951 1598 1120 1678 postquam
1147 1596 1183 1659 in
1213 1596 1373 1660 Marinum

230 1705 310 1768 scite
337 1705 384 1767 sic
414 1708 646 1767 commentatus
674 1707 744 1768 erat
771 1727 802 1788 p.
828 1705 868 1769 82
900 1704 1019 1769 Boiss.:
1057 1711 1107 1770 bic
1135 1717 1179 1769 est
1200 1729 1289 1785 quem
1306 1711 1372 1785 sre-

230 1828 357 1894 queneer
377 1820 485 1878 laudat
505 1823 636 1894 scriptor
658 1823 766 1893 magar*
786 1821 999 1898 Etymolocici,
1031 1816 1167 1879 eundem
1196 1821 1230 1879 et
1253 1839 1271 1880 a
1293 1816 1370 1880 The

231 1926 314 1988 bano
342 1928 374 1988 et
402 1925 443 1988 ab
470 1925 691 1988 Alexandrino
719 1946 846 2008 prorsus
874 1925 1037 1989 discernat
1064 1926 1098 1989 in
1127 1925 1214 1990 Bibl.
1244 1950 1294 2012 gr.
1328 1926 1370 1991 Vl

230 2059 261 2118 p.
284 2037 348 2101 374
368 2035 460 2098 Harl.
499 2035 715 2099 Alexandriae
738 2040 855 2118 autem,
879 2036 934 2099 ubi
955 2036 1123 2099 institutus
1147 2058 1218 2101 esse
1240 2037 1368 2101 Proclns

230 2150 395 2229 narratur,
429 2146 595 2229 probabile
618 2149 666 2209 est
688 2146 775 2229 prius
799 2147 950 2212 Orionem
973 2146 1152 2230 professum
1174 2169 1245 2211 esse
1268 2169 1369 2232 gram-

229 2256 392 2338 maticam,
416 2278 512 2340 quam
528 2258 717 2321 Caesaream
740 2278 774 2320 se
797 2235 1005 2321 converteret.
1052 2257 1203 2322 Ceterum
1226 2258 1266 2321 de
1289 2259 1368 2341 Cap·

229 2367 381 2452 padociae
404 2368 482 2430 urbe
506 2367 711 2431 celeberrima
733 2370 819 2431 recte
843 2367 998 2452 cogitavit
1019 2368 1209 2450 bercheriis,
1234 2372 1369 2452 atquae

212 2457 267 2541 'err
295 2479 340 2540 eis
372 2478 485 2560 fuerit,
518 2478 554 2541 in
587 2479 699 2561 quibus
732 2478 904 2561 praecipua
937 2478 1093 2561 quaedam
1125 2478 1308 2542 rhetoricae
1340 2481 1370 2542 ct

229 2589 459 2672 grammaticae
488 2588 566 2651 artis
595 2588 685 2651 sedes
714 2589 888 2651 constituta
915 2588 987 2651 fuit.
1033 2588 1126 2670 Vide,
1157 2589 1184 2651 si
1208 2590 1296 2653 tanti
1317 2590 1367 2670 sit,

228 2697 445 2762 Schlosserum
468 2704 505 2762 dc
526 2705 652 2762 Graecis
666 2703 784 2762 Iuliani
806 2691 1023 2778 Theodosiique
1044 2711 1177 2778 tempore
1198 2706 1369 2765 litterarior

227 2814 480 2886 universitatibus,
514 2816 672 2886 studiosis,
700 2813 926 2889 professoribus
957 2809 1049 2873 docte
1082 2809 1306 2893 disputantem
1338 2810 1369 2873 in

228 2920 352 2983 Horreo
367 2919 441 2983 hist.
460 2922 492 2982 et
506 2920 570 2983 litt.
588 2919 629 2983 ab
651 2920 720 3002 ipso
736 2923 768 2982 et
784 2919 934 2983 Berchtio
957 2919 1041 2983 edito
1064 2920 1126 2983 vol.
1145 2920 1208 3003 lp.
1226 2921 1289 2984 217
1304 2942 1368 3005 sqq.

228 3030 290 3095 Sed
313 3034 489 3114 praeterea,
513 3034 550 3092 ut
571 3030 741 3093 mobilibus
764 3031 839 3093 illac
862 3033 968 3093 aetate
991 3030 1160 3107 domiciliis
1184 3032 1302 3116 vagari
1326 3052 1370 3094 so

226 3141 352 3223 phistae
377 3144 623 3223 consueverant,
649 3141 746 3203 etiam
768 3140 917 3224 Byzantii
940 3141 1055 3204 vixerit
1077 3143 1219 3223 oportet,
1244 3141 1371 3225 quando

225 3251 296 3335 ipsa
318 3251 460 3315 Eudocia
486 3253 634 3335 Augusta
662 3273 720 3334 per
747 3252 874 3334 aliquod
900 3255 1026 3333 tempus
1054 3272 1126 3314 eum
1155 3251 1288 3315 audisse
1310 3257 1371 3316 tra·

225 3361 310 3424 ditur
332 3384 350 3424 a
374 3362 490 3424 Tnetna
513 3361 595 3426 Ohil.
620 3361 660 3442 X,
684 3362 724 3426 57
748 3383 815 3444 sqq.
841 3361 1057 3445 (Hiscacssp

373 3515 417 3579 ὥς
440 3537 505 3580 που
528 3516 617 3593 καὶὴ
641 3514 797 3594 βαςίλιςςα
818 3515 919 3593 ἐκείνη
943 3513 1087 3595 Εὐδοκία,

371 3625 390 3703 ἡ
412 3630 471 3689 τοῦ
493 3626 633 3703 μεγάλου
656 3625 796 3690 Λέοντος
817 3625 836 3702 ἡ
859 3626 1030 3704 πάνςοφος
1051 3625 1206 3704 θυγάτηρ,

370 3739 594 3814 γραμματικοῖς
616 3736 768 3815 μαθήτρια
790 3734 870 3798 οὖςα
891 3735 1090 3814 Ὑπερεχίου,

370 3848 450 3909 ποτὲ
472 3846 523 3909 καὶ
544 3850 602 3909 τοῦ
625 3844 781 3923 Ὠρίωνος
802 3845 914 3924 μικρὸν
938 3844 1139 3924 ἀκροωμένη,
1246 3908 1250 3916 ,

371 3955 547 4034 ῥητορικοῖς
570 3956 688 4035 ἑτέρων
711 3957 746 4019 δὲ
768 3957 817 4019 καὶ
839 3955 1032 4036 φιλοςόφοις
1054 3954 1176 4031 ἄλλων,

369 4068 437 4129 ταῖς
459 4066 686 4146 μεταφράςεςιν
710 4066 807 4143 αὐτῆς
829 4068 897 4130 ταῖς
919 4066 958 4128 δι)
981 4066 1071 4130 ἐπῶν
1094 4064 1224 4145 εἰρήκει.

307 4241 510 4326 Consequens
533 4247 581 4306 est
603 4265 641 4306 er
663 4242 723 4326 his,
747 4247 784 4306 ut
798 4242 986 4307 Thebanum
1010 4243 1161 4307 Orionem
1186 4246 1294 4311 trium
1318 4250 1376 4313 cir·

222 4350 302 4414 citer
330 4353 527 4417 saeculorum
560 4353 664 4437 spatio
691 4357 821 4438 superet
846 4353 1059 4418 Alexandrini
1093 4356 1197 4418 setas.
1247 4357 1376 4444 Quippe
