2904 4996
210 357 272 422 730
605 375 766 423 sosanna
789 376 961 422 emmona.

293 526 470 592 Hesiodo
498 527 560 592 hac
589 528 756 592 occasione
785 527 915 592 reddam
943 530 1165 614 fragmentum
1187 531 1352 616 quoddam,

209 641 291 724 quod
322 641 357 703 in
390 638 551 731 codicibus
585 637 964 724 11111ςο11111Μγ11101.
996 640 1065 722 III,
1097 644 1113 704 1
1147 639 1192 727 [p.
1219 643 1280 707 705
1306 643 1351 706 ed.

137 834 141 841 ⁵
208 750 309 838 Stes]
335 749 438 813 adhuc
460 749 594 832 repertis
617 750 843 833 consignatum
859 753 907 814 est
928 750 1087 814 litteris
1110 751 1272 816 latinis:
1296 774 1354 836 qua

208 861 411 925 librariorum
435 860 654 943 imperitomm
678 859 907 924 consuetudine
927 860 1034 944 qualia
1056 866 1169 926 exorta
1191 863 1354 927 vocabulo

211 993 281 1033 rum
309 973 454 1034 monstra
482 970 563 1051 sint,
592 970 715 1055 insigni
738 971 883 1054 exemplo
905 971 1013 1036 docuit
1035 970 1222 1037 Ohishullus
1245 975 1285 1037 ad
1307 975 1354 1038 ln·

209 1081 320 1165 script.
345 1079 475 1164 Sigeum
490 1103 522 1163 p.
540 1080 581 1145 27
604 1080 653 1144 ed.
678 1103 707 1144 a.
728 1081 818 1144 1721.
858 1083 1030 1165 Apponam
1054 1082 1222 1168 Fulgentii
1245 1086 1354 1150 verba:

208 1198 334 1255 I’roetos
349 1197 520 1271 Pamphylu
538 1198 644 1269 linqua
658 1198 802 1256 sordidus
817 1198 940 1271 dicitur,
964 1200 1043 1259 sicut
1058 1198 1210 1260 Hesiodus
1224 1205 1256 1260 in
1270 1203 1355 1261 buco-

208 1309 266 1366 lico
281 1309 417 1365 carmine
430 1308 534 1366 scabit
549 1307 670 1367 diceus:
692 1318 921 1368 raeareaosrs
938 1320 982 1366 rs
999 1320 1114 1367 rvnva
1131 1323 1281 1372 vereris
1297 1325 1356 1371 nn·

209 1430 274 1477 uns
298 1414 457 1492 11101111,
480 1419 513 1476 iu
534 1425 586 1489 est,
611 1417 754 1477 sordidus
776 1435 902 1478 usurum
925 1420 998 1477 bene
1019 1421 1214 1480 calcaturum
1236 1424 1356 1496 seuque

209 1544 266 1588 neo
293 1544 374 1587 rore.
421 1522 496 1586 Non
528 1522 663 1586 multum
696 1523 857 1607 discrepat
885 1522 1050 1587 Leidensis
1078 1525 1153 1588 libri
1182 1527 1357 1610 scriptura:

209 1651 334 1698 Pnlros
359 1650 434 1698 isra
459 1650 573 1696 runnu
601 1649 724 1698 rnerrs
753 1650 849 1697 naun
873 1651 1040 1698 snironvu
1062 1659 1120 1717 -ς
1150 1640 1249 1720 atque
1279 1637 1357 1701 Bod-

208 1744 323 1808 leiani:
360 1760 531 1808 eneroaos
565 1760 629 1808 sra
664 1761 777 1807 renus
812 1759 1217 1811 nnorrsusnnsanoaun.
1262 1747 1358 1811 Nulla

158 1862 192 1909 35
210 1858 317 1936 autem
346 1857 415 1917 arte
438 1853 656 1938 excogitatum
679 1856 727 1917 est
749 1877 768 1916 a
791 1854 980 1919 Casaubono
1003 1857 1043 1918 ad
1066 1854 1256 1921 Suetonium
1280 1861 1304 1921 t.
1328 1859 1358 1922 H

209 1988 240 2047 p.
267 1965 324 2028 101
352 1963 448 2049 [vitae
470 1965 555 2048 Aug.
580 1987 607 2027 e.
633 1963 704 2053 76],
736 1986 831 2048 quem
860 1966 1122 2030 commemoravit
1150 1966 1357 2050 Munekems,

210 2074 370 2139 scribendi
392 2096 494 2158 genus
518 2075 595 2138 hoc:

360 2230 502 2308 Προῖτος
524 2231 694 2309 ἐϋετιβέων
717 2231 865 2309 βοτρύων
887 2231 994 2315 ορόομ
1017 2232 1208 2310 αἱματόεντι.

209 2381 291 2456 Quid
315 2381 439 2445 mult-a?
466 2381 512 2444 sie
535 2383 707 2464 scripserat
731 2387 843 2465 poeta:

581 2536 623 2619 [ὁ]
648 2537 689 2600 δὲ
711 2540 880 2615 προῑτο(
904 2539 1130 2617 (ταφυλῆφι

343 2648 405 2711 1εὖ
429 2648 714 2726 λακτιζομένη(
737 2647 940 2732 αἱμορρόῳ
962 2690 980 2699 -
998 2682 1015 2698 υ
1038 2648 1163 2732 ε’έρεῃ.

209 2802 259 2865 vel
283 2803 486 2886 αἱμορρόψ
510 2850 530 2857 -
549 2806 675 2885 δρόεψ
811 2798 898 2886 [Alia
926 2800 1061 2865 aliorum
1091 2803 1267 2865 conamina
1291 2805 1362 2867 vide

211 2912 295 2995 apud
319 2934 482 2976 censorem
505 2936 602 2996 supra
625 2915 905 2978 commemoratum
927 2933 958 2993 p.
983 2911 1046 2975 945
1068 2934 1149 2994 sqq.‚
1175 2911 1362 2977 Welcke-

210 3044 291 3085 rum
314 3023 416 3086 Musei
439 3022 588 3087 ithenani
616 3024 657 3088 ab
684 3025 753 3105 ipso
777 3020 961 3103 Naokioque
989 3020 1066 3083 editi
1093 3024 1118 3084 t.
1143 3021 1157 3083 1
1188 3023 1235 3104 (a.
1264 3024 1362 3106 1833)

210 3155 241 3215 p.
265 3133 328 3196 422
350 3156 431 3217 sqq„
456 3131 855 3197 Marokscheffelium
884 3130 917 3193 in
942 3129 1085 3193 ‘Hesiodi
1110 3180 1117 3193 .
1138 3180 1144 3192 .
1165 3181 1200 3193 ..
1226 3133 1363 3217 fragm?

211 3243 312 3326 (Lips.
337 3265 367 3307 a.
391 3242 487 3328 1840)
510 3266 542 3326 p.
566 3243 629 3308 365
651 3265 731 3327 sqq„
756 3242 796 3305 G.
821 3241 1086 3304 Hermannum
1108 3240 1233 3322 Opusc.
1258 3243 1320 3325 VI,
1348 3247 1362 3307 l

209 3376 241 3436 p.
269 3354 348 3436 257,
389 3352 686 3438 Goettlingium
724 3353 758 3416 in
792 3350 922 3415 Hesiodi
962 3350 1010 3413 ed.
1044 3350 1147 3418 altera
1182 3351 1231 3434 (a.
1265 3354 1364 3435 1843)

210 3486 241 3546 p.
266 3463 329 3529 255
352 3487 411 3548 sq„
440 3464 643 3549 Vngerum
670 3461 830 3547 Philologi
853 3466 876 3524 t.
900 3460 946 3524 IV
970 3462 1013 3544 (a.
1040 3460 1141 3543 1849)
1164 3483 1198 3543 p.
1228 3464 1293 3528 723
1317 3487 1364 3547 sq.

210 3574 350 3648 Quarum
378 3573 630 3658 disputationum
658 3573 816 3656 plerisque
844 3571 1089 3634 fundamentum
1117 3593 1180 3654 quo
1212 3572 1367 3637 nituntur

210 3705 304 3747 omne
327 3684 542 3766 subtrahitur,
573 3683 599 3746 si
622 3707 641 3746 u
665 3681 814 3746 Gothano
837 3681 944 3744 codice
967 3680 1129 3764 Fulgentii
1153 3684 1368 3764 proficiscen·

210 3792 285 3855 dum
313 3793 356 3856 sit
384 3797 534 3876 excerpto
568 3816 586 3855 a
615 3791 701 3855 Frid.
736 3791 880 3854 Iacobsio
915 3791 998 3874 apud
1032 3790 1288 3877 Goettlingium.
1326 3835 1370 3845 —

210 3901 314 3966 Hodie
337 3926 403 3967 non
426 3904 590 3968 defuturos
612 3902 772 3985 suspicor,
801 3901 855 3984 qui
878 3900 912 3964 in
934 3899 1138 3984 Heringue
1161 3906 1370 3970 sententiam

210 4214 416 4281 ‘antiquissimu’
435 4217 519 4284 (Lips.
540 4234 564 4268 a.
587 4219 663 4282 1844)
681 4235 708 4284 p.
728 4223 757 4281 7,
777 4217 808 4269 A.
828 4215 852 4268 Κ
859 4213 956 4269 oeohl
963 4231 1038 4281 yum
1056 4212 1102 4264 ‘do
1120 4212 1247 4268 diversis
1267 4217 1366 4272 Hesio

210 4308 279 4361 (leae
309 4309 489 4376 Theogoniae
518 4308 657 4378 partibus’
688 4309 792 4376 (Turici
822 4308 947 4373 a.'1860)
976 4326 1003 4376 p.
1031 4312 1062 4358 12
1084 4304 1132 4357 inf.
1155 4308 1185 4359 et
1212 4315 1249 4361 16
1279 4313 1367 4376 med,

210 4400 483 4469 Welckernmque
507 4401 562 4454 ‘dic
581 4401 761 4456 Hesiodische
779 4401 954 4471 'theogonia’
980 4399 1093 4465 (Elberf.
1114 4415 1140 4452 a.
1164 4405 1245 4459 1865)
1266 4423 1293 4474 p.
1315 4408 1370 4475 67.)
