2948 4996
542 312 684 361 racemi
708 313 856 360 susara.
1207 297 1270 361 425

214 469 305 544 Quod
327 470 480 533 relicuum
502 470 567 549 cst,
597 470 633 530 ut
655 466 894 530 Platonicorum
915 466 1037 549 aliquot
1058 466 1268 550 dialogorum,

128 581 243 664 quibus
265 580 386 643 mentio
408 577 560 643 Archelai
580 578 669 641 facta
691 581 756 660 est,
784 582 820 640 ut
842 575 1019 640 Alcibiadis
1041 575 1085 658 Π,
1119 576 1268 660 Gorgiae,

128 689 307 774 Theagis*)
334 693 479 773 tompore
506 711 572 753 non
597 709 779 772 repugnare
808 688 837 751 ei
865 686 984 750 rationi
1006 687 1269 768 demonstremus,

128 823 227 885 quam
248 801 348 864 solam
370 799 589 884 probavimus:
617 799 649 862 id
673 797 809 883 quidem,
833 797 984 881 quoniam
1006 797 1103 879 spatii
1126 797 1271 881 aliquan-

128 916 199 974 tum
221 932 351 994 poscere
373 910 514 993 videtin,
544 910 599 975 alii
626 908 719 975 huius
748 906 930 994 scriptionis
953 907 1023 971 loco
1045 907 1270 972 reservandum

129 1043 199 1086 esse
221 1021 376 1087 duximus

580 1174 741 1228 CAPVT
766 1175 812 1228 VI.
1292 1167 1324 1217 14

217 1294 373 1359 Revertor
394 1295 434 1358 ad
449 1295 579 1360 Aeliani
601 1295 820 1359 narrationem
844 1293 960 1378 capV
983 1294 1131 1377 positam.
1164 1293 1271 1356 Euri-

128 1404 244 1489 pides
265 1405 374 1488 igitur,
399 1406 459 1468 etsi
481 1427 553 1490 quo
577 1428 680 1468 anno
703 1405 748 1468 ad
771 1406 1014 1469 Archelaum
1036 1427 1074 1467 se
1099 1403 1271 1468 contule-

129 1515 187 1578 rit
208 1514 414 1579 Macedoniae
436 1537 555 1600 regem,
573 1519 720 1579 accurate
743 1516 903 1598 proditum
924 1519 973 1578 cst
993 1538 1012 1578 a
1033 1515 1138 1597 nullo,
1162 1518 1272 1577 tamen

130 1626 251 1709 olymp.
277 1624 366 1690 XCII
389 1647 474 1690 anuo
495 1626 517 1688 4
538 1626 703 1689 etiamtum
727 1625 865 1689 Athenis
887 1625 985 1688 fuerit
1007 1627 1134 1708 oportet
1145 1675 1154 1706 ,
1186 1626 1271 1687 certe

130 1757 230 1818 usque
259 1735 298 1797 ad
327 1734 547 1799 Gamelionem
573 1758 728 1813 mensem,
757 1736 784 1798 si
813 1758 878 1799 non
906 1735 947 1798 ad
974 1734 1270 1817 Elaphebolionem.

130 1844 181 1908 Eo
205 1844 290 1908 enim
313 1867 408 1925 anno,
432 1846 543 1910 Diocle
566 1845 730 1928 archonte,
755 1845 899 1910 Orestem
922 1845 1039 1927 docuit,
1064 1848 1100 1908 ut
1122 1866 1160 1907 ex
1183 1845 1272 1907 scho-

131 1956 228 2018 liasta
257 1955 298 2017 ad
321 1955 425 2019 Orest.
449 1979 479 2018 v.
503 1957 564 2020 371
593 1957 657 2019 iam
680 1955 881 2040 Maagravius
910 1955 1077 2019 adnotavit
1100 1954 1272 2020 Ohrouolo-

131 2066 207 2147 giae
226 2065 375 2154 scenicae
397 2088 428 2148 p.
447 2067 466 2129 9
490 2065 552 2149 (ed.
569 2065 683 2149 Beck.)
725 2065 918 2129 tEabricius
942 2064 1026 2128 Bibl.
1046 2087 1095 2148 gr.
1112 2064 1192 2147 Hp.
1210 2063 1273 2127 240

132 2174 235 2256 Harl,
260 2176 336 2238 Item
359 2174 540 2239 Dodwellus
564 2176 650 2239 Ann.
675 2176 774 2239 Thuc.
799 2199 830 2258 p.
857 2176 915 2239 18.
950 2175 997 2238 De
1020 2178 1143 2238 morte
1166 2177 1272 2238 autem

132 2283 355 2367 Euripidis,
391 2308 453 2369 quo
479 2285 536 2348 illa
563 2308 648 2349 anno
677 2285 844 2366 acciderit,
879 2307 959 2369 quae
987 2285 1063 2348 olim
1097 2283 1273 2368 disputavit

134 2394 313 2458 Bocchhius
341 2395 380 2459 de
408 2417 457 2480 gr.
481 2398 565 2480 trag.
589 2395 788 2479 principibus
812 2395 916 2477 capite
941 2395 996 2477 16,
1028 2416 1066 2457 ea
1088 2395 1181 2458 hodie
1204 2395 1272 2478 ipse

131 2504 293 2587 improbet
319 2527 448 2569 necesse
482 2509 530 2569 est
563 2509 694 2589 propter
727 2509 902 2569 correctam
931 2507 1072 2568 asemet
1104 2505 1273 2587 pristinam

132 2614 172 2677 de
196 2614 331 2678 Lenaeis
360 2616 570 2679 sententiam:
599 2620 694 2699 atque
722 2615 916 2699 improbavit
944 2615 1213 2679 commentatione
1236 2615 1274 2678 de

130 2724 226 2787 festis
257 2724 425 2789 Bacchicis
458 2748 490 2808 p.
521 2726 560 2789 97
596 2725 703 2789 adnot.
741 2726 809 2788 120.
859 2726 971 2809 Itaque
1001 2726 1144 2808 quamvis
1173 2746 1274 2788 vacua

132 2834 423 2900 dubitationesint
444 2836 505 2899 duo
526 2835 593 2917 illa,
622 2835 771 2918 primurn,
800 2838 940 2899 mortuos
966 2835 1064 2899 fuisse
1095 2839 1127 2898 et
1154 2834 1273 2917 Sopho-

133 2943 216 3028 clem
253 2948 285 3007 et
321 2945 506 3030 Euripidem
540 2967 576 3008 co
610 2948 768 3029 tempore,
807 2967 868 3030 quo
897 2944 1009 3008 Ranae
1047 2944 1274 3027 Aristophanis

133 3055 210 3116 acta
238 3058 301 3135 est,
331 3054 362 3118 h.
388 3078 414 3119 e.
444 3055 579 3119 Lenaeis
608 3057 685 3119 anni
712 3056 800 3119 tertii
828 3055 1017 3139 olympiadis
1045 3054 1167 3136 XCIII,
1197 3055 1273 3118 alte·

133 3185 221 3242 rum,
255 3168 413 3227 mortuum
445 3187 513 3228 esse
549 3166 737 3250 Sophoclem
774 3170 846 3249 post
882 3164 1084 3248 Euripidem,
1123 3164 1155 3227 id
1191 3164 1274 3248 quod

133 3273 305 3336 Marmoris
331 3274 434 3357 Parii,
469 3275 600 3357 Suidae,
633 3275 774 3339 Thomas
797 3275 947 3359 Magistri
955 3325 964 3356 ,
999 3274 1128 3356 Apuleii
1161 3273 1274 3357 ipsius·
1367 3320 1369 3323 ψ

133 3404 197 3467 que
225 3383 452 3467 Aristophanis
480 3386 524 3469 (v.
549 3386 611 3449 802
634 3386 717 3472 sqq.)
745 3384 807 3448 fide
830 3386 1045 3448 contestatum
1068 3387 1131 3447 est:
1164 3387 1274 3446 tamen

132 3513 338 3578 nequaquam
359 3494 455 3558 facile
477 3496 583 3560 obitus
606 3496 767 3580 Euripidis
790 3494 915 3584 definiri
944 3497 1060 3577 potest.
1113 3492 1174 3568 Qui
1203 3514 1275 3556 cum

134 3626 155 3666 a
187 3603 254 3666 solo
286 3602 454 3669 Marmoris
488 3605 576 3670 Parii
615 3612 742 3670 auctore
776 3607 925 3690 (quocum
959 3607 1070 3668 tamen
1100 3623 1274 3688 congruere

133 3712 269 3777 Diodori
296 3714 394 3777 verba
422 3716 570 3779 videntur
598 3719 701 3781 τινὲ(
730 3717 769 3781 δὲ
797 3717 923 3793 λέγουει
946 3765 953 3777 .
978 3765 985 3778 .
1008 3765 1014 3777 .
1038 3720 1161 3796 μικρῷ
1184 3714 1274 3792 πρό-

134 3829 226 3887 (θεν
248 3824 376 3889 τούτων
403 3829 467 3889 τῶν
497 3827 640 3910 χρόνων)
669 3825 847 3909 adscriptus
882 3825 925 3887 alt
952 3810 1141 3907 ‹ilympiadis
1170 3821 1275 3887 XCIII

134 3953 223 3995 anno
252 3932 362 4014 alteri,
393 3957 411 3996 a
440 3935 600 4019 plerisque
627 3938 736 3998 tamen
759 3936 899 3998 eiusdem
921 3934 1017 3997 tertio
1039 3933 1200 3995 tribuitur.
1246 3930 1274 3993 E

134 4041 252 4126 quibus
280 4043 364 4107 solos
392 4045 522 4108 nomino
544 4044 754 4129 peritissimos
777 4047 955 4127 temporum
978 4046 1123 4107 auctores
1146 4041 1275 4124 Apollo·

132 4183 339 4191 m*

203 4246 228 4312 ¹¹)
252 4244 361 4314 [Paucis
378 4246 443 4312 hoo,
466 4247 516 4301 sed
537 4247 700 4317 prudenter,
724 4247 806 4315 quale
829 4245 866 4301 sit
884 4245 1097 4324 Gutsohmidius
1110 4242 1277 4314 significavit

132 4339 152 4392 l.
175 4356 194 4391 s.
216 4356 237 4392 s.
255 4354 284 4407 p.
306 4344 353 4390 104
371 4339 446 4409 adn]
