2896 4996
230 337 294 400 624
611 353 658 398 un
682 352 752 399 oso
775 353 820 399 nr
843 352 985 399 omous.

229 505 373 587 ruptelae
396 503 570 587 generibus
585 505 620 566 iu
640 504 754 588 vulgus
771 507 908 567 const-at.
941 504 1155 586 Omninoque,
1180 504 1365 567 utbreviter

230 613 345 695 dicam,
368 635 435 675 non
457 615 563 696 potest
585 614 625 676 ab
648 613 761 676 harum
776 635 882 676 rerum
903 612 1007 695 perito
1029 614 1080 676 vel
1094 612 1260 676 tantillum
1282 613 1366 677 dubi-

229 724 309 805 tari,
339 723 416 806 quin
445 723 651 786 celeberrima
679 722 856 786 Herodiani
884 724 1032 802 Ὁμηρικὴ
1067 724 1250 809 προεῳδὶα,
1284 724 1368 786 cuius

230 855 304 916 pars
326 831 389 896 fuit
411 834 537 912 Ἰλιακή,
564 832 599 896 iu
621 832 853 916 Etymologicis
882 832 1082 916 significetur
1105 836 1138 897 et
1160 834 1195 896 in
1217 836 1368 914 Ἡρωδια-

229 943 286 1007 νό(
315 965 467 1007 converso
494 942 593 1023 Ὦρα(
626 942 755 1005 nominc
781 942 838 1005 illa
871 942 1141 1027 redintegrentur.
1194 943 1244 1008 Of.
1277 947 1297 1024 ξ
1324 944 1369 1006 14.

229 1053 319 1129 Quod
342 1053 470 1136 quidem
494 1052 705 1116 certissimum
733 1056 831 1134 esset,
867 1053 1012 1116 etiamsi
1035 1053 1215 1116 evidentius
1244 1052 1370 1117 demon·

229 1161 324 1225 strari
351 1184 416 1225 non
452 1165 560 1245 posset
592 1183 609 1224 e
637 1160 771 1224 Venetis
799 1162 834 1224 in
861 1161 972 1225 Iliadis
1002 1164 1008 1225 Ι
1039 1162 1102 1225 206
1135 1161 1285 1245 scholiis,
1320 1163 1372 1225 ubi

228 1276 445 1356 posteaquam,
471 1294 526 1335 cur
548 1274 642 1349 διπλῆ
666 1272 812 1354 apposita
837 1274 930 1352 esset,
954 1271 1148 1354 explicatum
1170 1271 1234 1334 fuit
1251 1273 1372 1335 Aristo-

229 1383 294 1446 nici
322 1383 443 1464 verbis,
472 1380 648 1444 Herodiani
671 1403 739 1445 esse
773 1403 853 1464 quae
881 1380 1096 1445 adnectuntur
1124 1385 1234 1459 κρεῖον
1264 1385 1300 1447 δὲ
1330 1383 1373 1447 ὡ(

228 1496 316 1558 θεῖον
339 1516 364 1556 κ.
388 1515 412 1556 τ.
436 1494 462 1554 λ.
486 1492 556 1574 ipsa
577 1493 612 1556 δέ
640 1491 798 1574 particula
820 1491 966 1575 arguitur
986 1491 1170 1555 manifesto,

313 1601 416 1665 Multo
449 1601 546 1664 etiam
578 1602 733 1665 minorem
767 1600 831 1664 vim
863 1601 976 1684 habet,
1009 1601 1092 1685 quod
1125 1602 1161 1664 in
1192 1601 1315 1665 eisdem
1336 1602 1373 1664 in

108 1734 112 1741 ·
228 1711 384 1777 IliadisA
411 1712 473 1775 508
499 1711 627 1775 scholiis
657 1711 797 1775 citantur
819 1712 917 1791 Ὦρα(
945 1712 995 1775 καὶ
1016 1713 1240 1778 Ἀπολλώνιος
1264 1712 1301 1777 ἐν
1324 1719 1372 1797 τῷ

228 1823 317 1902 περὶ
339 1822 605 1901 παρωνύμων;
643 1844 723 1905 (luae
751 1825 871 1905 puncto
896 1823 970 1906 post
991 1821 1091 1901 Ὧρος
1117 1821 1226 1904 posito
1256 1821 1372 1884 discer-

229 1932 335 1995 nenda
368 1943 446 1995 esse·
463 1931 612 1994 Lehrsius
645 1932 725 1994 vidit
758 1955 788 2015 p.
813 1931 864 1995 36.
902 1971 945 1980 —-
980 1930 1097 1995 Errore
1131 1930 1212 1993 item
1247 1931 1371 2011 nititur,

229 2042 372 2126 quamvis
395 2042 533 2105 securius
557 2064 576 2104 a
597 2041 742 2105 Fabricio
765 2047 946 2125 susceptum
969 2042 1003 2105 in
1018 2040 1103 2104 Bibl.
1126 2061 1177 2124 gr.
1195 2039 1248 2103 HI
1264 2063 1297 2124 p.
1314 2041 1373 2105 752

229 2151 332 2234 Harl,
362 2151 419 2216 Ori
446 2152 653 2231 ὑπόμνημα
681 2152 955 2233 Λυκόφρονος,
989 2151 1124 2234 petitum
1152 2149 1310 2214 videlicet
1337 2172 1373 2212 ex

228 2262 336 2345 Etym.
353 2261 397 2324 M.
414 2284 446 2344 p.
463 2262 536 2343 298,
554 2263 596 2325 30
610 2262 714 2325 verbis
731 2262 852 2327 Εἰλενία
874 2261 942 2325 voci
965 2262 999 2324 in
1021 2261 1084 2324 fine
1106 2261 1316 2344 subscriptis:
1339 2262 1373 2325 ἐν

229 2373 427 2452 ὑπομνήματι
450 2373 670 2452 Λυκόφρονος.
693 2373 800 2450 Ὦρος.
833 2372 990 2435 Frondem
1013 2371 1138 2455 aperuit
1161 2370 1372 2435 Valckenari-

228 2506 264 2545 us
285 2480 448 2545 Diatribes
469 2482 503 2545 in
524 2482 636 2566 Eurip.
658 2505 690 2565 p.
707 2483 779 2565 291,
804 2504 995 2566 quamquam
1018 2503 1058 2545 ue
1079 2481 1147 2563 ipse
1172 2481 1316 2564 quidem,
1339 2485 1373 2544 ut

229 2596 249 2673 ξ
274 2592 312 2655 12
341 2593 464 2674 monui,
493 2614 611 2656 vacuus
634 2613 748 2656 errore.
778 2632 820 2642 —-
854 2592 975 2656 Eodem
998 2592 1149 2654 nimirum
1173 2591 1245 2654 iure
1269 2593 1371 2669 ἐπιμε-

228 2703 355 2782 pupas(
377 2703 418 2765 ab
438 2703 503 2767 Oro
526 2702 660 2785 scriptos
683 2703 814 2787 colligas
837 2725 875 2766 ex
896 2703 1003 2785 Etym.
1025 2703 1069 2764 M.
1088 2724 1120 2784 p.
1137 2701 1213 2781 523,
1233 2703 1288 2783 24,
1309 2724 1371 2765 ma-

226 2814 293 2877 iore
316 2813 413 2876 etiam
435 2813 469 2876 in
491 2812 658 2876 Hecubam
680 2811 844 2895 Euripidis
867 2812 1143 2877 commentariose
1166 2834 1199 2895 p.
1226 2812 1303 2893 293,
1320 2814 1369 2875 47.

312 2923 519 2987 Reconditius
543 2927 600 3006 est,
625 2923 707 3007 quod
730 2924 764 2987 in
787 2924 852 2988 solo
869 2923 1014 2988 Gudiano
1037 2925 1143 2986 exstat
1165 2945 1197 3005 p.
1216 2923 1294 3004 342,
1316 2923 1370 2985 35:

229 3037 343 3116 Κρὰδη,
366 3035 386 3112 ἡ
408 3038 494 3113 (υκῆ,
516 3035 568 3098 διὰ
589 3036 628 3099 τὸ
651 3038 792 3113 ευνεχῶι
814 3034 1040 3114 κραδαίνεεθαι.
1086 3032 1204 3111 Ὦρα(
1228 3039 1282 3116 τῷ
1306 3034 1370 3110 θη-

227 3145 405 3228 ριππίδῃ·
428 3145 491 3209 &a
513 3147 617 3224 πατὴρ
640 3146 781 3224 κύμηνον
803 3147 852 3209 καὶ
874 3144 976 3224 μόνον
999 3143 1071 3207 οὐτ’
1099 3143 1276 3222 ἀρηχεύαιν
1298 3144 1370 3208 τούκ

226 3256 364 3320 θαλλοὺς
386 3259 453 3320 τῶν
475 3258 611 3334 κραδῶν.
646 3254 692 3317 Vt
713 3254 851 3336 mittam,
875 3275 955 3338 quae
977 3252 1128 3316 hariolari
1151 3254 1261 3336 possis
1284 3274 1369 3337 prse-

226 3370 276 3427 ter
298 3387 375 3447 rem,
399 3364 435 3428 in
458 3365 607 3428 extremis
630 3386 778 3428 versuum
800 3364 937 3449 vestigia
959 3363 1057 3427 habes
1079 3364 1275 3428 manifesta:

378 3528 459 3593 ἔκτιν
482 3529 586 3606 πατὴρ
607 3527 739 3605 κύμινον
762 3575 1190 3591 ...............

378 3639 523 3715 μονονοὺ
545 3638 723 3716 ταριχεύων
749 3658 784 3702 τε
807 3638 946 3702 θαλλοὺς
967 3640 1033 3701 τῶν
1054 3639 1193 3715 κραδῶν.

226 3805 430 3868 Comoediam
463 3806 638 3889 significari
672 3806 869 3885 θηριππλδη(
902 3805 1090 3887 inscriptam
1123 3804 1161 3867 in
1199 3806 1370 3890 propatulo

225 3919 283 3978 est.
330 3914 463 3989 Qualem
487 3937 558 3978 curn
581 3916 709 3979 aliunde
732 3915 873 3979 norimus
896 3915 1028 3995 nullam,
1058 3913 1140 3976 nihil
1164 3919 1282 3980 tamen
1304 3938 1371 3999 pro

224 4025 295 4107 pius
329 4026 439 4088 abesse
473 4048 492 4088 a
521 4026 748 4109 probabilitate
777 4025 917 4106 videtur,
952 4046 1047 4108 quam
1079 4023 1118 4086 de
1152 4029 1255 4107 poeta
1291 4025 1371 4110 cogi-

172 4147 205 4192 40
223 4138 308 4217 tare,
347 4136 435 4198 cuius
463 4158 519 4199 cur
545 4158 663 4199 nomen
690 4135 905 4217 interciderit,
938 4134 973 4198 in
1000 4134 1070 4217 ipsa
1097 4133 1202 4214 Ὦρος
1234 4136 1371 4201 nominis

223 4245 342 4308 vicinia
359 4267 470 4310 caussa
486 4250 644 4311 cernatur.
675 4246 721 4310 Vt
736 4247 782 4310 sic
803 4248 913 4329 putem
935 4244 1152 4328 redintegrari
1169 4245 1372 4312 Gudianum:

223 4393 266 4404 »-
296 4357 522 4436 κραδαίνεεθαι.
554 4358 660 4438 Ὧρος.
698 4357 998 4436 Ἀπολλόδωρος
1027 4356 1063 4419 ἐν
1090 4361 1138 4441 τῷ
1171 4357 1373 4442 Θηριππίδῃ·
