2948 4996
502 314 644 371 reseret
667 316 815 370 aurare.
1167 297 1230 370 415

84 473 190 544 uerbis
213 471 290 543 Var.
315 470 389 541 hist.
413 472 493 540 XIII
516 495 586 559 cap.
609 475 647 539 4:
678 476 850 555 Ἀρχέλαοε
879 475 897 541 ὁ
922 474 1066 556 βαειλεὺε
1095 475 1228 540 ἑετίαειν

83 590 299 670 παρεεκεύαεε
327 590 487 666 πολυτελῆ
510 591 578 651 τοῖς
607 587 752 666 ἑταίροιε.
787 586 964 665 προϊόντοε
985 588 1021 651 δὲ
1043 590 1101 651 τοῦ
1124 585 1228 650 πότου

83 701 270 780 ζωρότερον
292 700 376 764 πιὼν
399 697 566 776 Εὐριπίδη(
596 697 720 776 ὑπήχθη
744 718 815 761 πω(
838 699 909 761 κατ’
932 696 1044 773 ὀλίγον
1067 697 1100 760 ἐε
1122 698 1228 776 μέθην.

85 811 155 875 εἶτα
184 810 388 886 ευγκλιθέντα
415 808 504 892 αὐτῷ
527 807 694 883 Ἀγάθωνα
720 808 779 871 τὸν
806 810 862 885 τῆ(
888 807 1068 891 τραγῳδῶ(
1094 808 1230 885 ποιητὴν

84 922 269 1000 περιλαβὼν
291 918 453 998 κατεφίλει
475 917 770 996 τετταράκοντα
797 917 899 982 ἐτῶν
927 937 1003 981 που
1019 916 1229 1010 γεγονότα.

85 1028 177 1103 Quod
210 1029 337 1112 quidem
369 1027 588 1091 testimonium
616 1047 671 1089 our
704 1025 740 1089 in
768 1025 1001 1090 dubitationem
1033 1047 1229 1108 vocaremus,

84 1138 170 1202 ratio
197 1137 285 1203 nulla
314 1140 412 1219 esset,
442 1136 567 1200 etiamsi
596 1136 667 1199 aliis
689 1137 817 1219 praeter
839 1135 1010 1200 Aelianum
1037 1135 1264 1202 testimoniis4

85 1247 272 1333 Agathonis
294 1247 329 1311 in
350 1246 547 1319 Macedonia
568 1268 633 1309 una
661 1268 733 1310 cum
754 1245 907 1329 Euripide
937 1247 1143 1310 commoratio
1164 1268 1231 1310 non

85 1361 173 1422 esset
196 1358 398 1421 confirmata:
426 1377 506 1441 quae
529 1356 680 1440 quoniam
707 1356 748 1419 ad
770 1355 885 1420 aetatis
907 1356 1127 1420 definitionem
1149 1355 1230 1420 nihil

84 1467 267 1552 pertinent,
291 1467 397 1551 aptius
418 1488 505 1531 nunc
527 1467 728 1531 omittuntur.

172 1576 219 1641 Vt
241 1581 363 1660 autem,
389 1599 450 1660 quo
472 1579 616 1660 tempore
640 1576 723 1660 apud
736 1575 931 1641 Archelaum
952 1575 1085 1661 Agatho
1108 1577 1228 1641 versari

84 1687 239 1772 potuerit,
264 1691 486 1772 cognoscatur,
511 1686 707 1771 exploranda
729 1687 800 1771 ipsa
821 1687 1013 1750 Archelai
1035 1689 1155 1751 aetas
1170 1691 1228 1751 est.

85 1797 137 1862 De
159 1820 222 1881 qua
243 1796 454 1862 diversissime
476 1801 658 1861 statucnmt
683 1796 828 1861 historici
851 1818 922 1860 cum
944 1800 1066 1860 veteres
1093 1800 1162 1861 tum
1185 1819 1230 1860 re-

87 1909 257 1972 centiores.
306 1907 461 1973 Veterum
487 1911 593 1971 autem
620 1907 773 1971 memoria
806 1928 902 1991 quam
928 1906 1052 1970 incerta
1080 1906 1230 1994 Archelai

88 2022 179 2081 aetas
200 2018 314 2099 fuerit,
344 2018 394 2081 vel
422 2039 520 2081 exeo
548 2017 764 2102 intellegitur,
796 2017 879 2100 quod
907 2017 1041 2081 eandem
1068 2039 1109 2081 ne
1131 2016 1231 2081 Athe-

87 2151 188 2192 naeus
204 2127 330 2212 qnidem
346 2131 542 2212 compertam
557 2127 685 2210 habuit,
709 2127 762 2211 qui
785 2130 821 2190 ut
842 2127 931 2191 illam
946 2127 1104 2209 definiret,
1129 2128 1184 2191 lib.
1201 2127 1231 2191 V

88 2262 120 2322 p.
144 2239 207 2303 217
230 2245 267 2303 D.
292 2244 322 2302 E
346 2238 435 2301 miris
462 2260 537 2301 usus
565 2241 613 2301 est
646 2236 853 2323 ambagibus,
892 2241 986 2321 atque
1014 2260 1033 2301 a
1061 2237 1231 2302 Perdiccae

90 2352 212 2430 aetate,
257 2370 337 2432 quac
373 2348 597 2412 historicorum
632 2347 824 2412 testimoniis
861 2347 985 2411 videtur
1022 2349 1231 2412 contestatior

89 2459 198 2540 fuisse,
223 2458 444 2541 proficiscitur.
488 2457 615 2541 Duplex
636 2461 743 2521 autem
756 2461 1034 2522 monumentorum
1049 2479 1152 2542 genus
1167 2462 1230 2523 est:

89 2569 278 2653 seiungeudi
299 2568 385 2632 enim
400 2591 419 2631 a
436 2568 699 2653 chronographis,
723 2590 856 2653 quorum
872 2568 1038 2632 consilium
1053 2569 1232 2653 simplicem

89 2701 248 2742 annorum
269 2679 469 2742 notationem
483 2681 609 2763 spectat
623 2679 784 2743 rationum
805 2679 1018 2763 explicatione
1033 2679 1229 2764 destitutam,

88 2787 296 2853 historiarum
317 2789 488 2873 scriptores
510 2793 601 2871 sunt,
634 2789 687 2873 qui
709 2790 775 2853 sive
798 2789 905 2853 dedita
933 2811 1030 2874 opera
1052 2790 1118 2854 sive
1140 2791 1232 2875 quasi

89 2902 330 2982 praetereuntes
358 2899 510 2963 Archelai
543 2900 739 2964 mentionem
765 2900 912 2964 fecerunt
945 2921 1016 2964 cum
1043 2920 1149 2964 rerum
1177 2922 1230 2985 ge·

90 3014 212 3074 starum
235 3010 389 3074 memoria
412 3011 632 3075 coniunctam:
655 3031 787 3094 quorum
809 3010 994 3094 plerumque
1016 3008 1100 3073 haud
1122 3012 1230 3093 paullo

89 3120 193 3183 maior
220 3123 269 3182 est
296 3121 480 3184 auctoritas.
526 3119 571 3183 Vt
599 3123 706 3183 autem
735 3119 776 3184 ab
804 3141 961 3184 annorum
983 3140 1115 3184 numero
1137 3121 1230 3203 profi-

92 3231 261 3313 ciscamur,
300 3252 378 3313 quos
411 3230 554 3313 explesse
587 3230 754 3315 regnando
782 3230 960 3293 Archelaus
989 3228 1121 3313 dicitur,
1160 3251 1231 3295 curn

90 3340 287 3423 quadruplex
315 3340 461 3404 videatur
483 3340 642 3430 exstitisse
664 3340 839 3404 sententia:
868 3342 1017 3423 septem
1045 3340 1131 3403 enim
1153 3341 1232 3405 anni

91 3449 119 3512 ei
146 3450 341 3550 tribuuntur,
364 3473 383 3513 a
405 3450 544 3514 Diodoro
571 3449 633 3515 Sic.
658 3449 747 3532 XIV,
770 3450 828 3531 37,
866 3449 1180 3533 quattuordecim
1196 3473 1231 3531 ,a

91 3558 240 3643 Syncello
271 3560 448 3644 Chronogr.
483 3583 514 3644 p.
547 3560 610 3624 254
637 3564 664 3622 Α
695 3559 744 3623 ed.
773 3557 847 3622 Par.
882 3559 1020 3644 itemque
1053 3583 1084 3644 p.
1113 3562 1176 3626 263
1204 3567 1231 3625 Α

92 3669 187 3753 (quae
216 3691 254 3733 ex
275 3670 415 3734 Diodoro
442 3670 554 3734 referri
582 3694 601 3734 a
629 3669 777 3754 Syncello
805 3673 925 3733 temere
953 3671 1119 3735 contendit
1146 3671 1230 3737 Dod-

92 3780 201 3843 wcllus
222 3803 254 3863 p.
273 3782 311 3844 18
327 3782 375 3865 b);
402 3780 534 3844 decem
562 3784 600 3844 et
627 3784 776 3863 septem
803 3804 822 3844 a
851 3779 990 3843 Diodoro
1019 3781 1103 3864 apud
1132 3781 1230 3846 Euse-

92 3889 180 3953 bium
212 3890 247 3952 in
280 3890 427 3974 linguam
454 3890 641 3954 Armeniam
675 3890 868 3954 translatum
899 3889 960 3953 vol.
984 3889 1001 3954 Ι
1026 3913 1059 3974 p.
1083 3892 1145 3956 323
1180 3892 1229 3957 ed.

92 3997 192 4081 Ven.;
228 3999 364 4084 denique
393 4004 579 4084 quattuor
611 4004 649 4064 et
679 4000 827 4084 viginti
856 4021 928 4063 cum
956 4000 1073 4065 ibidem
1106 4024 1138 4084 p.
1167 4002 1231 4065 324

89 4112 158 4172 tum
182 4110 217 4172 in
238 4109 338 4193 ipsius
360 4109 491 4174 Eusebii
513 4109 644 4175 tlanone
668 4109 818 4174 chronico
839 4111 900 4174 vol.
924 4111 964 4182 11
978 4133 1010 4195 p.
1027 4112 1104 4176 213:
1127 4112 1230 4194 primo

91 4219 351 4283 existimabamus
374 4243 500 4284 onmem
522 4221 610 4284 illam
634 4221 882 4285 controversiam
902 4221 1055 4285 facillime
1077 4220 1124 4285 sic
1138 4243 1230 4304 posse

92 4327 213 4414 dirimi,
248 4333 284 4392 ut
312 4351 376 4394 non
404 4331 472 4395 sola
499 4353 557 4415 per
579 4354 612 4394 se
634 4334 833 4413 spectaretur
855 4332 1006 4396 Archelai
1033 4316 1138 4416 aetaS,
1175 4332 1230 4396 sed
