3014 5010
590 360 860 405 s‘l'lcllmlss'l'lssss.
1256 345 1296 408 70

153 514 261 594 ἄφιξιν
284 515 333 578 καλ
355 502 416 591 τὴν
436 518 501 577 τῶν
524 515 701 592 μυςτηρίιυν
729 513 903 592 παράδοςιν
931 516 988 591 τὴν
1016 518 1083 578 ταῖς
1106 515 1295 593 θυγατράςιν

154 625 255 689 αὐτοῦ
283 626 461 703 γενομέμην
491 624 560 701 ἔπη
589 625 633 687 τά
662 625 768 688 πάντα
795 625 998 703 τριςχίλια.
1021 625 1118 705 -1)
1148 624 1233 687 Suid.
1265 647 1293 686 v.

153 737 303 814 'prvut
326 735 502 812 ἠλακάτην,
518 734 636 811 ποίημα
651 735 687 798 δέ
703 735 784 798 ἐςτιν
801 785 806 796 .
825 785 831 797 .
850 786 855 796 .
872 736 979 800 ἐπῶν
996 734 1030 798 τ’.
1045 773 1087 782 -
1102 737 1136 819 ὃ)
1153 733 1240 798 Suid.
1264 757 1293 797 v.

154 847 306 920 Θέογνις;
326 845 456 922 γνώμας
470 846 509 908 δι’
525 844 666 920 ἐλεγείας
681 846 725 908 εἰς
740 845 812 923 ἔπη
837 851 925 924 ,βαι’.
940 883 982 892 -
997 845 1031 928 6)
1048 844 1135 908 Suid.
1153 867 1181 907 v.
1201 846 1295 910 Κλεό-

154 958 274 1035 βουλος
296 954 360 1017 und
382 953 477 1038 Diog.
501 953 607 1016 Laert.
632 954 663 1031 I,
689 955 745 1017 89:
775 955 922 1033 ἐποίηςεν
945 957 1066 1038 ᾄςματα
1089 957 1138 1018 καί
1160 955 1295 1035 γρίφου(

155 1066 200 1131 εἰς
233 1066 304 1142 ἔπη
337 1065 538 1144 τριςχίλια.
570 1102 603 1109 -
636 1066 669 1149 7)
699 1064 786 1129 Suid.
821 1089 850 1127 v.
886 1067 1065 1145 Μαριανός;
1099 1066 1296 1145 μετάφραςιν

154 1177 332 1255 Θεοκρίτου
364 1177 399 1238 ἐν
433 1174 555 1255 ἰάμβοις
590 1180 705 1255 ,γρν’,
743 1178 937 1257 μετάφραςιν
968 1174 1196 1241 Ἀπολλωνίου
1230 1180 1295 1239 τῶν

136 1289 408 1366 4Ἀργοναυτικῶν
431 1287 466 1351 ἐν
490 1286 613 1365 ἰάμβοις
636 1291 746 1367 ,εχη’,
769 1287 964 1366 μετάφραςιν
989 1287 1189 1364 Καλλιμάχου
1211 1286 1296 1350 Ἑκά-

154 1401 228 1476 λης,
252 1397 361 1475 ὕμνιυν
376 1398 426 1459 καὶ
440 1399 506 1459 τῶν
522 1397 767 1475 ἐπιγραμμάτων
783 1398 819 1461 ἐν
834 1397 955 1482 ἰάμβοις
971 1401 1078 1475 ,ςιυι’,
1102 1396 1296 1476 μετάφραςιν

154 1510 290 1587 Ἀράτου
305 1509 341 1571 ἐν
359 1506 478 1586 ἰάμβοις
495 1511 612 1586 ,αρμ’,
636 1508 830 1586 μετάφραςιν
848 1509 1027 1586 Νικάνδρου
1043 1510 1110 1571 τῶν
1127 1507 1295 1585 Θηριακῶν

153 1621 191 1684 ἐν
213 1619 334 1698 ἰάμβοις
357 1619 469 1695 ,ατο’.
485 1653 528 1663 -
550 1616 584 1685 8)
608 1614 694 1680 Suid.
719 1638 748 1678 v.
772 1617 997 1715 Παλαίφατοςε
1022 1617 1230 1694 κοςμοποιίαν
1253 1618 1296 1680 εἰς

152 1731 226 1807 ἔπη
249 1749 293 1808 ,ε,
318 1728 522 1791 Ἀπόλλωνος
545 1730 596 1790 καὶ
618 1729 798 1806 Ἀρτέμιδος
821 1731 921 1803 γονάς
944 1728 1015 1806 ἔπη
1040 1749 1083 1807 ff,
1108 1728 1297 1806 Ἀφροδίτης

153 1841 205 1902 καὶ
227 1839 368 1917 Ἐριυτος
389 1838 504 1918 φωνάς
534 1838 583 1901 καὶ
606 1838 723 1912 λόγους
747 1838 817 1916 ἔπη
842 1859 883 1917 ,ε,
913 1839 1045 1916 Ἀθηνᾶς
1068 1839 1135 1918 ἔριν
1159 1839 1208 1901 καὶ
1229 1838 1296 1902 Πο-

152 1953 307 2015 ςειδῶνος
336 1949 405 2026 ἔπη
435 1968 480 2028 ,α
503 1985 545 1994 -
574 1947 608 2030 9)
632 1946 718 2010 Suid.
750 1970 779 2010 v.
809 1949 984 2013 Πανύαςις;
1025 1949 1233 2027 Ἡρακλειάδα
1261 1949 1296 2013 ἐν

138 2055 284 2140 ’βιβλίοις
306 2063 347 2122 ιδ’
364 2058 407 2122 εἰς
431 2045 507 2137 ἔπη
525 2065 564 2139 ,Q
582 2059 724 2123 Ἰωνικά.
744 2107 750 2118 .
770 2109 776 2121 .
793 2109 799 2120 .
816 2058 859 2122 εἰς
884 2060 954 2136 ἔπη
978 2065 1014 2138 ,ζ.
1031 2096 1074 2106 -—
1091 2059 1144 2142 10)
1161 2057 1248 2122 Suid.
1265 2080 1294 2119 v.

151 2170 310 2235 Πιττακός
340 2168 404 2231 und
433 2167 539 2252 Diog.'
558 2168 663 2231 Laert.
693 2169 723 2245 Ι,
755 2167 810 2230 79:
839 2170 967 2246 ἐποίηςε
995 2170 1044 2232 καί
1072 2170 1195 2244 ἐλεγεῖα
1225 2169 1296 2245 ἔπη

152 2281 350 2354 ἑξακόςια,
384 2281 434 2343 καί
463 2279 543 2358 ὑπὲρ
576 2279 687 2358 νόμων
721 2281 941 2358 καταλογάδην
971 2283 1039 2344 τοῖς
1071 2280 1225 2343 πολίταις.
1255 2315 1298 2324 —-

156 2392 210 2472 11)
233 2389 434 2473 Diogenes
457 2389 561 2452 Laert.
586 2389 612 2469 l,
636 2389 692 2452 61:
725 2391 869 2470 γέγραφε
893 2393 928 2454 δὲ
951 2390 1090 2470 ((όλιυν)
1112 2391 1213 2465 δῆλον
1240 2391 1296 2466 μὲν

112 2528 116 2533 ’
153 2502 204 2565 ὅτι
226 2502 301 2564 τοὺς
323 2501 458 2578 νόμους,
482 2500 531 2564 καὶ
553 2500 746 2579 δημηγορίας
769 2503 818 2572 δὲ,
846 2503 895 2564 καὶ
918 2502 961 2564 εἰς
984 2500 1100 2565 ἑαυτὸν
1123 2500 1296 2578 ὑποθήκας,

153 2612 294 2687 ἐλεγεῖα,
325 2613 373 2674 καὶ
401 2613 440 2674 τά
468 2611 540 2689 περὶ
563 2610 738 2688 (αλαμίνος
766 2613 892 2689 καὶτῆς
920 2610 1095 2688 Ἀθηναίων
1125 2610 1296 2684 πολιτείας,
1315 2635 1347 2680 93

152 2723 227 2800 ἔπη
250 2720 563 2799 πεντακιςχίλια,
587 2722 636 2784 καὶ
659 2720 789 2801 ἰάμβους
812 2723 861 2784 καὶ
880 2721 1043 2803 ’ἐπῳδούς
1059 2758 1101 2767 -
1124 2719 1177 2803 12)
1199 2719 1294 2804 Diog.

152 2830 217 2911 IX,
234 2831 291 2894 20:
314 2831 441 2909 ἐποίηςε
464 2833 500 2894 δὲ
515 2831 732 2914 (Ξενοφάνης)
753 2834 803 2895 καὶ
827 2832 1027 2910 Κολοφῶνος
1049 2832 1145 2896 κτίςιν
1167 2833 1217 2896 καί
1239 2833 1296 2894 τὸν

153 2944 199 3007 εἰς
215 2943 323 3006 Ἐλέαν
347 2946 401 3019 τῆς
425 2942 554 3005 Ἰταλίας
570 2940 771 3019 άποικιςμόν,
795 2943 865 3019 ἔπη
888 2941 1065 3019 διςχίλια.
1082 2979 1124 2988 -
1142 2943 1194 3023 13)
1211 2939 1296 3004 Ste-

155 3050 310 3134 phanus
340 3050 416 3134 Byz.
447 3074 475 3113 v.
508 3051 662 3129 Μίλητος;
697 3052 850 3131 Τιμόθεος
880 3051 1074 3135 κιθαρῳδός,
1103 3052 1140 3115 ὃς
1169 3051 1296 3129 ἐποίηςε

152 3162 266 3238 νόμων
282 3165 498 3242 κιθαρῳδικῶν
516 3162 645 3241 βίβλους
661 3161 874 3226 ὀκτωκαίδεκα
890 3163 932 3227 εἰς
948 3164 1055 3226 ἐπῶν
1078 3162 1295 3239 ὀκτακιςχι-

153 3273 252 3335 λίυιν
274 3272 332 3336 τὸν
354 3270 503 3350 ἀριθμὸν,
531 3273 580 3335 καὶ
609 3272 768 3351 πμονάμια
790 3273 900 3337 αὐλῶν
928 3274 1039 3351 χίλια.
1067 3309 1100 3316 -
1129 3270 1181 3354 14)
1205 3268 1295 3334 Cer-

152 3389 245 3444 tam.
261 3379 418 3444 Hesiod.
437 3386 475 3443 et
490 3380 594 3444 Hom.
612 3404 643 3464 p.
661 3382 720 3446 251
741 3381 826 3470 [323]
844 3382 981 3446 Goettl.:
1004 3384 1022 3445 δ
1040 3385 1075 3446 δὲ
1088 3368 1250 3460 Ὅμηρος.
1265 3428 1294 3441 ..

152 3494 245 3568 ἔλεγε
268 3493 307 3556 τά
328 3493 502 3570 ποιήματα,
526 3496 657 3572 πρῶτον
680 3496 737 3571 μὲν
757 3496 814 3570 τήν
831 3494 988 3573 θηβαῖδα,
1012 3493 1082 3570 ἔπη
1105 3498 1132 3570 ,ζ
1150 3539 1156 3553 .
1176 3538 1183 3553 .
1203 3539 1211 3553 .
1228 3490 1296 3554 εἶτα

152 3603 357 3679 Ἐπιγόνους,
374 3602 444 3681 ἔπη
461 3608 497 3680 ,L
514 3639 556 3649 —-
575 3603 626 3680 15)
643 3602 767 3665 Ebend.
786 3625 816 3684 p.
833 3603 896 3666 ‘252
921 3599 1024 3687 [32412
1048 3603 1125 3679 μετὰ
1147 3602 1296 3664 δὲταῦτα

153 3715 242 3776 ποιεῖ
269 3714 327 3789 τὴν
350 3713 547 3784 Ὀδύςςειαν,
577 3713 647 3790 ἔπη
674 3716 776 3792 μ,βφ’,
804 3715 987 3796 πεποιηκὼς
1015 3712 1075 3789 ἤδη
1103 3714 1160 3788 τὴν
1185 3711 1297 3775 Ἰλιάδα

153 3823 246 3887 ἐπῶν
268 3819 330 3909 με’.
360 3858 393 3868 —-
423 3822 474 3904 16)
498 3820 718 3884 [Ῑυίαιαοίιτίίί
740 3821 828 3884 eines
851 3820 1088 3886 Salmasischen
1105 3820 1211 3885 Codex
1234 3843 1296 3883 von

153 3930 303 3994 Paulus
331 3931 608 3995 Silentiarius:
652 3932 820 4012 Ἔκφραςις
843 3954 869 3996 τ.
902 3953 968 4008 μεγ.
993 3933 1032 3995 ἐ.;
1062 3932 1187 4010 ςτίχοι
1215 3931 1295 4008 ὁμοῦ

151 4042 288 4118 ἡρωικοὶ
318 4050 386 4119 ,ας’,
416 4041 547 4122 ἰαμβικοί
581 4047 639 4119 μν’.
669 4079 711 4089 -
741 4043 793 4124 11)
822 4041 882 4104 Die
911 4039 1115 4124 Borgia'sche
1143 4038 1296 4102 Marmor-

152 4150 236 4215 tafel
259 4150 310 4213 bei
326 4149 453 4212 Heeren
475 4151 509 4213 in
526 4151 609 4214 Bibl.
632 4152 661 4214 d.
685 4152 741 4214 alt.
758 4152 834 4215 Litt.
858 4174 887 4214 u.
904 4150 1011 4215 Kunst
1026 4150 1072 4215 St.
1090 4149 1137 4213 IV
1153 4172 1184 4232 p.
1200 4149 1242 4211 43
1263 4151 1295 4211 ff.

153 4260 242 4325 Zeile
269 4261 303 4323 8:
420 4261 567 4336 ἔπεςιν,
596 4263 646 4326 καί
675 4264 841 4326 Δαναΐδας
864 4255 928 4327 ἘΦ
956 4265 1061 4332 ἐπῶν;
1090 4260 1123 4323 Z.
1157 4261 1210 4323 10:

153 4392 206 4436 τες
235 4371 342 4435 ἐπῶν
370 4371 468 4437 οὗςαν
488 4363 547 4435 ἘΧ
577 4373 776 4451 ὑποθήςομεν
801 4370 952 4451 Θηβαίδα
975 4423 982 4436 .
1002 4423 1007 4434 .
1026 4399 1048 4442 ,ς
1077 4370 1111 4434 Z.
1139 4372 1192 4433 11:
1219 4421 1225 4432 .
1249 4420 1254 4431 .
1279 4392 1296 4433 ν
