2948 4996
231 330 295 401 384
555 350 584 399 c.
608 345 753 400 narsum
777 344 1049 400 arianoamonns

232 505 355 569 alienus
378 525 462 587 esse,
491 505 545 589 qui
571 504 734 570 verissime
764 527 835 570 cum
863 505 961 569 Asiae
989 509 1021 569 et
1042 504 1191 588 Europae
1218 505 1374 581 terminos

232 616 443 697 constituerit,
467 620 536 678 tum
558 615 599 680 ab
622 616 764 681 Caucaso
786 616 950 679 meridiem
972 638 1080 680 versus
1103 615 1288 680 Amazonas
1312 619 1373 681 col·

231 726 354 809 locarit,
378 748 532 810 quemque
548 731 693 809 apertum
716 730 764 790 est
786 727 821 789 in
837 726 915 790 Asia
933 726 1086 811 cogitare,
1110 748 1176 789 non
1191 727 1228 790 in
1243 725 1373 811 Europa

230 837 326 899 situm
353 836 530 900 Caucasum
564 840 597 899 et
625 835 817 900 Colchidem.
863 836 1021 911 Quoniam
1050 839 1156 899 autem
1189 858 1271 920 quae
1300 837 1373 900 aliis

229 946 268 1009 de
292 946 410 1010 caussis
433 950 506 1029 post
529 969 557 1009 v.
583 947 644 1011 793
675 947 845 1010 statuenda
872 951 920 1010 est
947 947 1063 1010 lacuna
1084 947 1165 1010 facit
1186 951 1224 1009 ut
1245 946 1285 1010 de
1309 969 1374 1011 uno

230 1056 347 1120 codicis
368 1056 445 1120 folio
465 1057 571 1119 lacero
593 1057 643 1120 vel
658 1078 719 1140 quo
742 1056 834 1120 modo
851 1078 982 1140 cumque
999 1060 1147 1139 corrupto
1163 1057 1373 1141 cogitandum

170 1246 173 1250 Δ
229 1166 271 1229 sit
293 1167 489 1246 necessario,
524 1168 591 1230 veri
619 1187 684 1229 non
713 1170 762 1230 est
788 1166 957 1247 dissimile,
982 1166 1088 1230 alieno
1109 1167 1144 1229 in
1172 1167 1259 1249 loco,
1300 1190 1373 1231 eum

229 1277 332 1340 denuo
355 1276 615 1361 compingeretur
636 1275 690 1339 ille
712 1276 809 1358 liber,
843 1277 998 1340 insertum
1032 1276 1111 1339 illud
1143 1277 1256 1339 folium
1290 1299 1372 1341 esse.

227 1386 267 1449 ln
290 1409 351 1470 quo
373 1387 400 1449 si
424 1408 461 1450 ea
483 1386 661 1469 perscripta
684 1390 800 1469 essent,
825 1408 905 1470 quac
928 1407 1014 1450 nuno
1035 1387 1188 1471 leguntur
1211 1410 1229 1449 a
1251 1410 1283 1451 ν.
1310 1388 1374 1452 719

229 1497 269 1560 ad
307 1520 337 1560 r.
368 1497 446 1578 730,
484 1496 686 1579 planissime,
727 1519 788 1580 quo
826 1496 920 1560 modo
956 1518 995 1560 ex
1035 1497 1165 1579 proprio
1201 1497 1273 1560 loco
1316 1519 1374 1561 suo

228 1606 290 1670 huc
311 1607 475 1690 potuerint
502 1607 688 1689 transferri,
722 1606 930 1691 intellegitur.
975 1606 1135 1670 Pristinus
1163 1607 1266 1691 igitur
1295 1608 1374 1671 ordo

227 1716 280 1780 hic
301 1717 378 1781 fuit:

143 1876 210 1925 ιλιι
378 1862 529 1941 ἀνήμεροι
551 1863 612 1942 γὰρ
635 1862 712 1926 οὐδὲ
734 1856 932 1942 πρόεπλατοι
954 1865 1066 1928 ξένοις.
1320 1875 1373 1925 718

380 1973 487 2050 ἰεθμὸν
510 1973 541 2035 δ’
565 1973 619 2036 ἐπ’
643 1973 752 2037 αὐτοῖς
774 1974 981 2052 ετενοπόροιε
1004 1973 1112 2071 λίμνη(
1135 1973 1251 2038 πύλαι(
1319 1984 1368 2033 731

380 2083 564 2161 Κιμμερικὸν
586 2082 669 2159 ἥξει(
690 2120 742 2163 -‚

1121 2192 1147 2231 Ι

225 2217 278 2279 hic
301 2221 406 2280 autem
429 2217 502 2280 inde
526 2193 596 2280 ον.
622 2217 700 2281 792:

377 2354 456 2418 ὅταν
479 2355 617 2437 περάεῃε
641 2354 767 2432 ῥεῖθρον
790 2355 931 2432 ἠπείρων
955 2354 1035 2433 ὅρον

377 2466 458 2543 πρὸ(
481 2464 619 2529 ἀντολὰς
642 2466 822 2544 φλογῶπας
845 2465 1046 2544 ἡλιοετιβεῑε,
1318 2477 1372 2529 793

375 2574 458 2651 ἥξει(
481 2576 513 2638 δ’
536 2575 682 2654 ὑβριετήν
705 2576 851 2652 ποταμὸν
875 2575 915 2638 οὐ
938 2575 1164 2653 ψευδώνυμον,
1318 2587 1371 2637 ιιν

377 2793 468 2859 αὗταί
491 2797 523 2859 ε’
546 2796 733 2873 ὁδηγήεουει
755 2795 805 2858 καὶ
827 2796 904 2872 μάλ)
927 2795 1078 2873 ἀεμένωε.
1318 2806 1371 2857 730

683 2905 701 2942 ss
889 2903 906 2940 ²l=

786 2952 803 2990 a

375 3017 498 3081 πόντου
520 3020 650 3096 περῶεα
673 3019 841 3095 φλοῑεβον,
866 3016 931 3079 ἔετ’
955 3016 995 3079 ἂν
1018 3015 1101 3098 ἐξίκῃ
1118 3036 1146 3077 e.
1164 3038 1194 3098 q.
1211 3038 1237 3078 s.
1317 3029 1368 3077 ror

221 3154 273 3218 Ita
295 3152 410 3216 itinere
432 3150 657 3236 geographicis
685 3150 863 3213 rationibus
891 3171 1018 3234 prorsus
1048 3153 1268 3215 consentaneo
1289 3152 1327 3216 Ιο
1350 3176 1369 3215 a

222 3262 412 3327 Prometheo
443 3261 591 3345 pervenit
619 3260 658 3322 ad
689 3260 824 3343 Scythas
858 3282 915 3343 per
948 3259 1125 3342 Bosporum
1159 3259 1368 3325 Cimmerium

222 3395 319 3456 usque
341 3373 377 3436 in
399 3372 590 3436 Caucasum:
619 3392 680 3454 quo
703 3375 891 3433 transcenso
915 3369 1080 3433 meridiem
1101 3391 1209 3433 versus
1234 3393 1368 3457 progre-

222 3483 307 3546 ditur
329 3483 362 3546 in
386 3481 569 3546 Colchidcm
593 3482 792 3544 Amazonum
814 3484 948 3561 terram,
979 3503 997 3542 a
1021 3479 1135 3563 quibus
1159 3501 1257 3563 porro
1280 3482 1369 3547 duci·

221 3597 274 3656 tur
306 3593 342 3656 in
370 3614 423 3655 aas
456 3595 575 3672 terras,
616 3614 749 3675 quarum
779 3590 910 3653 nomina
937 3593 1068 3674 propter
1097 3590 1248 3654 lacunam
1276 3593 1370 3657 illam

221 3702 468 3766 interciderunt:
491 3701 641 3765 videntur
662 3705 771 3764 tamen
786 3722 842 3764 eae
858 3701 954 3764 Asiae
977 3700 1125 3784 regiones
1147 3700 1260 3784 fuisse,
1285 3726 1369 3787 quae
1421 3719 1424 3724 “

221 3813 256 3876 in
278 3812 388 3876 eadem
410 3835 444 3876 re
467 3815 755 3877 commemorantur
776 3811 811 3875 in
831 3811 1042 3894 Supplicibus
1074 3809 1233 3885 Quoniam
1258 3820 1369 3878 autem

221 3922 282 3987 duo
304 3926 379 3986 sunt
401 3921 534 4006 Bospori
563 3925 603 3986 ab
626 3922 704 3986 Ione
724 3922 898 4005 appellati,
932 3920 1061 3985 Thracii
1090 3921 1219 4005 quidem
1242 3926 1370 3989 mentio

220 4033 256 4096 fit
279 4056 316 4097 eo
338 4055 446 4114 versu,
476 4034 530 4117 qui
558 4036 630 4117 post
656 4033 806 4096 lammam
835 4033 955 4115 primus
978 4034 1040 4095 est:
1085 4032 1208 4096 πόντου
1233 4041 1371 4116 περῶεα

219 4147 386 4223 φλοῐεβον,
414 4142 445 4206 id
467 4143 550 4227 quod
570 4143 694 4228 pridem
714 4142 794 4206 vidit
814 4142 839 4206 Ι.
857 4142 899 4206 Η.
916 4141 1059 4205 Vossius.
1091 4141 1259 4207 Immerito
1277 4147 1370 4210 enim

218 4249 407 4316 Welekerua
435 4252 631 4336 obloquitur,
667 4255 715 4317 cui
744 4252 910 4317 nonsatis
933 4256 1010 4336 apta
1032 4254 1156 4318 πόντου
1185 4255 1369 4338 appellatio

219 4359 355 4425 videtur.
391 4362 476 4424 Nam
498 4384 591 4445 quem
614 4364 804 4427 admodum
827 4363 931 4446 ipsum
954 4363 1131 4447 Bosporum
1154 4361 1370 4431 Cimmerium
