3008 5002
253 342 316 405 216
603 353 760 400 'enarras
783 352 1045 399 ereouaoouaua

254 509 396 572 nuncin
419 507 507 570 libris
531 505 776 587 Aristophaneis
800 505 964 589 leguntur,
989 508 1138 587 excerpta
1161 505 1248 568 sint·
1281 507 1392 589 Ipsum

185 653 189 662 ·
254 622 360 682 autem
382 617 531 680 Taetzam
553 614 674 678 scholia
689 614 888 697 Dionysiana
906 618 1048 677 secutum
1063 636 1131 678 esse
1146 635 1211 678 non
1227 615 1296 678 sine
1319 638 1392 698 pro·

253 727 420 791 habilitate
436 725 573 788 coniecit
587 723 780 787 Ritschelius
797 724 911 788 Coroll.
928 746 959 806 p.
979 726 1032 805 17,
1056 745 1247 807 quamquam
1269 725 1392 807 praeci-

253 858 350 919 puum
383 835 475 898 huius
508 833 668 919 opinionis
700 832 958 914 fundamentum,
993 833 1075 916 quod
1108 834 1142 896 in
1175 834 1272 896 simili
1306 835 1393 917 apud

254 952 420 1028 utrumque
441 943 480 1007 de
495 943 627 1007 Homeri
648 943 841 1006 carminibus
857 943 1042 1006 narratione
1062 943 1201 1026 positum
1216 947 1279 1026 est,
1304 965 1393 1008 ever-

253 1059 320 1118 tere
349 1054 543 1117 conabimur.
589 1051 672 1115 Nam
700 1051 880 1115 Parisinum
907 1052 1152 1136 grammaticum
1174 1075 1193 1115 a
1218 1053 1394 1117 scholiasta

254 1163 400 1245 Dionysii
428 1165 614 1245 usurpatum
643 1183 726 1243 esse,
761 1183 841 1244 quae
873 1162 936 1225 fuit
963 1160 1196 1226 Schneidewini
1229 1164 1394 1227 sententia

254 1273 389 1355 Ephem.
414 1272 561 1356 Gotting.
586 1294 615 1334 a.
642 1271 881 1335 1840m.1u11.
910 1293 941 1353 p.
966 1271 1044 1352 950,
1073 1272 1177 1334 minus
1200 1272 1265 1335 veri
1288 1273 1395 1339 simile

254 1386 303 1445 cst
324 1381 460 1445 maxime
482 1383 612 1464 propter
633 1381 730 1443 verba
753 1383 828 1444 ante
845 1380 943 1443 citata
964 1383 1081 1457 γέγονε
1103 1384 1138 1445 δὲ
1160 1386 1216 1460 τῆ(
1231 1386 1288 1460 μὲν
1304 1384 1395 1462 πρώ-

254 1513 309 1570 τη(
337 1513 423 1574 sqq.,
453 1511 533 1573 quae
556 1491 589 1553 iu
613 1489 741 1553 scholiis
764 1488 970 1572 Dionysianis
997 1513 1028 1573 p.
1053 1490 1115 1553 749
1137 1491 1240 1574 magis
1263 1492 1395 1575 integra

254 1601 353 1664 habes
376 1600 436 1663 sie:
460 1601 510 1664 καὶ
531 1605 586 1678 τῆ(
609 1602 666 1677 μὲν
688 1603 825 1663 nolano<
847 1601 954 1663 πολλὰ
976 1601 1153 1677 γεγόνααν,
1183 1601 1332 1679 {sicquae
1359 1605 1396 1668 δὲ

257 1713 409 1789 Κρατῖνος
439 1711 458 1774 ὁ
486 1713 536 1773 καὶ
563 1709 796 1788 πραττόμενοε·
823 1710 973 1787 μετέεχον
1003 1711 1038 1773 δέ
1066 1729 1153 1774 τινος
1184 1712 1304 1789 χρόνου
1336 1717 1396 1790 τῆ(

256 1823 393 1884 παλαιᾶς
416 1820 582 1902 κωμῳδία(
606 1819 740 1882 Εὔπολίς
763 1840 796 1882 τε
820 1820 869 1882 καὶ
891 1820 1126 1898 Ἀριετοφάνηε.

339 1928 430 1991 Haec
452 1928 551 2011 igitur
578 1927 617 1990 de
640 1926 785 1990 Parisino
809 1928 1046 1990 commentario.
1091 1926 1143 1990 Ad
1165 1927 1396 1993 Plautinum

256 2041 363 2100 autem
385 2036 578 2100 scholium
593 2036 797 2099 iudicandum
814 2057 883 2098 cum
906 2040 1032 2119 praeter
1054 2037 1138 2100 hunc
1154 2037 1218 2099 iam
1240 2038 1397 2121 bipertita

257 2146 373 2210 codicis
390 2146 593 2209 Ambrosiaui
618 2145 844 2229 prolegomena
867 2146 1029 2228 proposita
1045 2146 1125 2227 sint,
1150 2168 1166 2209 e
1190 2148 1303 2230 quibus
1326 2150 1396 2213 eius

151 2269 153 2271 ’
255 2257 346 2339 origo
361 2256 587 2338 investigetur,
604 2255 642 2317 de
657 2254 721 2316 illis
736 2254 890 2318 Parisinis
906 2277 1001 2337 quam
1016 2255 1139 2318 incerta
1159 2278 1209 2319 res
1224 2257 1277 2338 sit,
1301 2259 1396 2321 testis
1472 2314 1474 2318 ,

256 2368 304 2427 est
327 2385 434 2427 eorum
456 2364 509 2446 qui
532 2365 570 2428 de
593 2364 653 2426 hac
676 2385 710 2426 re
735 2363 978 2446 disputaverunt
1005 2365 1175 2447 dissensi0,
1204 2388 1264 2430 nec
1286 2368 1395 2431 minus

256 2473 380 2535 diversa
410 2495 428 2534 a
457 2472 565 2534 latinis
594 2472 681 2554 prior
708 2473 991 2536 Ambrosianorum
1019 2496 1103 2557 pars.
1149 2476 1268 2539 Contra
1291 2477 1395 2540 altera

256 2603 330 2664 pars
352 2581 398 2643 ita
422 2603 492 2643 cunr
515 2602 551 2643 eo
575 2582 751 2663 consentit,
783 2587 904 2645 utnon
932 2583 974 2645 sit
1003 2584 1085 2645 iusta
1109 2606 1219 2667 causa,
1250 2607 1305 2649 cur
1333 2588 1395 2649 hoc

257 2712 325 2752 esse
347 2690 440 2772 illud,
463 2690 544 2771 quod
567 2712 600 2753 se
623 2695 765 2754 secutrun
781 2713 848 2756 esse
871 2693 988 2755 latinus
1012 2694 1239 2776 grammaticus
1260 2695 1393 2777 fatetur,

257 2798 362 2862 Caecii
379 2804 591 2862 commentum
608 2822 770 2883 negemus.
816 2802 1004 2884 Quanquam
1020 2803 1105 2865 enim
1121 2804 1252 2865 nonita
1275 2826 1394 2887 graeca

256 2908 415 2990 sequitur,
439 2912 475 2970 ut
496 2909 627 2971 verbum
650 2909 745 2971 verbo
767 2910 895 2991 reddat,
922 2915 1047 2991 tamen,
1071 2933 1112 2974 ue
1134 2912 1239 2975 dicam
1261 2912 1300 2975 de
1323 2936 1393 2977 sen-

255 3017 428 3080 teutianmr
450 3040 544 3100 quam
567 3018 653 3080 vides
676 3019 885 3102 aequalitate,
916 3019 996 3081 nihil
1025 3024 1073 3082 est
1101 3043 1224 3103 eorum,
1255 3044 1337 3106 (lirae
1360 3025 1393 3086 iu

256 3125 365 3188 latinis
381 3125 474 3188 aliter
489 3149 584 3209 <quani
599 3127 632 3189 in
648 3129 772 3210 graecis
788 3129 873 3191 dieta
889 3134 978 3209 sinit,
1003 3130 1085 3212 quod
1106 3151 1171 3193 non
1192 3131 1294 3213 possis
1310 3131 1393 3195 Italo

256 3233 377 3297 homini
400 3234 548 3297 tribuere.
588 3235 671 3298 Nam
694 3244 729 3299 ut
750 3236 830 3299 haec
852 3238 890 3299 de
913 3237 1095 3301 Ptolemaeo
1110 3238 1320 3322 Philadelpho
1343 3250 1396 3319 qui

255 3351 362 3406 mirum
385 3351 415 3407 in
439 3350 557 3407 modam
577 3349 705 3420 [avehat
732 3354 859 3423 rapereris
880 3360 908 3409 et
925 3351 1032 3423 francae
1059 3355 1214 3412 doctorum
1241 3355 1391 3414 hominum

191 3464 238 3512 1‘28
256 3451 351 3514 facile
368 3452 482 3515 addere
498 3457 634 3535 poterat,
654 3455 840 3537 pracsertim
857 3477 927 3518 cum
943 3457 1067 3537 saepius
1083 3479 1191 3540 regem
1207 3459 1247 3520 ab
1264 3463 1393 3522 auctore

257 3582 313 3623 suo
336 3561 481 3623 similiter
504 3563 666 3625 laudatum
682 3586 750 3626 osse
766 3564 901 3645 videret,
926 3566 971 3626 ita
995 3569 1124 3648 propter
1141 3568 1236 3629 verba
1258 3588 1395 3644 praecor

256 3676 332 3731 artis
356 3677 490 3748 poeticos·
516 3678 608 3735 libros
637 3680 666 3734 in
696 3695 784 3736 uorem
812 3680 998 3751 colaverunt
1028 3688 1056 3738 et
1085 3684 1114 3738 in
1143 3682 1277 3739 ordinem
1306 3684 1393 3739 rede·

254 3790 379 3855 perant,
405 3800 462 3860 pro
485 3781 597 3862 quibus
620 3781 653 3843 in
669 3783 794 3864 graecis
813 3786 861 3844 ost
875 3805 973 3846 uniun
989 3787 1174 3864 διώρθωεαν
1192 3785 1393 3880 vocabulum,

256 3908 321 3949 non
337 3908 414 3968 opus
431 3891 529 3950 estut
548 3889 587 3951 de
603 3889 665 3951 alio
687 3891 792 3971 fonte,
817 3892 942 3974 qualem
958 3894 1050 3955 finxit
1065 3893 1257 3956 Ritschelius
1274 3893 1392 3958 Coroll.

256 4016 286 4075 p.
316 3997 371 4075 20,
403 3997 587 4078 cogitemus.
633 3998 744 4081 Neque
773 4001 858 4062 enim
886 4002 1017 4082 mirum,
1048 4002 1129 4085 quod
1158 4002 1274 4083 Italus,
1298 4025 1395 4085 quem

256 4104 449 4185 excerpsisse
472 4106 576 4188 potius
599 4129 655 4169 sua
678 4131 694 4170 c
717 4110 840 4191 graecis
864 4114 895 4171 et
917 4114 985 4171 toto
1002 4111 1228 4173 commentario
1250 4111 1395 4193 perlecto

256 4233 410 4276 summam
427 4217 608 4297 argumenti
624 4217 811 4299 reddidisse,
836 4241 930 4300 quarn
946 4241 1062 4302 graeca
1078 4220 1174 4282 verba
1188 4220 1395 4283 transtulisse

256 4317 427 4404 intelligis,
452 4345 509 4404 pro
530 4330 680 4403 διορθοῦν
704 4328 814 4409 verbo,
840 4327 926 4390 cuius
948 4327 1011 4390 vim
1026 4350 1086 4392 nec
1107 4327 1311 4390 intellexerat
1333 4351 1396 4392 nec
