2896 4996
234 298 296 359 614
615 311 661 356 na
685 309 754 357 ouo
777 309 821 355 11
844 309 987 357 narona.

235 466 355 528 mentio
377 466 465 528 facta
488 467 546 526 est.
591 463 636 526 Vt
665 465 771 526 autem
800 462 841 524 ab
868 461 955 524 omni
983 465 1076 545 parte
1102 462 1186 545 quod
1213 464 1375 546 posuimus

235 576 411 656 firmemus,
441 595 506 637 non
534 577 582 635 est
604 572 732 636 silentio
760 571 1043 655 praetereundum,
1071 572 1175 635 tribus
1198 595 1257 637 nec
1280 574 1375 656 pluri-

236 686 294 748 bus
316 684 394 758 locis
417 684 452 746 in
474 683 603 747 Orionis
630 682 733 745 lexico
756 683 908 762 (ωρανόε
935 703 1054 745 nomen
1082 683 1237 747 excidisse
1266 683 1375 765 videri,

237 818 265 857 v.
290 793 432 874 ἀρτηρία,
455 794 576 873 patrol,
598 794 734 868 λογάδες
756 815 788 875 p.
816 793 864 874 17,
888 792 919 855 3.
946 791 1015 875 101,
1039 793 1069 856 3.
1094 792 1147 874 92,
1170 793 1203 875 6,
1227 815 1377 856 revocan-

237 883 372 988 drunque
396 925 463 966 essa
488 925 526 965 ex
541 902 595 966 Et.
613 901 694 965 Gud.
720 925 751 985 p.
768 902 820 984 81,
844 901 887 965 40
909 901 1064 986 (0111111.
1083 902 1127 965 M.
1145 902 1220 966 Par.
1237 926 1270 987 p.
1290 904 1375 986 7641.

237 1015 309 1097 381,
333 1015 384 1078 37.
409 1013 462 1076 Et.
486 1013 530 1075 M.
555 1035 586 1096 p.
609 1012 683 1093 572,
706 1012 758 1076 43.
803 1010 924 1086 Quibus
951 1012 1029 1075 item
1055 1015 1121 1075 tres
1150 1015 1311 1077 accedunt
1333 1014 1377 1076 in·

237 1129 348 1208 tegrae
371 1145 474 1205 voces,
498 1144 606 1185 earum
628 1142 760 1185 numero
782 1122 1010 1205 accensendae,
1040 1145 1118 1206 quas
1140 1145 1229 1187 nunc
1254 1125 1376 1208 elapsas

238 1234 313 1296 olim
336 1233 496 1296 exstitisse
520 1231 711 1295 coniecinrus
735 1236 754 1311 ξ
780 1233 835 1314 13,
865 1234 1029 1313 κολαφίζω
1059 1232 1140 1296 Gud.
1165 1256 1198 1316 p.
1223 1235 1304 1316 333,
1327 1236 1375 1314 38,

237 1346 315 1421 μέλη
347 1341 424 1405 Zon.
454 1365 486 1426 p.
514 1342 610 1424 1347,
641 1342 799 1437 κρόταφοι
826 1341 879 1406 Ec.
908 1341 952 1404 M.
976 1365 1008 1426 p.
1032 1343 1114 1425 541,
1138 1343 1191 1407 23.
1237 1342 1324 1407 Nam
1345 1345 1377 1406 in

239 1453 351 1515 harum
373 1452 486 1515 ultima
509 1473 565 1515 eur
586 1452 718 1515 minime
741 1452 783 1515 sit
805 1454 854 1516 vel
877 1453 977 1532 Ὧρο(
999 1452 1182 1517 eGudiano
1198 1477 1230 1538 p.
1250 1454 1324 1536 349,
1342 1454 1377 1517 18

239 1562 455 1645 recipiendum
478 1562 527 1625 vel
551 1584 589 1624 ex
612 1561 791 1626 Havniensi
817 1562 951 1647 (Adnot.
974 1586 1006 1648 p.
1031 1563 1106 1647 935)
1130 1564 1266 1644 Ὠρίων,
1296 1586 1375 1627 nunc

239 1671 365 1735 demum
388 1693 426 1735 ex
449 1675 711 1755 argumentorum
725 1673 757 1735 11
772 1673 910 1737 invicem
925 1695 1078 1737 nexorum
1100 1674 1241 1757 perspici
1264 1677 1374 1756 potest.

240 1782 330 1856 Quod
352 1782 379 1844 si
401 1803 491 1845 secus
514 1786 608 1865 esset,
632 1804 696 1845 uno
719 1783 858 1847 alterove
879 1784 948 1847 loeo
964 1785 1051 1847 certo
1067 1787 1270 1867 compareret
1284 1785 1375 1864 Ὠροε

241 1892 435 1970 ὁΜιλήειο(
457 1892 625 1975 scriptura.
670 1892 754 1957 lllud
783 1897 890 1957 autem
917 1894 958 1957 ab
985 1915 1049 1956 uno
1076 1915 1203 1977 quoque
1225 1898 1304 1977 puto
1324 1915 1374 1956 sua

240 2004 354 2084 sponte
376 2001 539 2086 intellegi,
568 2024 634 2064 non
661 2003 729 2065 leve
757 2003 918 2067 iudicandi
944 2006 1142 2065 momentum
1164 2003 1260 2087 ineo
1284 2003 1372 2080 cerni,

241 2111 323 2194 quod
346 2111 386 2174 ad
410 2112 549 2194 corporis
572 2111 703 2176 humani
726 2092 833 2197 partes
857 2114 1013 2199 singulae,
1031 2113 1208 2198 dequibus
1231 2113 1371 2192 diximus,

240 2243 333 2284 voces
356 2221 530 2304 pertinent.

764 2422 783 2497 1
808 2418 857 2481 11.

328 2552 373 2613 At
398 2554 508 2614 tamen
536 2552 586 2614 vel
618 2553 665 2615 sic
697 2574 763 2616 uon
796 2552 929 2636 exiguus
962 2555 1063 2615 restat
1091 2575 1205 2617 vocum
1232 2573 1371 2616 numerus

244 2661 355 2725 Orioni
379 2684 450 2724 cum
473 2662 537 2725 Oro
561 2663 789 2744 communium,
824 2663 859 2725 in
881 2663 987 2746 eisque
1017 2663 1192 2726 eiusmodi
1215 2663 1370 2747 quaedam,

244 2771 357 2856 quibus
379 2772 567 2854 luculenter,
592 2773 633 2835 ab
649 2773 713 2836 Oro
729 2774 927 2856 aliquantum
943 2773 1032 2836 111111
1055 2773 1229 2855 profecisse
1251 2774 1286 2835 in
1308 2793 1370 2836 eon·

245 2881 406 2946 cinnando
421 2880 656 2966 EtymologieO,
682 2883 913 2965 comprobetur.
945 2883 985 2946 ln
1000 2883 1108 2966 atym.
1133 2883 1177 2946 M.
1202 2906 1234 2966 p.
1252 2883 1321 2962 823,
1335 2880 1370 2942 40

244 2995 339 3077 (quae
361 2996 542 3076 propagata
565 2993 695 3055 suntin
719 2992 869 3056 Favorini
885 2992 955 3056 Ecl.
979 3016 1011 3076 p.
1034 2993 1109 3076 453,
1136 2994 1189 3078 16)
1212 2992 1370 3076 dupliciter

244 3103 406 3166 derivatur
428 3102 510 3182 ὧρε(
533 3103 733 3185 vocabulum,
757 3105 793 3166 ut
815 3105 871 3166 aut
893 3107 998 3166 ortum
1020 3103 1062 3165 sit
1085 3125 1123 3166 ex
1144 3103 1256 3184 dupoc,
1278 3104 1369 3181 dapar,

244 3215 340 3293 ὄαρε(
363 3215 420 3275 aut
442 3233 479 3275 ex
503 3212 579 3295 ὄαρ,
604 3212 682 3293 ἄορ,
712 3216 744 3276 et
766 3212 845 3277 haec
867 3212 995 3296 quidem
1017 3235 1091 3297 pars
1115 3213 1161 3276 sic
1185 3213 1369 3277 adnectitur:

244 3325 262 3388 ὁ
287 3326 321 3387 δὲ
344 3324 441 3402 ’apoc
463 3324 559 3400 λέγει,
587 3323 636 3387 ὅτι
658 3325 745 3404 παρὰ
766 3325 804 3388 τὸ
827 3323 909 3403 ὁμοῦ
932 3324 1083 3403 ἀρηρέναι
1104 3323 1225 3398 γίνεται
1248 3325 1307 3402 dap
1327 3321 1370 3384 καὶ

244 3434 410 3514 ὑπερθέεει
435 3432 496 3512 ἄορ
519 3435 569 3497 καὶ
591 3436 769 3518 (υναλοιφῇ
792 3433 847 3514 obp.
877 3433 930 3496 Ab
953 3433 1071 3497 Orione
1094 3436 1203 3509 autem
1225 3456 1257 3517 p.
1277 3430 1369 3511 roal

195 3562 225 3606 31
245 3544 489 3628 haudquaquam
522 3544 679 3628 posterior
705 3547 833 3607 tantum
866 3544 1021 3607 derivatio
1054 3547 1202 3627 suscepta
1232 3547 1295 3625 est,
1327 3537 1371 3603 sed

245 3654 421 3737 paullulum
445 3657 610 3719 contracta
633 3655 731 3717 etiam
745 3656 842 3739 prior.
874 3655 923 3717 Ex
939 3676 1000 3739 quo
1015 3655 1152 3737 primum
1176 3655 1313 3718 efficitur
1327 3651 1372 3714 ab·

246 3765 375 3828 surdum
391 3787 469 3848 esse,
493 3766 546 3849 qui
562 3766 756 3830 Larcherum
772 3768 897 3830 secutus
912 3765 1012 3845 Ὦρος
1027 3786 1144 3827 nomen
1159 3769 1317 3829 mutatum
1331 3764 1375 3827 eat

245 3876 280 3938 in
303 3877 433 3956 Ὠρίων;
462 3876 559 3939 etiam
576 3877 602 3940 11
619 3877 719 3941 011111
739 3877 937 3940 Milesium
959 3879 1174 3940 contestatum
1199 3899 1266 3941 non
1291 3875 1376 3940 habe-

246 4009 350 4050 remus
374 3987 516 4050 Zonarae
539 3988 708 4072 diligentia
731 4011 762 4071 p.
785 3989 882 4070 18913
905 3988 1029 4068 deinde,
1055 3987 1189 4051 alteram
1211 3985 1378 4051 notationis

120 4101 122 4103 ’
247 4101 371 4180 partem
402 4120 468 4160 non
501 4098 556 4161 alii
589 4120 681 4181 posse
712 4099 776 4162 nisi
810 4100 874 4163 Oro
907 4098 1020 4161 debere
1054 4097 1217 4161 Orionem.
1264 4098 1380 4161 Pariter

248 4231 278 4290 p.
306 4209 382 4290 159,
407 4210 425 4272 7
455 4209 532 4272 0110
560 4209 638 4272 duas
667 4211 772 4273 iunxit
799 4210 924 4292 odoror
952 4209 1097 4272 vocabuli
1126 4209 1312 4274 notationes
1338 4209 1383 4291 (1

247 4340 333 4380 nunc
366 4340 437 4382 cum
466 4319 509 4382 M.
534 4319 637 4382 Tullio
660 4321 801 4405 loquar),
836 4341 970 4403 quarum
1004 4319 1138 4383 alteram
1170 4322 1301 4382 tantum
1333 4317 1384 4383 Ori
