3008 5002
237 347 300 410 214
585 359 741 409 rusazus
764 359 1024 408 eaoaaaonaua

238 519 405 599 utrumque
427 515 461 578 in
485 515 591 598 aliqua
613 535 718 577 rerum
744 536 824 596 quae
852 518 1026 577 narrantru
1053 514 1237 577 diversitate
1266 517 1377 576 tamen

240 624 374 687 eamdem
402 625 543 707 sequitur
570 623 752 708 argumenti
780 627 939 705 tenorem,
971 626 1006 686 ut
1033 623 1126 686 initio
1154 645 1173 685 a
1201 622 1378 685 Ptolemaei

241 734 323 797 curis
345 734 432 797 facto
454 755 511 817 per
533 733 739 797 adumbratas
763 733 942 807 comoediae
965 736 1088 796 aetates
1111 731 1151 795 ad
1179 731 1379 795 definiendas

238 843 419 906 fabularum
452 847 560 925 partes
592 842 756 924 decurrat,
795 863 866 905 cum
898 843 933 905 in
968 841 1114 906 Parisino
1148 842 1380 906 commentario

239 952 350 1035 primis
374 951 531 1034 capitibus
553 953 630 1015 ordo
651 953 799 1015 turbatus
821 952 873 1015 sit.
905 952 1022 1016 Obstat
1043 951 1174 1033 deinde,
1187 951 1280 1034 quod
1297 951 1380 1014 nihil

239 1062 373 1125 istarum
400 1061 675 1144 adhortationum,
709 1061 822 1144 quibus
850 1061 1013 1125 admoneri
1045 1061 1206 1145 legentem
1234 1064 1267 1123 et
1301 1061 1379 1124 scri·

241 1171 341 1253 ptoris
369 1170 501 1233 inventa
523 1169 681 1233 venditari
703 1170 860 1252 videmus,
889 1170 942 1234 hic
970 1171 1115 1254 legimus.
1161 1170 1302 1234 Obstant
1324 1169 1377 1232 de-

240 1281 336 1363 nique
352 1280 602 1344 adversariorum
619 1280 798 1343 sententiae
813 1301 879 1344 non
894 1281 996 1343 solum
1011 1280 1079 1343 sine
1101 1280 1166 1343 ulla
1181 1279 1379 1352 refutatione

240 1391 379 1473 positae,
409 1388 464 1452 sed
494 1389 591 1452 etiam
624 1390 686 1471 ita,
719 1393 755 1452 ut
787 1410 828 1452 ne
858 1412 877 1452 a
906 1388 1021 1453 Taetza
1055 1390 1181 1473 quidem
1204 1389 1381 1471 Lexpectari

241 1502 384 1582 poterat,
408 1499 617 1562 obtnmcatae
640 1502 673 1561 et
694 1499 779 1562 inter
801 1520 834 1562 ae
857 1499 1055 1562 commixtae.
1094 1497 1197 1573 Quare
1221 1519 1293 1561 cum
1315 1519 1384 1561 non

241 1609 404 1692 integrum
431 1607 566 1670 Tzetzae
595 1607 875 1690 commentarium,
909 1608 963 1672 sed
993 1612 1177 1690 excerptum
1205 1628 1244 1670 ex
1272 1607 1333 1670 hoc
1364 1629 1384 1670 a

242 1718 417 1780 recentiore
440 1716 575 1799 quodam
606 1717 816 1801 grammatico
838 1717 931 1780 nobis
954 1717 1096 1780 oblatum
1118 1737 1186 1779 esse
1209 1720 1382 1798 appareat:

243 1825 333 1910 (nam
349 1825 388 1889 ad
404 1825 553 1888 Taetzam
575 1825 655 1888 haec
677 1849 800 1909 quoque
820 1826 988 1911 referenda
1009 1848 1092 1908 esse,
1117 1825 1262 1908 quamvis
1277 1824 1384 1887 hacsi·

243 1935 321 1997 tarit
337 1934 503 1999 Oromenus
520 1935 641 1998 Anecd.
660 1935 762 1999 Oxon.
779 1935 795 1998 I
817 1958 848 2018 p.
866 1938 914 2016 13,
938 1939 1011 2018 post
1034 1934 1239 1998 Ambrosiani
1262 1934 1384 1998 codicis

243 2043 461 2107 testimonium
482 2066 576 2108 nemo
591 2045 726 2129 negabit
733 2046 755 2130 z)
779 2067 816 2108 eo
831 2067 928 2127 usque
949 2044 1098 2128 progredi
1113 2067 1179 2119 uon
1195 2043 1322 2124 dubito,
1347 2048 1385 2106 ut

243 2156 371 2236 praeter
397 2155 500 2236 prima
523 2154 630 2237 capita
658 2155 779 2237 reliqua
802 2154 909 2218 omnia
932 2157 988 2217 aut
1013 2176 1051 2217 ex
1073 2154 1143 2236 ipso
1166 2153 1384 2216 Ambrosiauo

243 2263 325 2326 libro
341 2267 396 2326 aut
411 2284 449 2325 ex
464 2263 577 2326 iisdem
593 2267 679 2327 certe
701 2264 935 2348 prolegomenis
943 2313 951 2345 ,
976 2263 1119 2346 quamvis
1135 2284 1172 2326 ex
1194 2263 1256 2325 alio
1274 2261 1383 2325 codice

245 2372 346 2453 petita
368 2372 503 2454 fuerint,
528 2372 623 2435 ducta
646 2394 714 2436 esse
738 2372 939 2436 contendam.

328 2479 413 2542 Nam
440 2481 467 2544 si
495 2481 662 2544 recesseris
691 2483 731 2546 ab
759 2482 813 2563 iis,
848 2503 928 2565 quae
956 2484 1031 2545 ante
1060 2481 1308 2564 disputationem
1343 2481 1383 2544 dc

245 2588 473 2653 Alexandrinis
495 2590 696 2654 bibliothecis
724 2592 904 2655 institutam
932 2591 1037 2673 posita
1064 2594 1154 2672 sunt,
1184 2590 1305 2673 reliqua
1336 2591 1383 2653 ita

245 2702 429 2781 comparata
457 2722 525 2762 esse
553 2699 690 2782 videbis,
719 2705 771 2783 ut,
801 2701 1063 2784 quemadmodum
1086 2721 1124 2762 ex
1150 2703 1282 2782 utroquo
1305 2701 1382 2762 Am-

244 2808 385 2871 brosiani
401 2808 517 2872 codicis
533 2811 777 2892 commentario,
802 2810 873 2873 aliis
888 2810 1028 2890 omissis,
1052 2809 1124 2871 aliis
1138 2808 1270 2871 mutatis
1286 2811 1382 2890 atque

244 2918 278 2981 in
300 2918 425 2981 brevius
450 2919 637 3001 contractis,
663 2919 800 2982 conflata
823 2919 903 3001 sint,
933 2919 1029 2982 facile
1052 2939 1237 3001 cognoscas.
1282 2917 1382 2980 Initio

244 3028 329 3090 enim
352 3049 371 3090 a
394 3028 499 3110 priore
522 3029 750 3091 commentario
772 3028 859 3091 sacto
881 3050 953 3090 mox
976 3028 1031 3091 ubi
1053 3049 1119 3090 rem
1145 3022 1183 3089 de
1205 3026 1382 3090 Ptolemaei

243 3136 355 3199 studiis
377 3136 430 3200 hic
445 3137 621 3201 indicatam
642 3137 748 3219 potius
775 3158 870 3220 quam
893 3137 1086 3219 explicatam
1106 3136 1186 3198 vidit
1208 3136 1380 3216 breviator,

245 3246 284 3308 ad
306 3246 443 3309 alterum
464 3247 580 3330 pergit.
620 3245 688 3320 Qua
711 3247 801 3309 inre
824 3246 906 3329 quod
929 3247 1031 3329 ipsam
1053 3245 1142 3309 illam
1165 3245 1203 3308 de
1218 3244 1382 3308 Pisistrati

245 3355 327 3418 curis
342 3354 522 3419 Homericis
543 3356 696 3418 fabellam
718 3356 834 3419 acriter
849 3378 868 3418 a
884 3355 999 3419 Tzetza
1018 3356 1240 3438 impugnatam
1262 3358 1383 3418 temere

245 3465 372 3547 ascivit,
397 3465 630 3547 imprudentiae
646 3469 678 3529 et
692 3465 912 3549 negligentiae
934 3465 1073 3528 hominis
1089 3464 1219 3527 omniuo
1240 3463 1383 3527 tribuen-

244 3573 319 3636 dum
342 3576 390 3636 est
413 3596 482 3637 cum
505 3574 681 3638 Ritschelio
704 3574 857 3639 Corollar.
878 3598 909 3657 p.
927 3575 962 3656 63
985 3574 1173 3657 praesertim
1190 3594 1260 3636 cum
1276 3573 1383 3635 admo-

178 3694 226 3743 126
244 3683 318 3745 dum
340 3684 505 3766 probabile
528 3684 585 3766 sit,
613 3705 739 3746 omnem
761 3683 846 3746 hanc
868 3683 907 3746 de
930 3682 1157 3746 Alexandrinis
1180 3681 1384 3745 bibliothecis

244 3796 277 3855 et
300 3792 338 3855 de
360 3793 472 3856 studiis
494 3793 690 3857 Pisistrateis
712 3794 947 3874 narrationem,
977 3815 1072 3876 quarn
1095 3793 1129 3855 iu
1155 3791 1386 3873 prolegomena

245 3902 482 3985 Aristoplranea
509 3903 647 3967 delatam
676 3924 744 3966 csse
776 3903 844 3965 iure
871 3903 1004 3965 miratus
1035 3904 1084 3964 est
1115 3899 1310 3963 ltitschelius
1345 3900 1386 3963 de

244 4012 364 4076 scholio
387 4012 491 4075 Plaut.
515 4036 547 4096 p.
571 4014 629 4095 37,
653 4034 690 4075 ea
713 4012 780 4074 sola
803 4011 841 4073 de
865 4034 960 4074 causa
987 4016 1053 4073 tam
1081 4010 1207 4092 copiose
1229 4008 1290 4071 hoc
1314 4009 1386 4073 loeo

245 4145 264 4184 a
279 4121 395 4184 Taetza
418 4122 594 4204 expositam
617 4144 701 4204 csse,
725 4123 761 4183 ut
776 4121 886 4204 quavis
902 4121 1068 4183 occasione
1090 4121 1217 4201 arrepta
1233 4118 1386 4182 Heliodo-

245 4252 330 4312 rum,
356 4230 443 4294 cuius
465 4231 615 4313 opinione
637 4253 671 4294 se
694 4232 727 4293 in
751 4252 888 4293 errorem
911 4230 1075 4293 inductum
1093 4250 1160 4291 esse
1174 4227 1268 4290 modo
1290 4228 1387 4292 intel-

246 4339 383 4420 lexerat,
407 4340 613 4424 redargueret
635 4361 785 4424 suumque
808 4340 906 4423 ipsius
929 4361 1068 4402 errorem
1092 4337 1275 4420 corrigeret.
1323 4337 1387 4400 Re-
