2880 4994
740 1139 925 1253 XXX.

447 1357 502 1449 lto
532 1357 711 1473 amphora
742 1356 966 1451 talassioni
996 1358 1217 1477 lucrumst)

548 1754 619 1821 (Huc
637 1755 747 1823 spectat
763 1754 862 1808 tabula
879 1753 1060 1824 lithographa
1077 1757 1109 1823 1.)

195 1912 243 1961 183
346 1889 563 1955 Memorabilis
592 1913 663 1954 cum
690 1894 821 1974 propter
847 1891 991 1973 picturae
1020 1897 1246 1975 argumentum
1273 1917 1289 1957 e
1312 1895 1378 1958 ritae

260 1999 440 2064 cotidianae
479 2002 708 2067 consuetudine
747 2002 883 2085 petitum
916 2004 984 2065 tum
1017 2005 1149 2085 propter
1183 2004 1379 2089 inscriptionis

260 2110 346 2173 haud
369 2111 447 2175 adeo
468 2113 634 2197 vulgarem
657 2115 689 2175 et
711 2112 866 2175 ambitum
888 2107 921 2174 e't
943 2112 1101 2175 rationem
1116 2135 1155 2176 ea
1171 2115 1319 2198 amphora
1334 2118 1380 2193 est,

261 2222 349 2285 ouius
378 2222 519 2307 effigiem
547 2222 668 2306 insigni
696 2221 885 2304 possessoris
914 2221 1126 2321 liberalitate,
1162 2223 1334 2289 felicissimi
1357 2225 1381 2286 iu

260 2330 453 2416 indagandis
481 2332 685 2416 antiquitatis
707 2332 848 2416 reliquiis
872 2331 1025 2413 Galassii,
1059 2332 1093 2395 in
1123 2332 1383 2399 Monumentoruur

258 2439 339 2504 Inst.
356 2442 444 2505 arch.
462 2441 554 2505 Rom.
578 2443 640 2505 rol.
656 2442 689 2505 Π
705 2442 814 2505 tabula
829 2440 949 2505 xtlvb
974 2439 1079 2528 [huius
1094 2443 1266 2509 voluminis
1290 2446 1347 2508 tab.
1361 2442 1381 2530 l]

258 2572 435 2634 proponere
469 2552 581 2634 licuit,
597 2552 734 2615 ³effossa
761 2552 817 2615 illa
850 2573 887 2615 ex
921 2556 1007 2615 terra
1035 2574 1134 2635 prope
1168 2555 1280 2618 urbem
1303 2554 1385 2619 caere

258 2683 339 2745 quae
366 2661 460 2726 hodie
487 2661 647 2726 Cerreteri
676 2662 871 2745 appellatur,
906 2661 994 2744 picta
1027 2665 1135 2725 autem
1165 2665 1271 2728 colore
1298 2666 1387 2749 nigro,

258 2793 319 2855 quo
341 2771 429 2834 fulva
452 2771 633 2855 superficies
647 2771 809 2858 distincta
831 2771 946 2856 est.**)

342 2881 495 2965 Aequod
516 2881 559 2944 ad
582 2886 807 2965 argumentum
829 2872 956 2964 attinet,
979 2904 1045 2945 non
1061 2882 1253 2966 ignoramus
1275 2885 1388 2968 quidem

257 2991 413 3073 grandem
435 2995 560 3055 exstare
582 2992 617 3055 in
643 2992 738 3074 pictis
782 2993 865 3055 vasis
893 3014 1000 3056 earum
1023 3013 1130 3055 rerum
1151 2994 1390 3075 multitudinem,

258 3123 338 3182 quae
362 3123 400 3164 ex
422 3102 508 3165 vitae
531 3124 589 3165 usu
613 3103 772 3166 communi
794 3101 928 3165 haustae
950 3101 1025 3164 sint.
1064 3100 1126 3165 Sed
1155 3106 1269 3168 tamen
1291 3104 1392 3167 harum

258 3231 417 3293 unapars
446 3233 517 3276 cunr
540 3213 669 3275 deorum
697 3211 889 3295 heroumque
917 3211 1088 3296 religione,
1112 3211 1218 3298 longe
1246 3215 1394 3279 uberrimo

258 3319 356 3383 etiam
388 3320 501 3384 horum
535 3325 812 3385 monumentorum
845 3322 950 3402 fonte,
986 3324 1073 3384 certo
1104 3322 1246 3404 quodam
1279 3325 1394 3389 vinculo

258 3430 455 3495 continetur:
479 3455 541 3516 quo
563 3432 728 3495 referimus
752 3431 896 3495 ludorum
912 3431 1198 3516 exercitiorumque
1222 3456 1396 3518 repraesen-

257 3541 413 3604 tationem
451 3543 516 3606 sire
549 3543 812 3625 palaestricorum
847 3542 913 3605 sire
946 3541 1150 3624 militarium,
1189 3545 1294 3607 altera
1329 3566 1396 3628 pars

257 3651 430 3734 quaedam,
454 3653 559 3736 magis
582 3674 619 3716 ea
643 3653 815 3716 coniuncta
837 3675 909 3716 cum
924 3652 1049 3735 privata
1070 3650 1312 3739 domesticaque
1327 3654 1395 3734 vita,

323 3887 347 3955 *t
372 3888 422 3957 [Ex
443 3889 596 3943 Annalibus
619 3888 742 3943 instituti
766 3887 971 3957 archaeologici
988 3887 1106 3942 Romani
1130 3888 1185 3943 vol.
1210 3890 1248 3944 IX
1268 3893 1303 3956 (a.
1326 3895 1393 3954 1837]

255 3995 282 4047 p.
304 3984 457 4051 raa-rao]

323 4074 362 4140 **)
384 4075 548 4143 [Transiisse
567 4094 629 4130 eam
647 4075 812 4144 amphoram
828 4074 857 4127 in
873 4075 1000 4128 Muscam
1019 4073 1092 4141 quod
1105 4073 1214 4130 Romae
1233 4079 1276 4130 est
1296 4078 1392 4144 Grego-

254 4165 363 4220 rianum
391 4168 514 4221 intellexi
533 4187 547 4222 e
566 4169 708 4223 Panollrae
735 4168 806 4221 libro
830 4168 938 4221 ‘Bilder
965 4167 1078 4220 antiken
1104 4166 1233 4220 Lebens‘
1263 4169 1391 4238 inscripto

255 4258 308 4323 (ed.
322 4259 444 4314 Berolirri
456 4279 480 4314 a.
501 4266 575 4329 1843)
594 4280 622 4331 pr.
641 4266 681 4328 38,
700 4262 748 4315 ubi
764 4260 995 4330 ichnographiam
1012 4261 1141 4314 nostram
1159 4261 1291 4316 iteratam
1310 4262 1391 4316 batres

209 4360 213 4372 ⁶
254 4349 283 4402 in
301 4353 359 4406 tab.
377 4354 462 4420 XVII,
481 4360 496 4408 8
515 4357 542 4409 et
560 4357 595 4424 9.]
