<?xml version="1.0" encoding="UTF-8"?>
<!DOCTYPE html PUBLIC "-//W3C//DTD XHTML 1.0 Transitional//EN"
    "http://www.w3.org/TR/xhtml1/DTD/xhtml1-transitional.dtd">
<html xmlns="http://www.w3.org/1999/xhtml" xml:lang="en" lang="en">
 <head>
  <title>
</title>
<meta http-equiv="Content-Type" content="text/html;charset=utf-8" />
  <meta name='ocr-system' content='tesseract 3.04.00' />
  <meta name='ocr-capabilities' content='ocr_page ocr_carea ocr_par ocr_line ocrx_word'/>
</head>
<body>
  <div class='ocr_page' id='page_1' title='image "./fridericiritsch04wachgoog_0730.png"; bbox 0 0 2904 4996; ppageno 0'>
   <div class='ocr_carea' id='block_1_1' title="bbox 490 339 1237 405">
    <p class='ocr_par' dir='ltr' id='par_1_1' title="bbox 490 339 1237 405">
     <span class='ocr_line' id='line_1_1' title="bbox 490 339 1237 405; baseline -0.005 -1"><span class='ocrx_word' id='word_1_1' title='bbox 490 357 650 405; x_wconf 67' lang='lat' dir='ltr'>senense</span> <span class='ocrx_word' id='word_1_2' title='bbox 673 356 844 403; x_wconf 78' lang='lat' dir='ltr'>ourrrcau.</span> <span class='ocrx_word' id='word_1_3' title='bbox 1177 339 1237 402; x_wconf 70' lang='lat'>717</span> 
     </span>
    </p>
   </div>
   <div class='ocr_carea' id='block_1_2' title="bbox 93 507 1238 705">
    <p class='ocr_par' dir='ltr' id='par_1_2' title="bbox 93 507 1238 705">
     <span class='ocr_line' id='line_1_2' title="bbox 94 507 1238 593; baseline -0.005 -18"><span class='ocrx_word' id='word_1_4' title='bbox 94 512 229 575; x_wconf 88' lang='lat' dir='ltr'>duorum</span> <span class='ocrx_word' id='word_1_5' title='bbox 256 512 496 575; x_wconf 89' lang='lat' dir='ltr'>enuntiatorum</span> <span class='ocrx_word' id='word_1_6' title='bbox 523 532 580 593; x_wconf 89' lang='lat' dir='ltr'>per</span> <span class='ocrx_word' id='word_1_7' title='bbox 606 510 657 574; x_wconf 81' lang='grc' dir='ltr'>καί</span> <span class='ocrx_word' id='word_1_8' title='bbox 686 508 877 593; x_wconf 74' lang='lat' dir='ltr'><strong>particulam</strong></span> <span class='ocrx_word' id='word_1_9' title='bbox 902 507 1076 591; x_wconf 76' lang='lat' dir='ltr'>copulatio,</span> <span class='ocrx_word' id='word_1_10' title='bbox 1106 528 1238 590; x_wconf 71' lang='lat' dir='ltr'>quoram</span> 
     </span>
     <span class='ocr_line' id='line_1_3' title="bbox 93 619 1238 705; baseline -0.004 -20"><span class='ocrx_word' id='word_1_11' title='bbox 93 644 155 686; x_wconf 88' lang='lat' dir='ltr'>nec</span> <span class='ocrx_word' id='word_1_12' title='bbox 183 622 362 686; x_wconf 90' lang='lat' dir='ltr'>subiectum</span> <span class='ocrx_word' id='word_1_13' title='bbox 389 621 635 705; x_wconf 82' lang='lat' dir='ltr'>grammaticum</span> <span class='ocrx_word' id='word_1_14' title='bbox 661 640 763 703; x_wconf 90' lang='lat' dir='ltr'>neque</span> <span class='ocrx_word' id='word_1_15' title='bbox 791 619 950 682; x_wconf 87' lang='lat' dir='ltr'>obiectum</span> <span class='ocrx_word' id='word_1_16' title='bbox 980 638 1146 682; x_wconf 85' lang='lat' dir='ltr'>commune</span> <span class='ocrx_word' id='word_1_17' title='bbox 1174 621 1238 680; x_wconf 89' lang='lat' dir='ltr'>est:</span> 
     </span>
    </p>
   </div>
   <div class='ocr_carea' id='block_1_3' title="bbox 95 728 1336 814">
    <p class='ocr_par' dir='ltr' id='par_1_3' title="bbox 95 728 1336 814">
     <span class='ocr_line' id='line_1_4' title="bbox 95 728 1336 814; baseline -0.003 -19"><span class='ocrx_word' id='word_1_18' title='bbox 95 733 156 796; x_wconf 88' lang='lat' dir='ltr'>etsi</span> <span class='ocrx_word' id='word_1_19' title='bbox 179 754 245 795; x_wconf 90' lang='lat' dir='ltr'>non</span> <span class='ocrx_word' id='word_1_20' title='bbox 267 731 422 795; x_wconf 90' lang='lat' dir='ltr'>dissentio</span> <span class='ocrx_word' id='word_1_21' title='bbox 443 732 541 812; x_wconf 84' lang='lat' dir='ltr'>inec,</span> <span class='ocrx_word' id='word_1_22' title='bbox 565 729 648 814; x_wconf 89' lang='lat' dir='ltr'>quod</span> <span class='ocrx_word' id='word_1_23' title='bbox 670 730 717 793; x_wconf 89' lang='lat' dir='ltr'>ita</span> <span class='ocrx_word' id='word_1_24' title='bbox 738 729 840 792; x_wconf 90' lang='lat' dir='ltr'>multo</span> <span class='ocrx_word' id='word_1_25' title='bbox 863 750 930 792; x_wconf 86' lang='lat' dir='ltr'>esse</span> <span class='ocrx_word' id='word_1_26' title='bbox 945 728 1094 792; x_wconf 75' lang='lat' dir='ltr'>usitatius</span> <span class='ocrx_word' id='word_1_27' title='bbox 1117 729 1157 792; x_wconf 81' lang='grc' dir='ltr'>δέ</span> <span class='ocrx_word' id='word_1_28' title='bbox 1173 748 1238 791; x_wconf 90' lang='lat' dir='ltr'>cre·</span> <span class='ocrx_word' id='word_1_29' title='bbox 1334 755 1336 761; x_wconf 93' lang='lat'>·</span> 
     </span>
    </p>
   </div>
   <div class='ocr_carea' id='block_1_4' title="bbox 95 837 1237 1475">
    <p class='ocr_par' dir='ltr' id='par_1_4' title="bbox 95 837 1237 1475">
     <span class='ocr_line' id='line_1_5' title="bbox 95 837 1236 924; baseline -0.003 -21"><span class='ocrx_word' id='word_1_30' title='bbox 95 841 154 924; x_wconf 88' lang='lat' dir='ltr'>dit,</span> <span class='ocrx_word' id='word_1_31' title='bbox 178 844 288 905; x_wconf 87' lang='lat' dir='ltr'>tamen</span> <span class='ocrx_word' id='word_1_32' title='bbox 312 840 488 905; x_wconf 88' lang='lat' dir='ltr'>cavendum</span> <span class='ocrx_word' id='word_1_33' title='bbox 510 843 559 904; x_wconf 88' lang='lat' dir='ltr'>est</span> <span class='ocrx_word' id='word_1_34' title='bbox 580 861 621 903; x_wconf 89' lang='lat' dir='ltr'>ne</span> <span class='ocrx_word' id='word_1_35' title='bbox 644 838 723 902; x_wconf 90' lang='lat' dir='ltr'>illud</span> <span class='ocrx_word' id='word_1_36' title='bbox 745 859 846 923; x_wconf 84' lang='lat' dir='ltr'>genus</span> <span class='ocrx_word' id='word_1_37' title='bbox 868 859 997 921; x_wconf 87' lang='lat' dir='ltr'>prorsus</span> <span class='ocrx_word' id='word_1_38' title='bbox 1020 837 1236 921; x_wconf 80' lang='lat' dir='ltr'>explodamus</span> 
     </span>
     <span class='ocr_line' id='line_1_6' title="bbox 95 949 1236 1032; baseline -0.005 -17"><span class='ocrx_word' id='word_1_39' title='bbox 95 950 186 1026; x_wconf 80' lang='lat' dir='ltr'>Quod</span> <span class='ocrx_word' id='word_1_40' title='bbox 218 956 254 1015; x_wconf 89' lang='lat' dir='ltr'>ut</span> <span class='ocrx_word' id='word_1_41' title='bbox 285 973 351 1015; x_wconf 91' lang='lat' dir='ltr'>non</span> <span class='ocrx_word' id='word_1_42' title='bbox 390 951 541 1013; x_wconf 84' lang='lat' dir='ltr'>abhorret</span> <span class='ocrx_word' id='word_1_43' title='bbox 579 950 620 1013; x_wconf 89' lang='lat' dir='ltr'>ab</span> <span class='ocrx_word' id='word_1_44' title='bbox 653 949 841 1012; x_wconf 86' lang='lat' dir='ltr'>Latinorum</span> <span class='ocrx_word' id='word_1_45' title='bbox 877 951 1043 1032; x_wconf 88' lang='lat' dir='ltr'>poetarum</span> <span class='ocrx_word' id='word_1_46' title='bbox 1081 969 1236 1029; x_wconf 86' lang='lat' dir='ltr'>sermone,</span> 
     </span>
     <span class='ocr_line' id='line_1_7' title="bbox 95 1060 1237 1143; baseline -0.002 -19"><span class='ocrx_word' id='word_1_47' title='bbox 95 1061 184 1124; x_wconf 89' lang='lat' dir='ltr'>velut</span> <span class='ocrx_word' id='word_1_48' title='bbox 211 1060 330 1125; x_wconf 85' lang='lat' dir='ltr'>Tibulli</span> <span class='ocrx_word' id='word_1_49' title='bbox 352 1061 369 1124; x_wconf 94' lang='grc' dir='ltr'><strong>Ι</strong></span> <span class='ocrx_word' id='word_1_50' title='bbox 376 1111 384 1143; x_wconf 85' lang='grc'>,</span> <span class='ocrx_word' id='word_1_51' title='bbox 413 1061 451 1143; x_wconf 88' lang='lat'>3,</span> <span class='ocrx_word' id='word_1_52' title='bbox 480 1061 522 1124; x_wconf 78' lang='grc'>70</span> <span class='ocrx_word' id='word_1_53' title='bbox 556 1060 791 1143; x_wconf 77' lang='lat' dir='ltr'>(Tisiphoneque</span> <span class='ocrx_word' id='word_1_54' title='bbox 811 1067 935 1139; x_wconf 78' lang='lat' dir='ltr'>impexo</span> <span class='ocrx_word' id='word_1_55' title='bbox 954 1063 1040 1136; x_wconf 84' lang='lat' dir='ltr'>seros</span> <span class='ocrx_word' id='word_1_56' title='bbox 1064 1078 1124 1137; x_wconf 83' lang='lat' dir='ltr'>pro</span> <span class='ocrx_word' id='word_1_57' title='bbox 1146 1064 1237 1122; x_wconf 70' lang='lat' dir='ltr'>ericii-</span> 
     </span>
     <span class='ocr_line' id='line_1_8' title="bbox 95 1152 1236 1253; baseline -0.004 -19"><span class='ocrx_word' id='word_1_58' title='bbox 95 1177 150 1234; x_wconf 80' lang='lat' dir='ltr'>hus</span> <span class='ocrx_word' id='word_1_59' title='bbox 173 1152 287 1249; x_wconf 69' lang='lat' dir='ltr'>unques</span> <span class='ocrx_word' id='word_1_60' title='bbox 309 1175 426 1248; x_wconf 81' lang='lat' dir='ltr'>Saeuit,</span> <span class='ocrx_word' id='word_1_61' title='bbox 456 1181 489 1233; x_wconf 85' lang='lat' dir='ltr'>et</span> <span class='ocrx_word' id='word_1_62' title='bbox 516 1175 575 1234; x_wconf 73' lang='lat' dir='ltr'>lenc</span> <span class='ocrx_word' id='word_1_63' title='bbox 602 1176 675 1235; x_wconf 82' lang='lat' dir='ltr'>illuc</span> <span class='ocrx_word' id='word_1_64' title='bbox 705 1175 798 1248; x_wconf 77' lang='lat' dir='ltr'>impia</span> <span class='ocrx_word' id='word_1_65' title='bbox 826 1175 915 1234; x_wconf 80' lang='lat' dir='ltr'>turbo</span> <span class='ocrx_word' id='word_1_66' title='bbox 939 1154 1055 1253; x_wconf 66' lang='lat' dir='ltr'>sapit),</span> <span class='ocrx_word' id='word_1_67' title='bbox 1084 1168 1130 1232; x_wconf 88' lang='lat' dir='ltr'>ita</span> <span class='ocrx_word' id='word_1_68' title='bbox 1153 1169 1236 1251; x_wconf 84' lang='lat' dir='ltr'>apud</span> 
     </span>
     <span class='ocr_line' id='line_1_9' title="bbox 96 1278 1237 1364; baseline -0.003 -20"><span class='ocrx_word' id='word_1_69' title='bbox 96 1280 236 1345; x_wconf 85' lang='lat' dir='ltr'>Graecos</span> <span class='ocrx_word' id='word_1_70' title='bbox 251 1281 336 1345; x_wconf 87' lang='lat' dir='ltr'>haud</span> <span class='ocrx_word' id='word_1_71' title='bbox 352 1280 460 1364; x_wconf 89' lang='lat' dir='ltr'>paullo</span> <span class='ocrx_word' id='word_1_72' title='bbox 474 1279 673 1364; x_wconf 85' lang='lat' dir='ltr'>frequentius</span> <span class='ocrx_word' id='word_1_73' title='bbox 688 1280 855 1364; x_wconf 89' lang='lat' dir='ltr'>reperitur.</span> <span class='ocrx_word' id='word_1_74' title='bbox 888 1278 985 1342; x_wconf 87' lang='lat' dir='ltr'>Velut</span> <span class='ocrx_word' id='word_1_75' title='bbox 997 1278 1079 1362; x_wconf 87' lang='lat' dir='ltr'>apud</span> <span class='ocrx_word' id='word_1_76' title='bbox 1096 1278 1237 1362; x_wconf 84' lang='lat' dir='ltr'>Aeschy-</span> 
     </span>
     <span class='ocr_line' id='line_1_10' title="bbox 96 1390 662 1475; baseline 0.004 -23"><span class='ocrx_word' id='word_1_77' title='bbox 96 1390 162 1454; x_wconf 90' lang='lat' dir='ltr'>lum</span> <span class='ocrx_word' id='word_1_78' title='bbox 185 1391 315 1475; x_wconf 83' lang='lat' dir='ltr'>Septem</span> <span class='ocrx_word' id='word_1_79' title='bbox 337 1391 377 1454; x_wconf 92' lang='lat' dir='ltr'>ad</span> <span class='ocrx_word' id='word_1_80' title='bbox 399 1391 526 1455; x_wconf 80' lang='lat' dir='ltr'><strong>Thebas</strong></span> <span class='ocrx_word' id='word_1_81' title='bbox 551 1413 581 1454; x_wconf 85' lang='grc' dir='ltr'>ν.</span> <span class='ocrx_word' id='word_1_82' title='bbox 606 1391 662 1454; x_wconf 82' lang='lat'>66:</span> 
     </span>
    </p>
   </div>
   <div class='ocr_carea' id='block_1_5' title="bbox 248 1519 917 1819">
    <p class='ocr_par' dir='ltr' id='par_1_5' title="bbox 248 1519 917 1819">
     <span class='ocr_line' id='line_1_11' title="bbox 249 1519 914 1598; baseline -0.003 -14"><span class='ocrx_word' id='word_1_83' title='bbox 249 1520 354 1596; x_wconf 88' lang='grc' dir='ltr'>κάγὼ</span> <span class='ocrx_word' id='word_1_84' title='bbox 376 1521 416 1584; x_wconf 86' lang='grc' dir='ltr'>τὰ</span> <span class='ocrx_word' id='word_1_85' title='bbox 438 1520 535 1583; x_wconf 88' lang='grc' dir='ltr'>λοιπὰ</span> <span class='ocrx_word' id='word_1_86' title='bbox 558 1520 669 1583; x_wconf 82' lang='grc' dir='ltr'>πιετὸν</span> <span class='ocrx_word' id='word_1_87' title='bbox 691 1519 914 1598; x_wconf 85' lang='grc' dir='ltr'>ἡμεροεκόπον</span> 
     </span>
     <span class='ocr_line' id='line_1_12' title="bbox 249 1629 917 1712; baseline -0.001 -19"><span class='ocrx_word' id='word_1_88' title='bbox 249 1631 420 1711; x_wconf 89' lang='grc' dir='ltr'>ὀφθαλμὸν</span> <span class='ocrx_word' id='word_1_89' title='bbox 443 1630 531 1711; x_wconf 82' lang='grc' dir='ltr'>ἕξω,</span> <span class='ocrx_word' id='word_1_90' title='bbox 546 1632 616 1695; x_wconf 72' lang='lat' dir='ltr'>rol</span> <span class='ocrx_word' id='word_1_91' title='bbox 638 1629 794 1712; x_wconf 85' lang='grc' dir='ltr'>εαφηνείᾳ</span> <span class='ocrx_word' id='word_1_92' title='bbox 817 1629 917 1705; x_wconf 82' lang='grc' dir='ltr'>λόγου</span> 
     </span>
     <span class='ocr_line' id='line_1_13' title="bbox 248 1739 917 1819; baseline -0.003 -15"><span class='ocrx_word' id='word_1_93' title='bbox 248 1739 341 1805; x_wconf 82' lang='grc' dir='ltr'>εἰδὼε</span> <span class='ocrx_word' id='word_1_94' title='bbox 362 1742 402 1805; x_wconf 91' lang='grc' dir='ltr'>τὰ</span> <span class='ocrx_word' id='word_1_95' title='bbox 422 1744 489 1806; x_wconf 86' lang='grc' dir='ltr'>τῶν</span> <span class='ocrx_word' id='word_1_96' title='bbox 512 1739 649 1819; x_wconf 88' lang='grc' dir='ltr'>θύραθεν</span> <span class='ocrx_word' id='word_1_97' title='bbox 672 1740 810 1819; x_wconf 85' lang='grc' dir='ltr'>άβλαβή(</span> <span class='ocrx_word' id='word_1_98' title='bbox 834 1739 917 1804; x_wconf 83' lang='grc' dir='ltr'>ἔτει.</span> 
     </span>
    </p>
   </div>
   <div class='ocr_carea' id='block_1_6' title="bbox 95 1873 372 1938">
    <p class='ocr_par' dir='ltr' id='par_1_6' title="bbox 95 1873 372 1938">
     <span class='ocr_line' id='line_1_14' title="bbox 95 1873 372 1938; baseline 0.011 -3"><span class='ocrx_word' id='word_1_99' title='bbox 95 1873 218 1936; x_wconf 87' lang='lat' dir='ltr'>Ibidem</span> <span class='ocrx_word' id='word_1_100' title='bbox 241 1896 271 1937; x_wconf 85' lang='grc' dir='ltr'>ν.</span> <span class='ocrx_word' id='word_1_101' title='bbox 295 1875 372 1938; x_wconf 82' lang='lat'><strong>386:</strong></span> 
     </span>
    </p>
   </div>
   <div class='ocr_carea' id='block_1_7' title="bbox 247 2011 1125 2311">
    <p class='ocr_par' dir='ltr' id='par_1_7' title="bbox 247 2011 1125 2311">
     <span class='ocr_line' id='line_1_15' title="bbox 247 2011 956 2095; baseline 0 -21"><span class='ocrx_word' id='word_1_102' title='bbox 247 2016 293 2095; x_wconf 84' lang='grc' dir='ltr'>τῷ</span> <span class='ocrx_word' id='word_1_103' title='bbox 317 2031 366 2075; x_wconf 89' lang='grc' dir='ltr'>τοι</span> <span class='ocrx_word' id='word_1_104' title='bbox 388 2013 523 2091; x_wconf 84' lang='grc' dir='ltr'>φέροντι</span> <span class='ocrx_word' id='word_1_105' title='bbox 545 2014 629 2091; x_wconf 79' lang='grc' dir='ltr'>τῆρ’</span> <span class='ocrx_word' id='word_1_106' title='bbox 651 2011 858 2091; x_wconf 85' lang='grc' dir='ltr'>ὑπέρκομπον</span> <span class='ocrx_word' id='word_1_107' title='bbox 881 2011 956 2076; x_wconf 81' lang='grc' dir='ltr'>τόδε</span> 
     </span>
     <span class='ocr_line' id='line_1_16' title="bbox 247 2121 1011 2201; baseline 0.001 -17"><span class='ocrx_word' id='word_1_108' title='bbox 247 2121 398 2196; x_wconf 77' lang='grc' dir='ltr'>γένοιτ’</span> <span class='ocrx_word' id='word_1_109' title='bbox 421 2123 460 2186; x_wconf 86' lang='grc' dir='ltr'>ἂν</span> <span class='ocrx_word' id='word_1_110' title='bbox 484 2123 590 2201; x_wconf 69' lang='grc' dir='ltr'>ὀρθῶς</span> <span class='ocrx_word' id='word_1_111' title='bbox 612 2122 745 2186; x_wconf 83' lang='grc' dir='ltr'>ἐνδίκω(</span> <span class='ocrx_word' id='word_1_112' title='bbox 766 2124 797 2186; x_wconf 85' lang='grc' dir='ltr'>τ’</span> <span class='ocrx_word' id='word_1_113' title='bbox 820 2122 1011 2201; x_wconf 81' lang='grc' dir='ltr'>ἐπώνυμον,</span> 
     </span>
     <span class='ocr_line' id='line_1_17' title="bbox 248 2231 1125 2311; baseline -0.001 -17"><span class='ocrx_word' id='word_1_114' title='bbox 248 2231 390 2295; x_wconf 87' lang='grc' dir='ltr'>καύτὸε</span> <span class='ocrx_word' id='word_1_115' title='bbox 418 2233 492 2295; x_wconf 77' lang='grc' dir='ltr'>καθ’</span> <span class='ocrx_word' id='word_1_116' title='bbox 513 2232 612 2296; x_wconf 82' lang='grc' dir='ltr'>αὑτοῦ</span> <span class='ocrx_word' id='word_1_117' title='bbox 633 2233 726 2310; x_wconf 78' lang='grc' dir='ltr'>τήνδ’</span> <span class='ocrx_word' id='word_1_118' title='bbox 749 2232 838 2311; x_wconf 87' lang='grc' dir='ltr'>ὕβριν</span> <span class='ocrx_word' id='word_1_119' title='bbox 861 2232 1125 2310; x_wconf 84' lang='grc' dir='ltr'>μαντεύεεται.</span> 
     </span>
    </p>
   </div>
   <div class='ocr_carea' id='block_1_8' title="bbox 93 2364 282 2429">
    <p class='ocr_par' dir='ltr' id='par_1_8' title="bbox 93 2364 282 2429">
     <span class='ocr_line' id='line_1_18' title="bbox 93 2364 282 2429; baseline 0.011 -2"><span class='ocrx_word' id='word_1_120' title='bbox 93 2368 179 2427; x_wconf 83' lang='lat' dir='ltr'>etv.</span> <span class='ocrx_word' id='word_1_121' title='bbox 204 2364 282 2429; x_wconf 83' lang='lat'>629:</span> 
     </span>
    </p>
   </div>
   <div class='ocr_carea' id='block_1_9' title="bbox 247 2502 972 2698">
    <p class='ocr_par' dir='ltr' id='par_1_9' title="bbox 247 2502 972 2698">
     <span class='ocr_line' id='line_1_19' title="bbox 247 2502 970 2585; baseline 0.001 -18"><span class='ocrx_word' id='word_1_122' title='bbox 247 2503 461 2569; x_wconf 80' lang='grc' dir='ltr'>-κατάξω</span> <span class='ocrx_word' id='word_1_123' title='bbox 484 2504 517 2567; x_wconf 81' lang='grc' dir='ltr'>δ’</span> <span class='ocrx_word' id='word_1_124' title='bbox 538 2503 641 2582; x_wconf 82' lang='grc' dir='ltr'>ἄνδρα</span> <span class='ocrx_word' id='word_1_125' title='bbox 662 2503 768 2585; x_wconf 86' lang='grc' dir='ltr'>τόνδε,</span> <span class='ocrx_word' id='word_1_126' title='bbox 792 2505 853 2568; x_wconf 88' lang='grc' dir='ltr'>καὶ</span> <span class='ocrx_word' id='word_1_127' title='bbox 875 2502 970 2568; x_wconf 84' lang='grc' dir='ltr'>πόλιν</span> 
     </span>
     <span class='ocr_line' id='line_1_20' title="bbox 248 2614 972 2698; baseline -0.001 -21"><span class='ocrx_word' id='word_1_128' title='bbox 248 2614 325 2679; x_wconf 85' lang='grc' dir='ltr'>ἕξει</span> <span class='ocrx_word' id='word_1_129' title='bbox 347 2618 510 2698; x_wconf 79' lang='grc' dir='ltr'>πατρῴων</span> <span class='ocrx_word' id='word_1_130' title='bbox 534 2614 692 2693; x_wconf 85' lang='grc' dir='ltr'>δωμάτων</span> <span class='ocrx_word' id='word_1_131' title='bbox 714 2616 746 2677; x_wconf 81' lang='grc' dir='ltr'>τ’</span> <span class='ocrx_word' id='word_1_132' title='bbox 768 2615 972 2693; x_wconf 84' lang='grc' dir='ltr'>ἐπιετροφάε.</span> 
     </span>
    </p>
   </div>
   <div class='ocr_carea' id='block_1_10' title="bbox 93 2746 893 2836">
    <p class='ocr_par' dir='ltr' id='par_1_10' title="bbox 93 2746 893 2836">
     <span class='ocr_line' id='line_1_21' title="bbox 93 2746 893 2836; baseline 0.003 -26"><span class='ocrx_word' id='word_1_133' title='bbox 93 2746 188 2810; x_wconf 85' lang='lat' dir='ltr'>Adde</span> <span class='ocrx_word' id='word_1_134' title='bbox 211 2747 375 2831; x_wconf 81' lang='lat' dir='ltr'>Sophoclis</span> <span class='ocrx_word' id='word_1_135' title='bbox 399 2749 585 2832; x_wconf 83' lang='lat' dir='ltr'>Antigonae</span> <span class='ocrx_word' id='word_1_136' title='bbox 607 2749 637 2812; x_wconf 71' lang='grc' dir='ltr'>ν’.</span> <span class='ocrx_word' id='word_1_137' title='bbox 664 2749 745 2814; x_wconf 79' lang='lat'>1172</span> <span class='ocrx_word' id='word_1_138' title='bbox 769 2746 893 2836; x_wconf 80' lang='lat'>[1186]:</span> 
     </span>
    </p>
   </div>
   <div class='ocr_carea' id='block_1_11' title="bbox 247 2885 1043 3185">
    <p class='ocr_par' dir='ltr' id='par_1_11' title="bbox 247 2885 1043 3185">
     <span class='ocr_line' id='line_1_22' title="bbox 250 2885 1043 2971; baseline 0.003 -22"><span class='ocrx_word' id='word_1_139' title='bbox 250 2887 300 2950; x_wconf 89' lang='grc' dir='ltr'>καὶ</span> <span class='ocrx_word' id='word_1_140' title='bbox 321 2886 500 2966; x_wconf 86' lang='grc' dir='ltr'>τυγχάνω</span> <span class='ocrx_word' id='word_1_141' title='bbox 523 2906 557 2950; x_wconf 88' lang='grc' dir='ltr'>τε</span> <span class='ocrx_word' id='word_1_142' title='bbox 579 2887 693 2971; x_wconf 56' lang='grc' dir='ltr'>κλῇθρ)</span> <span class='ocrx_word' id='word_1_143' title='bbox 716 2885 919 2951; x_wconf 85' lang='grc' dir='ltr'>ἀναεπαετοῦ</span> <span class='ocrx_word' id='word_1_144' title='bbox 941 2887 1043 2966; x_wconf 78' lang='grc' dir='ltr'>πύλη(</span> 
     </span>
     <span class='ocr_line' id='line_1_23' title="bbox 247 2995 991 3077; baseline 0 -17"><span class='ocrx_word' id='word_1_145' title='bbox 247 2999 387 3075; x_wconf 85' lang='grc' dir='ltr'>χαλῶεα,</span> <span class='ocrx_word' id='word_1_146' title='bbox 410 2995 472 3060; x_wconf 87' lang='grc' dir='ltr'>καί</span> <span class='ocrx_word' id='word_1_147' title='bbox 493 3016 531 3075; x_wconf 91' lang='grc' dir='ltr'>με</span> <span class='ocrx_word' id='word_1_148' title='bbox 553 2996 729 3077; x_wconf 85' lang='grc' dir='ltr'>φθόγγοε</span> <span class='ocrx_word' id='word_1_149' title='bbox 752 2995 870 3061; x_wconf 84' lang='grc' dir='ltr'>οἰκείου</span> <span class='ocrx_word' id='word_1_150' title='bbox 892 3000 991 3060; x_wconf 84' lang='grc' dir='ltr'>κακοῦ</span> 
     </span>
     <span class='ocr_line' id='line_1_24' title="bbox 247 3091 691 3185; baseline 0.005 -15"><span class='ocrx_word' id='word_1_151' title='bbox 247 3109 383 3185; x_wconf 83' lang='grc' dir='ltr'>βάλλει</span> <span class='ocrx_word' id='word_1_152' title='bbox 406 3108 450 3171; x_wconf 78' lang='grc' dir='ltr'>δι’</span> <span class='ocrx_word' id='word_1_153' title='bbox 472 3106 576 3172; x_wconf 87' lang='grc' dir='ltr'>ὤτων.</span> <span class='ocrx_word' id='word_1_154' title='bbox 689 3091 691 3095; x_wconf 37' lang='grc'><strong>’</strong></span> 
     </span>
    </p>
   </div>
   <div class='ocr_carea' id='block_1_12' title="bbox 88 3257 1235 4442">
    <p class='ocr_par' dir='ltr' id='par_1_12' title="bbox 88 3257 1235 4442">
     <span class='ocr_line' id='line_1_25' title="bbox 93 3257 1233 3344; baseline 0.001 -22"><span class='ocrx_word' id='word_1_155' title='bbox 93 3258 157 3322; x_wconf 82' lang='lat' dir='ltr'>Sed</span> <span class='ocrx_word' id='word_1_156' title='bbox 186 3258 252 3321; x_wconf 90' lang='lat' dir='ltr'>eius</span> <span class='ocrx_word' id='word_1_157' title='bbox 280 3259 364 3322; x_wconf 90' lang='lat' dir='ltr'>modi</span> <span class='ocrx_word' id='word_1_158' title='bbox 392 3258 549 3322; x_wconf 89' lang='lat' dir='ltr'>dictorum</span> <span class='ocrx_word' id='word_1_159' title='bbox 577 3257 751 3340; x_wconf 83' lang='lat' dir='ltr'>singularis</span> <span class='ocrx_word' id='word_1_160' title='bbox 779 3258 935 3343; x_wconf 84' lang='lat' dir='ltr'>quaedam</span> <span class='ocrx_word' id='word_1_161' title='bbox 964 3259 1046 3322; x_wconf 89' lang='lat' dir='ltr'>ratio</span> <span class='ocrx_word' id='word_1_162' title='bbox 1074 3259 1153 3323; x_wconf 90' lang='lat' dir='ltr'>haec</span> <span class='ocrx_word' id='word_1_163' title='bbox 1176 3265 1233 3344; x_wconf 86' lang='lat' dir='ltr'>est,</span> 
     </span>
     <span class='ocr_line' id='line_1_26' title="bbox 92 3368 1235 3453; baseline 0.002 -22"><span class='ocrx_word' id='word_1_164' title='bbox 92 3372 131 3431; x_wconf 91' lang='lat' dir='ltr'>ut</span> <span class='ocrx_word' id='word_1_165' title='bbox 153 3368 321 3432; x_wconf 87' lang='lat' dir='ltr'>enuntiata</span> <span class='ocrx_word' id='word_1_166' title='bbox 342 3391 408 3432; x_wconf 91' lang='lat' dir='ltr'>non</span> <span class='ocrx_word' id='word_1_167' title='bbox 430 3370 496 3433; x_wconf 91' lang='lat' dir='ltr'>sint</span> <span class='ocrx_word' id='word_1_168' title='bbox 518 3368 706 3451; x_wconf 85' lang='lat' dir='ltr'>simpliciter</span> <span class='ocrx_word' id='word_1_169' title='bbox 725 3370 852 3431; x_wconf 84' lang='lat' dir='ltr'>tantum</span> <span class='ocrx_word' id='word_1_170' title='bbox 869 3368 1027 3450; x_wconf 87' lang='lat' dir='ltr'>copulata,</span> <span class='ocrx_word' id='word_1_171' title='bbox 1051 3368 1107 3432; x_wconf 88' lang='lat' dir='ltr'>sed</span> <span class='ocrx_word' id='word_1_172' title='bbox 1129 3371 1235 3453; x_wconf 88' lang='lat' dir='ltr'>aptius</span> 
     </span>
     <span class='ocr_line' id='line_1_27' title="bbox 93 3477 1235 3560; baseline 0.002 -20"><span class='ocrx_word' id='word_1_173' title='bbox 93 3479 181 3541; x_wconf 89' lang='lat' dir='ltr'>inter</span> <span class='ocrx_word' id='word_1_174' title='bbox 202 3500 236 3541; x_wconf 89' lang='lat' dir='ltr'>se</span> <span class='ocrx_word' id='word_1_175' title='bbox 259 3501 379 3543; x_wconf 82' lang='lat' dir='ltr'>conexa</span> <span class='ocrx_word' id='word_1_176' title='bbox 402 3483 434 3542; x_wconf 86' lang='lat' dir='ltr'>ct</span> <span class='ocrx_word' id='word_1_177' title='bbox 456 3479 594 3542; x_wconf 87' lang='lat' dir='ltr'>invicem</span> <span class='ocrx_word' id='word_1_178' title='bbox 616 3479 677 3542; x_wconf 88' lang='lat' dir='ltr'>sibi</span> <span class='ocrx_word' id='word_1_179' title='bbox 699 3478 811 3542; x_wconf 88' lang='lat' dir='ltr'>relata.</span> <span class='ocrx_word' id='word_1_180' title='bbox 855 3477 985 3541; x_wconf 80' lang='lat' dir='ltr'>Etenim</span> <span class='ocrx_word' id='word_1_181' title='bbox 1009 3479 1114 3560; x_wconf 89' lang='lat' dir='ltr'>priore</span> <span class='ocrx_word' id='word_1_182' title='bbox 1137 3501 1235 3542; x_wconf 91' lang='lat' dir='ltr'>enun-</span> 
     </span>
     <span class='ocr_line' id='line_1_28' title="bbox 93 3587 1233 3671; baseline 0.002 -21"><span class='ocrx_word' id='word_1_183' title='bbox 93 3588 177 3650; x_wconf 87' lang='lat' dir='ltr'>tiato</span> <span class='ocrx_word' id='word_1_184' title='bbox 204 3588 271 3652; x_wconf 86' lang='lat' dir='ltr'>fere</span> <span class='ocrx_word' id='word_1_185' title='bbox 301 3590 483 3652; x_wconf 85' lang='lat' dir='ltr'>continetur</span> <span class='ocrx_word' id='word_1_186' title='bbox 511 3611 650 3652; x_wconf 81' lang='lat' dir='ltr'>caussa</span> <span class='ocrx_word' id='word_1_187' title='bbox 678 3588 744 3651; x_wconf 91' lang='lat' dir='ltr'>eius</span> <span class='ocrx_word' id='word_1_188' title='bbox 771 3587 818 3651; x_wconf 89' lang='lat' dir='ltr'>rei</span> <span class='ocrx_word' id='word_1_189' title='bbox 846 3610 926 3671; x_wconf 91' lang='lat' dir='ltr'>quae</span> <span class='ocrx_word' id='word_1_190' title='bbox 960 3588 1089 3651; x_wconf 85' lang='lat' dir='ltr'>effertur</span> <span class='ocrx_word' id='word_1_191' title='bbox 1122 3589 1233 3671; x_wconf 90' lang='lat' dir='ltr'>altero,</span> 
     </span>
     <span class='ocr_line' id='line_1_29' title="bbox 92 3698 1234 3782; baseline 0.001 -22"><span class='ocrx_word' id='word_1_192' title='bbox 92 3698 144 3761; x_wconf 84' lang='lat' dir='ltr'>vel</span> <span class='ocrx_word' id='word_1_193' title='bbox 173 3702 258 3762; x_wconf 91' lang='lat' dir='ltr'>certe</span> <span class='ocrx_word' id='word_1_194' title='bbox 286 3698 478 3762; x_wconf 85' lang='lat' dir='ltr'>antecedens</span> <span class='ocrx_word' id='word_1_195' title='bbox 507 3698 657 3782; x_wconf 87' lang='lat' dir='ltr'>quiddam</span> <span class='ocrx_word' id='word_1_196' title='bbox 685 3699 768 3781; x_wconf 89' lang='lat' dir='ltr'>quod</span> <span class='ocrx_word' id='word_1_197' title='bbox 800 3698 901 3780; x_wconf 85' lang='lat' dir='ltr'>possit</span> <span class='ocrx_word' id='word_1_198' title='bbox 928 3719 986 3780; x_wconf 89' lang='lat' dir='ltr'>pro</span> <span class='ocrx_word' id='word_1_199' title='bbox 1015 3720 1127 3761; x_wconf 85' lang='lat' dir='ltr'>caussa</span> <span class='ocrx_word' id='word_1_200' title='bbox 1155 3720 1234 3762; x_wconf 88' lang='lat' dir='ltr'>esse.</span> 
     </span>
     <span class='ocr_line' id='line_1_30' title="bbox 93 3807 1235 3892; baseline 0.001 -22"><span class='ocrx_word' id='word_1_201' title='bbox 93 3807 148 3870; x_wconf 82' lang='lat' dir='ltr'>Ad</span> <span class='ocrx_word' id='word_1_202' title='bbox 174 3809 283 3872; x_wconf 82' lang='lat' dir='ltr'>Aiacis</span> <span class='ocrx_word' id='word_1_203' title='bbox 311 3812 418 3872; x_wconf 86' lang='lat' dir='ltr'>autem</span> <span class='ocrx_word' id='word_1_204' title='bbox 445 3831 554 3872; x_wconf 82' lang='lat' dir='ltr'>versus</span> <span class='ocrx_word' id='word_1_205' title='bbox 581 3809 644 3872; x_wconf 87' lang='lat' dir='ltr'>ista</span> <span class='ocrx_word' id='word_1_206' title='bbox 671 3808 825 3872; x_wconf 87' lang='lat' dir='ltr'>orationis</span> <span class='ocrx_word' id='word_1_207' title='bbox 854 3808 958 3871; x_wconf 89' lang='lat' dir='ltr'>forma</span> <span class='ocrx_word' id='word_1_208' title='bbox 986 3809 1159 3892; x_wconf 84' lang='lat' dir='ltr'>insigniter</span> <span class='ocrx_word' id='word_1_209' title='bbox 1187 3813 1235 3872; x_wconf 88' lang='lat' dir='ltr'>est</span> 
     </span>
     <span class='ocr_line' id='line_1_31' title="bbox 93 3918 1234 4002; baseline 0.002 -22"><span class='ocrx_word' id='word_1_210' title='bbox 93 3918 344 3982; x_wconf 88' lang='lat' dir='ltr'>accommodata.</span> <span class='ocrx_word' id='word_1_211' title='bbox 389 3919 427 3982; x_wconf 90' lang='lat' dir='ltr'>In</span> <span class='ocrx_word' id='word_1_212' title='bbox 456 3940 518 4002; x_wconf 91' lang='lat' dir='ltr'>quo</span> <span class='ocrx_word' id='word_1_213' title='bbox 525 3969 534 4001; x_wconf 94' lang='lat'>,</span> <span class='ocrx_word' id='word_1_214' title='bbox 562 3923 599 3982; x_wconf 93' lang='lat' dir='ltr'>ut</span> <span class='ocrx_word' id='word_1_215' title='bbox 620 3919 681 3982; x_wconf 90' lang='lat' dir='ltr'>hoe</span> <span class='ocrx_word' id='word_1_216' title='bbox 703 3940 943 4001; x_wconf 85' lang='lat' dir='ltr'>praemoneam,</span> <span class='ocrx_word' id='word_1_217' title='bbox 976 3939 1042 3981; x_wconf 90' lang='lat' dir='ltr'>non</span> <span class='ocrx_word' id='word_1_218' title='bbox 1064 3919 1143 3982; x_wconf 83' lang='lat' dir='ltr'>satis</span> <span class='ocrx_word' id='word_1_219' title='bbox 1165 3941 1234 4002; x_wconf 90' lang='lat' dir='ltr'>per·</span> 
     </span>
     <span class='ocr_line' id='line_1_32' title="bbox 91 4027 1233 4113; baseline 0.002 -23"><span class='ocrx_word' id='word_1_220' title='bbox 91 4027 244 4111; x_wconf 83' lang='lat' dir='ltr'>spicitur,</span> <span class='ocrx_word' id='word_1_221' title='bbox 273 4028 433 4113; x_wconf 87' lang='lat' dir='ltr'>quodnam</span> <span class='ocrx_word' id='word_1_222' title='bbox 461 4028 504 4091; x_wconf 90' lang='lat' dir='ltr'>sit</span> <span class='ocrx_word' id='word_1_223' title='bbox 532 4027 610 4091; x_wconf 87' lang='lat' dir='ltr'>illud</span> <span class='ocrx_word' id='word_1_224' title='bbox 632 4028 736 4091; x_wconf 89' lang='lat' dir='ltr'>fatum</span> <span class='ocrx_word' id='word_1_225' title='bbox 759 4029 808 4091; x_wconf 91' lang='lat' dir='ltr'>cui</span> <span class='ocrx_word' id='word_1_226' title='bbox 831 4028 1004 4111; x_wconf 88' lang='lat' dir='ltr'>opponitur</span> <span class='ocrx_word' id='word_1_227' title='bbox 1026 4028 1105 4108; x_wconf 88' lang='grc' dir='ltr'>ἄλλη</span> <span class='ocrx_word' id='word_1_228' title='bbox 1128 4032 1233 4108; x_wconf 86' lang='grc' dir='ltr'>μοῖρα.</span> 
     </span>
     <span class='ocr_line' id='line_1_33' title="bbox 90 4137 1234 4221; baseline 0 -20"><span class='ocrx_word' id='word_1_229' title='bbox 90 4137 224 4201; x_wconf 85' lang='lat' dir='ltr'>Patriae</span> <span class='ocrx_word' id='word_1_230' title='bbox 242 4139 327 4202; x_wconf 88' lang='lat' dir='ltr'>enim</span> <span class='ocrx_word' id='word_1_231' title='bbox 350 4138 508 4202; x_wconf 84' lang='lat' dir='ltr'>excidium</span> <span class='ocrx_word' id='word_1_232' title='bbox 531 4160 602 4202; x_wconf 88' lang='lat' dir='ltr'>oum</span> <span class='ocrx_word' id='word_1_233' title='bbox 625 4138 783 4201; x_wconf 89' lang='lat' dir='ltr'>referatur</span> <span class='ocrx_word' id='word_1_234' title='bbox 798 4138 839 4200; x_wconf 88' lang='lat' dir='ltr'>ad</span> <span class='ocrx_word' id='word_1_235' title='bbox 854 4138 988 4202; x_wconf 85' lang='lat' dir='ltr'>Aiacem</span> <span class='ocrx_word' id='word_1_236' title='bbox 1004 4137 1179 4221; x_wconf 89' lang='lat' dir='ltr'>etquidem</span> <span class='ocrx_word' id='word_1_237' title='bbox 1194 4138 1234 4201; x_wconf 86' lang='lat' dir='ltr'>ad</span> 
     </span>
     <span class='ocr_line' id='line_1_34' title="bbox 90 4246 1235 4330; baseline 0 -19"><span class='ocrx_word' id='word_1_238' title='bbox 90 4247 162 4311; x_wconf 84' lang='lat' dir='ltr'>cius</span> <span class='ocrx_word' id='word_1_239' title='bbox 177 4246 315 4330; x_wconf 86' lang='lat' dir='ltr'>hastam,</span> <span class='ocrx_word' id='word_1_240' title='bbox 333 4251 388 4311; x_wconf 91' lang='lat' dir='ltr'>aut</span> <span class='ocrx_word' id='word_1_241' title='bbox 404 4249 487 4311; x_wconf 82' lang='lat' dir='ltr'>Aiax</span> <span class='ocrx_word' id='word_1_242' title='bbox 503 4248 620 4311; x_wconf 90' lang='lat' dir='ltr'>dicitur</span> <span class='ocrx_word' id='word_1_243' title='bbox 633 4251 729 4328; x_wconf 87' lang='grc' dir='ltr'>μοῖρα</span> <span class='ocrx_word' id='word_1_244' title='bbox 743 4270 812 4311; x_wconf 85' lang='lat' dir='ltr'>esse</span> <span class='ocrx_word' id='word_1_245' title='bbox 828 4250 883 4311; x_wconf 91' lang='lat' dir='ltr'>aut</span> <span class='ocrx_word' id='word_1_246' title='bbox 898 4249 992 4312; x_wconf 87' lang='lat' dir='ltr'>hasta</span> <span class='ocrx_word' id='word_1_247' title='bbox 1008 4248 1085 4311; x_wconf 87' lang='lat' dir='ltr'>eius.</span> <span class='ocrx_word' id='word_1_248' title='bbox 1116 4248 1235 4323; x_wconf 75' lang='lat' dir='ltr'>Quodsi</span> 
     </span>
     <span class='ocr_line' id='line_1_35' title="bbox 88 4357 1234 4442; baseline -0.002 -20"><span class='ocrx_word' id='word_1_249' title='bbox 88 4357 226 4422; x_wconf 89' lang='lat' dir='ltr'>omnino</span> <span class='ocrx_word' id='word_1_250' title='bbox 250 4358 314 4422; x_wconf 87' lang='lat' dir='ltr'>alio</span> <span class='ocrx_word' id='word_1_251' title='bbox 336 4358 425 4421; x_wconf 87' lang='lat' dir='ltr'>exitii</span> <span class='ocrx_word' id='word_1_252' title='bbox 453 4379 571 4441; x_wconf 81' lang='lat' dir='ltr'>genere</span> <span class='ocrx_word' id='word_1_253' title='bbox 594 4358 753 4422; x_wconf 85' lang='lat' dir='ltr'>exstincta</span> <span class='ocrx_word' id='word_1_254' title='bbox 781 4380 850 4421; x_wconf 87' lang='lat' dir='ltr'>esse</span> <span class='ocrx_word' id='word_1_255' title='bbox 872 4359 989 4423; x_wconf 89' lang='lat' dir='ltr'>dicitur</span> <span class='ocrx_word' id='word_1_256' title='bbox 1010 4358 1117 4441; x_wconf 89' lang='lat' dir='ltr'>patria</span> <span class='ocrx_word' id='word_1_257' title='bbox 1140 4363 1234 4442; x_wconf 83' lang='lat' dir='ltr'>atque</span> 
     </span>
    </p>
   </div>
   <div class='ocr_carea' id='block_1_13' title="bbox 0 0 1456 4996">
    <p class='ocr_par' dir='ltr' id='par_1_13' title="bbox 0 0 1456 4996">
     <span class='ocr_line' id='line_1_36' title="bbox 0 0 1456 4996; baseline 0 0"><span class='ocrx_word' id='word_1_258' title='bbox 0 0 1456 4996; x_wconf 95' lang='lat' dir='ltr'> </span> 
     </span>
    </p>
   </div>
  </div>
 </body>
</html>
