2924 4996
387 295 389 298 ’
423 318 583 367 nroursn
604 316 957 367 unmcauuasssusm.
1201 302 1265 367 537

121 475 174 538 vel
201 471 429 558 neglegentiae
455 459 579 535 librarii
606 470 657 534 vel
684 469 870 534 correctoris
899 469 1049 535 licentiae
1076 471 1265 555 tribuamus,

122 583 179 648 sed
203 605 242 647 ex
262 581 428 666 archetypi
443 580 588 646 bonitate
604 602 737 645 manare
751 580 892 664 potuisse
909 581 1146 664 ratiocinemur,
1168 582 1266 646 etiam

123 694 152 757 si
166 696 281 775 suapte
302 695 419 755 natura
440 713 508 755 non
529 691 648 755 habeat
670 712 731 774 quo
754 712 831 774 prae
852 691 984 776 vulgato
999 691 1167 756 Vrbinatis
1189 691 1266 757 ordo

123 802 372 868 commendetur.
408 801 552 885 Eamque
566 800 847 866 ratiocinationem
862 801 943 865 talia
959 802 1161 885 confirmant,
1185 823 1266 885 quae

124 935 197 977 oum
225 911 260 976 in
288 917 315 974 Α
340 932 509 995 perperam
534 910 678 975 traiectis
705 911 857 975 membris
884 933 945 976 nec
967 911 1109 978 construi
1136 932 1196 976 nec
1218 912 1266 976 in·

122 1022 236 1108 tellegi
257 1025 392 1106 queant,
423 1025 547 1086 mutata
573 1023 609 1085 in
631 1026 660 1085 B
683 1020 891 1086 collocatione
918 1023 1087 1087 verborum
1113 1021 1212 1106 plana
1234 1000 1275 1085 et

123 1133 274 1218 expedita
296 1132 446 1196 evadunt.
484 1131 530 1195 Vt
548 1130 590 1214 V,
614 1132 666 1214 73,
688 1131 745 1196 ubi
766 1154 824 1216 pro
846 1132 912 1196 his:
934 1132 998 1198 εἴτε
1021 1135 1073 1198 διὰ
1094 1134 1154 1212 τὴν
1176 1132 1266 1199 ἐξον-

122 1244 194 1310 (ίαν
220 1247 280 1309 τοῦ
306 1243 446 1309 κελεύειν
473 1243 535 1307 καὶ
562 1242 785 1308 διατάττειν
813 1241 874 1307 ὅτι
901 1243 1013 1308 θέλοι
1040 1244 1080 1308 τά
1107 1264 1142 1308 τε
1164 1242 1268 1307 δίκαια

122 1354 175 1418 καὶ
196 1353 235 1418 τὰ
262 1353 344 1418 καλὰ
370 1356 438 1418 τοῑε
464 1352 575 1417 ἄλλοι(
602 1355 666 1417 κτλ.
688 1352 907 1435 reponendum
929 1374 946 1416 e
968 1358 1012 1417 B:
1045 1357 1104 1418 τοῦ
1126 1352 1267 1419 κελεύειν

123 1463 185 1528 ὅτι
218 1462 328 1528 θέλοι
358 1464 421 1527 καὶ
447 1461 688 1546 [δια]τάττειν
719 1483 747 1526 e.
776 1484 807 1545 q.
838 1472 863 1525 s.
914 1462 1035 1538 Quibus
1068 1462 1266 1547 argumentis

123 1571 205 1636 adde
233 1572 424 1656 scriptorum
450 1571 650 1648 testimonia,
682 1570 809 1635 Nicolai
835 1572 1035 1656 potissimum
1061 1572 1265 1655 Damasceni,

123 1683 152 1746 si
173 1682 223 1746 dis
245 1682 362 1766 placet,
385 1681 442 1745 illa
464 1703 546 1765 quae
568 1685 588 1763 ξ
611 1682 631 1746 9
655 1681 979 1746 commemoravimus.
1002 1721 1045 1733 ——
1067 1683 1266 1766 Quamquam

124 1813 197 1857 cum
218 1812 284 1856 non
306 1813 379 1856 raro
400 1791 524 1855 hiatum
545 1792 581 1855 in
603 1796 633 1856 B
655 1790 827 1856 admissum
849 1792 947 1856 etiam
969 1798 996 1855 Α
1017 1793 1126 1876 tollat,
1149 1796 1186 1856 ut
1206 1793 1264 1876 IV,

125 1903 165 1966 16
187 1904 227 1968 τὰ
248 1905 305 1981 μὲν
334 1902 417 1967 ἄλλα
443 1905 560 1984 φορεῖν
587 1901 674 1967 ὅπλα
701 1905 915 1986 transponens
942 1924 1001 1986 pro
1029 1905 1071 1968 τὰ
1097 1905 1154 1983 μὲν
1184 1903 1268 1969 ἄλλα

123 2012 211 2077 ὅπλα
227 2015 357 2094 φορεῖν,
381 2016 516 2097 apparet
537 2033 633 2096 quam
654 2033 721 2077 non
735 2012 837 2096 possit
852 2034 918 2076 non
933 2011 1087 2078 fluctuare
1103 2013 1264 2079 iudicium.

657 2208 678 2288 a
703 2207 753 2272 13.

209 2343 411 2427 Omninoque
438 2343 500 2407 hoc
526 2343 625 2407 ctiam
657 2342 692 2406 in
721 2342 844 2427 reliqua
876 2365 997 2429 genera
1025 2343 1112 2408 cadit
1138 2346 1267 2427 praeter

122 2476 224 2517 unum
246 2453 324 2517 illud
330 2503 340 2536 ‚
370 2453 453 2536 quod
476 2453 659 2518 continetur
681 2453 865 2538 graviorum
885 2454 1075 2519 lacunarum
1103 2454 1267 2538 aliquanto
1285 2472 1317 2521 aa

122 2563 323 2628 uberioribus
351 2563 592 2647 supplementis.
640 2562 727 2627 Nam
759 2585 837 2628 sane
871 2565 926 2648 qui
959 2564 1009 2629 vel
1039 2564 1182 2630 Ohisiani
1217 2564 1267 2628 vel

123 2672 293 2737 Vrbinatis
314 2673 455 2738 indolem
477 2696 516 2737 ex
538 2674 584 2737 eis
605 2694 687 2758 quae
708 2673 770 2738 hac
793 2675 1062 2739 commentatione
1077 2674 1267 2758 protulimus

122 2783 323 2847 documentis
345 2784 514 2848 aestimare
535 2784 718 2848 universam
740 2784 883 2848 animum
910 2785 1087 2868 induxerit,
1117 2807 1189 2848 eum
1216 2785 1268 2849 rix

122 2893 342 2958 dubitaturum
365 2895 525 2978 suspicor,
549 2895 627 2978 quin
649 2895 699 2958 vel
721 2895 893 2980 integritas
915 2895 967 2960 vel
990 2886 1170 2959 emendatio
1192 2893 1267 2959 Dio-

121 3003 210 3087 nysii
231 3004 334 3068 omnis
363 3025 401 3067 ex
422 3027 486 3069 uno
509 3010 539 3069 B
559 3025 714 3089 suspensa
736 3004 779 3069 sit
806 3027 845 3070 ac
866 3004 1094 3089 propemodum
1121 3004 1210 3068 nullo
1232 3003 1267 3067 in

122 3113 230 3197 pretio
257 3119 283 3177 Α
309 3113 485 3179 habendus.
530 3114 758 3199 Reputandum
787 3118 836 3179 est
862 3118 969 3179 autem
996 3136 1063 3179 non
1090 3114 1151 3178 hoc
1172 3114 1266 3179 nobis

121 3245 214 3287 nunc
245 3224 405 3308 agendum
436 3225 550 3304 fuisse,
583 3228 618 3288 ut
651 3225 700 3289 vel
735 3223 883 3290 Ohisiani
915 3225 950 3288 in
980 3225 1090 3289 multis
1122 3224 1267 3307 partibus

122 3334 357 3417 praestantiam
383 3336 433 3398 vel
461 3333 629 3399 Vrbinatis
657 3335 691 3398 in
719 3335 791 3399 aliis
818 3336 1011 3419 pravitatem
1040 3337 1267 3399 commonstra·

120 3464 245 3527 remus,
275 3444 391 3529 quippe
418 3445 457 3508 de
484 3467 546 3529 qua
568 3448 601 3509 et
622 3445 822 3529 praestantia
850 3449 882 3510 et
908 3445 1069 3528 pravitate
1096 3466 1191 3509 nemo
1213 3445 1267 3509 du-

121 3553 275 3636 bitasset,
305 3554 360 3618 sed
386 3554 447 3620 hoc
468 3555 590 3639 potius,
618 3559 655 3620 ut
675 3555 844 3620 Vrbinatis
871 3578 927 3620 suo
957 3555 993 3619 in
1019 3576 1137 3640 genere
1166 3555 1267 3619 excel-

121 3663 261 3728 lentiam
282 3667 395 3729 contra
416 3665 568 3748 iniustas,
599 3668 635 3730 ut
662 3665 755 3730 nobis
777 3665 903 3750 quidem
926 3666 1029 3730 visum
1035 3715 1044 3748 ,
1074 3688 1172 3730 unum
1195 3664 1268 3730 Chi·

119 3773 252 3839 sianum
283 3774 511 3840 admirantium
543 3775 794 3841 obtrectationes
827 3775 1083 3841 defenderemus:
1119 3775 1153 3839 id
1184 3774 1267 3859 quod

119 3904 191 3948 non
215 3883 284 3948 sine
306 3884 413 3969 aliqua
435 3885 611 3970 legentium
634 3889 667 3949 et
688 3886 723 3949 in
745 3885 796 3950 his
818 3886 934 3950 litteris
957 3886 1058 3950 vitam
1081 3907 1267 3950 consumen-
1353 3924 1356 3929 -

118 3994 208 4061 tium
228 3994 369 4060 utilitate
389 3996 458 4059 fieri
481 4017 573 4080 posse
594 3996 786 4080 putavimus.
831 3996 936 4081 Igitur
962 3996 1108 4080 quotiens
1130 3996 1182 4062 vel
1204 3996 1268 4060 sin·

115 4103 220 4191 gulas
241 4126 335 4169 voces
356 4104 392 4169 in
414 4110 444 4170 B
470 4105 553 4170 forte
575 4105 817 4190 praetermissas
846 4106 887 4170 ab
915 4106 1049 4170 interitu
1071 4112 1098 4169 Α
1119 4106 1266 4192 servarit,

114 4214 174 4280 vel
198 4214 266 4278 illio
288 4236 363 4279 casu
391 4218 556 4300 corruptas
584 4216 751 4281 emendate
779 4216 830 4283 vel
852 4216 984 4281 consilio
1013 4219 1171 4282 correctas
1192 4217 1268 4282 fide-

112 4326 201 4393 liter
233 4324 423 4408 prodiderit,
462 4347 648 4389 enumerare
681 4326 924 4411 supersedimus.
975 4327 1174 4411 Quamquam
1209 4326 1268 4391 has
