2904 4996
233 312 295 385 736
631 333 791 383 senemr
814 330 986 383 omrrcar„

233 509 303 553 rrum
325 499 464 553 avertens
486 488 594 552 vocari
617 488 762 572 luppiter
783 490 868 552 visus
891 492 941 552 est
962 486 1174 552 Blomfieldio.
1205 488 1293 563 (luae
1315 488 1377 571 qui·

232 598 304 661 elem
326 598 521 683 significatio
550 599 610 662 etsi
633 598 828 661 alienissima
857 601 906 662 est
934 597 976 662 ab
1004 598 1261 682 Agamemnonis
1291 620 1376 661 versu

234 708 315 772 1314
338 708 449 792 [1301]
472 709 518 772 sio
540 710 677 772 fortasse
699 708 868 773 scribendo
891 730 963 772 oum
984 708 1157 792 proximis:

385 866 445 926 νῦν
468 864 501 928 δ’
523 863 550 927 εἰ
571 862 742 941 προτέρων
766 861 833 942 αἷμ’
857 861 1014 937 ἀποτίτει,

384 974 435 1035 καὶ
456 975 533 1036 τοῖα
556 976 687 1037 θανοῦτι
709 975 818 1037 θανὼν
841 971 951 1036 ἄλλων

308 1168 312 1179 Ι
435 1083 550 1146 ποινὰ(
572 1082 722 1148 θανάτων
744 1082 933 1163 ἐπικραίνει,

385 1192 441 1256 τί(
464 1192 562 1268 ἄγαν
585 1191 709 1257 εὔξαιτο
722 1195 859 1271 ’βροτῶν
867 1241 876 1273 ,
901 1191 999 1256 ἀιινεῑ

435 1302 559 1380 δαίμονι
582 1305 696 1383 φῦναι,
720 1301 791 1366 τάδ’
815 1301 997 1384 ἀκούων;*)

184 1475 217 1523 39
236 1454 291 1540 (of.
309 1453 488 1538 Reisigium
506 1476 618 1518 comm,
636 1454 675 1518 de
690 1463 748 1517 ἈΝ
773 1453 932 1538 particula
947 1475 979 1536 p.
999 1452 1059 1517 133
1074 1453 1155 1537 sq.):
1179 1453 1300 1536 quippe
1318 1453 1378 1515 illie.

233 1566 341 1643 ἀιινὴτ
362 1565 482 1644 δαίμων
511 1586 577 1628 non
607 1565 704 1628 aliam
726 1565 761 1628 in
782 1568 908 1647 partem
930 1562 1015 1626 valet
1038 1565 1134 1645 atque
1160 1563 1196 1626 in
1219 1561 1377 1646 Choepho·

232 1675 277 1737 ris
302 1697 332 1737 v.
360 1674 440 1738 1018
470 1674 576 1753 ἀτινὴτ
604 1676 720 1758 βίοτος,
752 1678 784 1738 et
812 1675 920 1753 ἀτινή(
948 1673 1016 1753 βίοτ
1046 1671 1132 1755 apud
1162 1671 1377 1735 Dioscoridem

232 1785 267 1847 in
290 1783 445 1848 Brunokii
467 1784 564 1847 Anal.
589 1784 604 1847 I
627 1808 658 1868 p.
681 1785 745 1850 502
768 1784 915 1868 [Anthol.
939 1781 1008 1846 Pal.
1033 1781 1107 1863 VH,
1134 1781 1223 1865 178]‚
1248 1782 1300 1845 vel
1321 1782 1377 1846 ἀτι-

233 1898 291 1974 virt
314 1895 410 1978 αἰών,
445 1894 496 1957 eui
529 1895 642 1958 affinia
674 1899 749 1959 sunt
777 1894 874 1958 verba
902 1892 1116 1956 Eumenidum
1139 1914 1169 1955 v.
1195 1892 1260 1955 3οῖ)
1294 1891 1376 1976 [313]

233 2006 342 2085 ἁιινήι
364 2007 398 2069 δ’
420 2004 522 2069 αἰῶνα
544 2009 690 2085 διοιχνεῑε
718 2007 828 2068 tamen
850 2003 975 2067 ratione
998 2000 1136 2087 quadam
1158 2001 1284 2064 nititur.
1306 2001 1377 2064 satis

233 2114 357 2178 idonea.
403 2114 501 2178 Velut
524 2115 660 2195 ἀβλαβὲ(
684 2115 771 2195 ὕδωρ
793 2113 854 2177 hoo
881 2117 976 2196 paeto
1004 2111 1172 2194 usurpavit
1194 2110 1377 2176 Theocritus

233 2222 352 2305 XXIV,
378 2224 418 2286 96
441 2229 473 2287 et
495 2226 690 2304 περιπάτου(
705 2225 932 2303 ἀκοπωτέρουτ
945 2221 1039 2285 Plato
1049 2220 1198 2284 Phaedro
1220 2243 1254 2304 p.
1268 2221 1329 2284 227
1346 2227 1376 2301 A,

233 2333 288 2396 ubi
310 2333 382 2396 vide
398 2334 483 2397 Astii
506 2334 546 2396 ael
563 2334 718 2397 notataad
740 2333 986 2396 translationem
1008 2352 1135 2395 vernae.
1153 2353 1187 2413 p.
1208 2332 1282 2394 191.
1306 2329 1377 2414 [Ad-

234 2443 315 2506 didit
338 2465 450 2508 censor
476 2466 507 2527 p.
533 2445 595 2508 939
624 2445 795 2509 ἀνώδυνον
819 2466 836 2507 e
859 2442 992 2506 Luciam
1014 2440 1331 2527 Tragodopodagrae
1351 2462 1377 2502 r.

234 2554 318 2636 322,
348 2554 547 2636 latinumque
570 2554 749 2637 exemplum
777 2558 995 2618 immortalitas
1022 2554 1122 2614 tertis
1144 2537 1320 2615 Classliani
1345 2550 1379 2612 de

234 2663 356 2745 nuptiis
381 2663 517 2727 Honorii
545 2668 576 2727 et
594 2663 717 2727 Mariae
743 2665 828 2747 153]
846 2662 1024 2726 —Verum
1046 2664 1173 2743 tamen,
1199 2666 1236 2724 ut
1260 2666 1379 2724 taceam

235 2773 315 2853 alia,
339 2773 475 2837 dolove
498 2778 533 2837 ut
556 2774 668 2836 salutis
691 2778 818 2837 auctore
846 2774 900 2856 qui
924 2771 1073 2836 credibile
1102 2773 1151 2833 est
1180 2771 1274 2854 prius
1303 2771 1379 2855 cogi·

233 2886 319 2946 tasse
343 2884 484 2968 virgines
507 2883 664 2966 quamde
696 2884 798 2947 salute
822 2883 915 2967 ipsa?
959 2881 1031 2945 Huo
1058 2879 1184 2944 aceedit
1212 2886 1381 2945 metrorum

234 2995 333 3075 ratio,
371 3015 433 3076 qua
470 2994 529 3057 etsi
567 2994 820 3077 persentiseebat
857 2992 1056 3077 Wellauerus
1092 2990 1186 3054 illam
1224 2991 1381 3076 repudiari

234 3103 441 3186 scripturam,
466 3107 575 3167 tamen
598 3103 829 3167 demonstravit
854 3103 994 3166 minime.
1040 3100 1273 3165 Definiendum
1302 3103 1382 3165 enim

235 3215 295 3276 hoo
317 3235 418 3297 genus
441 3214 487 3276 sio
510 3216 630 3296 estut,
662 3214 808 3277 etiamsi
831 3216 990 3276 extremae
1012 3210 1211 3295 paroemiam
1244 3212 1384 3295 syllabae

235 3327 352 3387 natura
375 3323 536 3407 ceteroqui
559 3324 602 3388 sit
623 3323 794 3387 arbitraria
823 3324 873 3406 (ut
900 3323 961 3387 hoo
983 3343 1069 3385 ιιιιιιο
1097 3325 1173 3384 utar
1203 3323 1384 3405 vocabulo),

238 3523 440 3531 m

303 3649 329 3713 *J
353 3647 493 3715 [rOblitus
513 3666 573 3700 sum
591 3647 643 3702 hae
661 3645 806 3701 occasione
825 3649 859 3700 ἂν
878 3649 907 3701 et
924 3647 975 3701 οὖν
993 3643 1146 3714 particulas
1161 3644 1306 3699 librorum
1325 3665 1385 3700 mss.

236 3740 275 3794 aio
292 3742 365 3795 inter
383 3759 412 3795 se
431 3741 578 3796 conciliare
598 3758 679 3794 versu
696 3740 843 3808 Aeschylio
862 3739 976 3809 Septem
994 3738 1030 3792 ad
1048 3737 1099 3790 Th.
1122 3744 1190 3835 105?
1213 3741 1319 3809 [1051]:

546 3863 608 3915 εῑτι·
628 3861 670 3913 τί(
689 3861 739 3913 οὖν
758 3865 849 3913 ταῦτα
868 3860 975 3913 πίθοιτ1
993 3860 1065 3919 ᾰν;>>

236 3991 292 4054 (Ex
311 3993 447 4042 Addendie
463 4009 489 4056 p.
511 3991 564 4054 44.)
598 3986 654 4040 Vbi
672 3990 767 4042 tamen
785 3987 859 4041 haud
878 3987 935 4041 seio
954 4004 990 4040 an
1007 3983 1122 4054 propius
1141 3985 1181 4039 ad
1201 3986 1292 4042 fidem
1312 3989 1391 4043 Modi-

236 4081 277 4134 eoi
295 4080 397 4135 codicis
417 4080 593 4135 scribendam
612 4081 648 4133 sit
666 4083 725 4134 eto.
748 4081 790 4134 τί(
808 4083 860 4134 οὖν
879 4083 914 4133 ἂν
932 4082 967 4133 τὰ
987 4080 1110 4141 πίθοιτο;
1129 4064 1174 4117 -“
1190 4080 1224 4132 Ιιι
1243 4082 1392 4149 Agruuem-

236 4173 315 4227 rionis
334 4177 428 4227 autem
448 4192 527 4227 vorsu
551 4174 625 4241 qaod
648 4175 714 4227 olim
737 4173 928 4227 commendavi
953 4171 1079 4238 ‘Reisigii
1103 4171 1232 4226 decretis
1252 4176 1392 4228 arliliotm'

237 4266 399 4332 (Hermanni
417 4268 503 4321 verba
521 4270 608 4335 sunt),
636 4267 716 4321 facile
734 4284 807 4320 nuno
830 4260 921 4336 patior
939 4266 987 4319 alii
1005 4264 1200 4319 emendationi
1221 4269 1340 4322 cedere:
1368 4270 1393 4320 in

237 4362 300 4427 παρ’
311 4379 413 4426 genere
433 4361 501 4414 satis
520 4364 595 4414 ferax
614 4361 789 4414 invent-orum
808 4364 886 4414 aetas
906 4360 977 4427 lint]
