2924 4996
397 303 657 353 cuononomvn
679 303 961 354 vmnonoususu.
1185 288 1245 354 561

108 462 216 522 autem
239 478 310 522 cum
332 461 433 523 semet
453 459 515 542 ipsi
543 458 665 522 alienos
687 458 877 541 profitentur
905 457 945 521 ab
968 458 1172 542 antiquarum
1193 479 1248 542 po·

107 568 267 632 tissimum
294 568 475 633 litterarum
502 569 631 652 studiis,
661 569 703 632 ab
731 567 917 652 ecquidem
945 567 1142 651 professione
1163 569 1248 633 vide-

107 679 175 743 rint
202 701 244 743 ne
272 679 390 744 rectius
419 679 459 743 ad
487 683 587 743 semet
615 678 788 763 culpandos
816 677 1060 763 proficiscantur
1087 694 1183 764 quam
1209 680 1249 744 ad

108 812 181 854 eum
202 812 323 856 morem
346 789 555 874 carpendum,
584 789 639 873 qui
666 811 732 853 non
754 793 804 854 est
824 789 888 853 alio
917 789 1049 854 consilio
1071 789 1248 873 institutus,

106 901 172 965 nisi
194 922 255 985 quo
277 901 348 986 ipsa
370 922 422 965 ars
437 899 632 985 philologiae
654 899 868 964 necessarium
891 899 1138 964 instrumentum
1160 921 1249 984 prae-

107 1010 234 1075 dicatur
269 1011 461 1097 reliquarum
497 1010 738 1094 disciplinarum
776 1010 931 1075 omnium:
974 1032 1012 1075 ac
1048 1010 1251 1094 praedicatur

108 1121 282 1186 verissime.
320 1120 440 1185 Verum
460 1123 497 1185 ut
518 1121 688 1184 toleremus
711 1120 942 1204 aliquantisper
963 1121 1014 1184 vel
1037 1120 1250 1187 condonemus

107 1231 236 1297 illorum
257 1232 392 1315 fastum,
416 1231 490 1315 quid
512 1230 643 1295 tandem
666 1252 733 1294 esse
755 1230 953 1315 putabimus,
983 1231 1066 1315 quod
1088 1231 1123 1295 in
1144 1253 1250 1316 repro·

108 1342 257 1406 batorum
279 1343 383 1407 locum
404 1341 595 1406 substituere
617 1341 672 1405 isti
694 1340 857 1406 delicatuli
880 1342 1021 1406 animum
1042 1342 1252 1408 induxerint?

107 1451 364 1537 quandoquidem
386 1474 452 1517 non
474 1454 580 1535 potest
602 1455 687 1515 certe
709 1451 790 1516 alius
813 1451 1002 1537 disciplinae
1031 1452 1125 1518 ullius
1150 1453 1251 1518 maior

107 1562 144 1626 in
166 1560 251 1626 hanc
272 1583 339 1627 rem
367 1584 440 1626 usus
470 1583 548 1626 esse.
594 1561 724 1627 Scilicet
751 1562 918 1628 illecebras
946 1563 1087 1627 locorum
1114 1584 1250 1628 commu-

107 1673 199 1736 nium
231 1675 400 1756 expetunt,
429 1675 485 1736 ant
512 1671 685 1736 luminibus
713 1672 902 1756 quibusdam
930 1673 1084 1739 orationis
1113 1673 1250 1738 illustra-

107 1785 230 1865 torum,
268 1785 323 1846 aut
356 1782 511 1867 pristinae
544 1782 759 1866 simplicitatis
796 1783 941 1866 exemplo
983 1783 1085 1848 tribus
1124 1787 1251 1848 tantum

109 1892 215 1956 verbis
247 1892 502 1976 perstricturum:
536 1913 574 1956 ex
603 1914 639 1956 eo
667 1893 868 1977 potissimum
896 1914 1030 1978 genere,
1066 1893 1161 1977 quod'
1178 1904 1251 1959 con·

106 2001 287 2083 formandis
315 2002 583 2086 emendandisque
616 2002 756 2067 moribus
790 2006 900 2087 aptum
932 2003 989 2068 sit:
1028 2003 1157 2069 brevem
1184 2005 1251 2068 fere

108 2112 286 2177 studiorum
315 2112 639 2196 commendationem,
669 2116 817 2177 strenuas
845 2115 884 2178 ad
913 2113 1116 2199 diligentiam
1139 2113 1250 2178 adhor-

107 2223 266 2305 tationes,
300 2222 386 2287 vitae
419 2225 505 2287 recte
537 2222 754 2288 instituendae
789 2222 931 2288 consilia.
984 2222 1086 2298 Quam
1117 2224 1152 2288 in
1184 2245 1251 2288 rem

109 2332 267 2396 antestari
289 2332 325 2396 F.
342 2332 382 2397 A.
399 2332 510 2396 Wolfii
532 2333 711 2418 exemplum
733 2334 852 2399 solent:
876 2333 964 2399 cuius
986 2333 1049 2397 fuit
1070 2355 1148 2398 sane
1170 2333 1251 2398 mira

108 2442 145 2506 in
167 2443 260 2520 istius
280 2443 365 2507 modi
388 2442 586 2528 argumentis
603 2443 781 2508 tractandis
803 2444 944 2509 suavitas
971 2447 1004 2508 et
1025 2445 1252 2528 propemodum
1335 2484 1336 2487 =

108 2553 283 2638 singularis
315 2553 487 2638 elegantia.
544 2553 660 2638 Atqui,
698 2555 759 2619 hoc
795 2558 831 2618 ut
862 2559 1028 2620 teneamus
1061 2555 1251 2640 exemplum,

108 2663 278 2748 quamdiu
296 2664 428 2728 coluisse
442 2663 595 2728 Wolfium
618 2664 708 2729 illam
729 2664 898 2749 praefandi
921 2665 1079 2730 rationem
1102 2665 1253 2731 creditis?

108 2773 271 2837 Nimirum
292 2774 363 2857 ipsa
384 2774 431 2838 rei
453 2774 621 2839 ieiunitate
642 2775 845 2861 locorumque
867 2775 1018 2839 similium
1041 2774 1144 2840 denuo
1166 2797 1252 2841 reco-

108 2883 307 2968 quendorum
328 2883 475 2949 molestia
496 2906 563 2949 non
584 2884 689 2969 potuit
711 2885 740 2950 ei
762 2906 828 2950 non
849 2888 977 2951 tantum
991 2885 1114 2950 fastidii
1138 2886 1250 2968 creari,

109 2993 193 3077 quin
210 2996 284 3077 post
305 3016 396 3058 suum
418 2994 496 3058 illud
518 3002 710 3077 mampsimus
740 2999 773 3061 et
795 2995 858 3060 alia
886 2994 1042 3080 quaedam
1064 2995 1184 3079 partim
1207 2995 1252 3059 fe-

108 3103 210 3186 stive,
238 3104 357 3188 partim
386 3104 543 3188 graviter,
573 3106 628 3170 sed
652 3108 767 3170 cuncta
796 3106 993 3190 populariter
1020 3105 1184 3189 proposita
1212 3105 1252 3168 ad

109 3213 251 3278 severius
281 3215 518 3279 commentandi
546 3237 647 3300 genus
682 3238 750 3281 sese
783 3219 887 3281 totum
915 3219 1129 3298 converteret,
1165 3215 1252 3279 cuius

111 3327 198 3388 certe
226 3345 399 3409 numquam
421 3324 569 3390 defutura
599 3327 738 3391 varietas
772 3329 870 3390 esset:
905 3324 946 3390 ad
979 3324 1170 3390 illustranda
1203 3325 1253 3389 vel

109 3433 312 3499 emendanda
334 3433 495 3526 Platonis,
525 3436 702 3519 Ciceronis,
732 3435 837 3501 Taciti
866 3435 966 3500 dicta:
994 3457 1094 3521 eaque
1122 3435 1157 3499 in
1180 3456 1252 3500 con-

109 3543 278 3608 suetudine
306 3545 472 3629 postmodo
499 3547 651 3631 perstitit.
707 3545 847 3630 Expedit
874 3545 973 3629 ipsius
995 3547 1093 3610 verba
1115 3545 1177 3609 huc
1200 3548 1253 3610 ad-

107 3653 246 3719 sciscere
269 3676 285 3718 e
312 3678 345 3739 p.
367 3656 409 3722 93
438 3655 752 3722 Commentationum
784 3655 998 3721 miscellarum
1026 3655 1253 3743 [‘Vermischte

108 3762 275 3830 Schriften
296 3765 362 3830 und
384 3765 564 3853 Aufsiitze']
587 3767 689 3831 invito
712 3770 840 3832 auctore
862 3764 955 3831 Halis
977 3789 1007 3831 a.
1031 3765 1254 3835 0101000011
1272 3780 1309 3834 IV

106 3873 285 3960 editamm,
308 3875 363 3940 ubi
385 3882 539 3943 mittamus
566 3883 734 3957 aliquando
761 3878 865 3961 inquit
892 3884 1086 3957 vulparia,
1115 3898 1194 3958 quoe
1221 3884 1253 3942 r‘a

104 3990 158 4050 uis
185 3992 412 4066 prolusionibus
439 3999 531 4052 antea
560 3993 725 4053 solebamus
759 3992 880 4066 tudae,
913 4000 942 4052 ct
972 3993 1070 4054 locam
1103 3993 1253 4068 quendum

104 4101 312 4162 communium
342 4102 513 4162 litterarum
543 4108 715 4163 tractemus.
760 4096 804 4161 Et
842 4097 949 4181 paullo
983 4100 1072 4183 post:
1103 4105 1255 4179 pertinent

102 4217 213 4272 autent
240 4211 284 4271 ott
308 4227 490 4272 communem
518 4214 702 4273 eruditorum
735 4213 971 4273 deliberabam
998 4214 1151 4274 bominum
1184 4215 1253 4274 doc·

98 4322 223 4386 trinam
237 4309 240 4314 ’
256 4321 281 4380 ir·
309 4323 472 4399 scriptores
497 4325 643 4395 maxime,
679 4339 752 4398 quos
787 4323 919 4383 Graecia
951 4323 1036 4384 nobis
1071 4327 1100 4383 et
1134 4322 1253 4383 Latium

160 4435 206 4471 rc.
225 4434 389 4472 siracusam
409 4436 555 4472 oruscnra
574 4439 592 4472 1.
1053 4404 1093 4466 36
