2896 4996
451 311 498 357 nn
521 309 591 356 oro
614 308 658 355 nr
681 308 823 372 emona.
1101 303 1113 326 ³
1142 292 1205 355 667

152 468 301 549 sperarat
322 463 554 528 Valckenarius
584 461 750 526 Diatribae
778 484 810 544 p.
834 462 907 525 291.
952 460 1042 535 Quod
1066 482 1137 525 cum
1159 462 1203 524 M.

150 574 345 639 Schmidtius
367 573 527 657 Philologi
550 571 597 637 IV
624 595 656 656 p.
680 571 742 636 628
774 576 956 655 corruptum
979 592 1046 635 esse
1069 593 1086 635 e
1109 574 1204 637 Διευ-

152 686 241 766 χίδας
268 685 397 767 statuit,
437 683 639 747 artificiosius
667 704 762 766 quarn
794 681 991 766 probabilius
1018 681 1205 746 ratiocinari

148 795 282 858 videtur.
334 793 423 857 Nihil
449 781 797 876 profecit'adnotando
823 791 998 856 Friebelius
1025 793 1059 855 in
1090 791 1203 856 Graec.

149 903 373 989 satyrograph.
397 903 514 988 fragm.
539 903 602 990 (ed.
627 902 770 967 Berolini
793 925 822 966 a.
849 903 943 986 1837)
966 925 997 986 p.
1024 901 1108 990 102]

60 1017 339 1095 Ὑπομνήματα
381 1016 560 1094 Ὁμήρουε
612 1014 684 1078 vide
719 1012 961 1095 Alexander,
1006 1011 1203 1096 Didymus

148 1123 463 1209 Epaphroditus,
487 1123 697 1207 Heracleo,
721 1123 823 1187 Pius.
869 1122 918 1188 Of.
943 1126 963 1204 ξ
986 1123 1037 1201 25,
1059 1124 1090 1186 2.

306 1714 608 1814 Epimetrum
635 1713 693 1787 ad
715 1742 751 1814 p.
776 1717 824 1788 20
855 1715 967 1808 [bbdl.

148 1898 196 1962 De
218 1898 389 1963 Eudemo
415 1922 495 1985 quae
519 1899 759 1984 Prolegomenis
781 1900 816 1963 in
836 1899 998 1971 Thomam
1013 1898 1205 1984 Magistrum
1223 1910 1255 1958 ‘18

60 2032 93 2093 p.
125 2008 293 2074 LXXVIII
321 2033 369 2094 sq.
403 2010 555 2084 incohata
584 2012 689 2096 magis
717 2013 793 2075 sunt
820 2032 916 2095 quam
944 2013 1111 2093 pertende,
1145 2010 1205 2074 hoc

60 2119 132 2182 loco
155 2119 251 2183 liceat
272 2121 379 2205 aliqua
402 2144 439 2185 ex
462 2124 554 2205 parte
577 2121 773 2205 supplere.*)
817 2119 902 2184 Nam
930 2121 1021 2204 quasi
1044 2142 1116 2184 cum
1138 2120 1204 2204 pul-

60 2229 183 2293 visculo
217 2230 376 2294 exhauriri
408 2231 464 2295 illa
497 2231 641 2315 quaestio
668 2253 734 2296 non
765 2231 885 2314 poterit
912 2235 988 2294 ante
1015 2230 1135 2294 editum
1164 2231 1204 2294 ab

60 2340 196 2404 Osanno
227 2340 404 2406 Eudemum
436 2341 634 2424 Parisinurn,
674 2362 768 2425 quem
800 2342 865 2405 iam
898 2341 974 2404 licet
1008 2344 1202 2425 exspectare.

60 2451 113 2513 Ac
135 2449 290 2534 primum,
319 2453 373 2536 qui
394 2452 462 2517 illic
482 2452 638 2536 patefacti
668 2455 743 2516 sunt
770 2452 912 2536 duplices
940 2450 1070 2535 quidam
1091 2473 1205 2515 vocum

61 2559 190 2623 ordines
214 2560 405 2642 (υναγωγῆε
421 2561 636 2646 Seguerianae
653 2562 688 2625 in
711 2563 793 2644 ἀβ-
810 2563 895 2640 ἀγ-
915 2562 994 2627 ἀδ-
1021 2563 1101 2627 ἀε-
1123 2563 1205 2627 ἀκ-

59 2670 195 2754 litteris,
230 2670 332 2736 eidem
360 2672 393 2736 in
416 2673 498 2738 n-
520 2673 644 2737 litteras
667 2695 791 2758 quoque
818 2674 866 2737 ita
888 2676 974 2737 certe
999 2673 1134 2755 cadunt,
1169 2674 1205 2736 ut

61 2802 100 2844 ea
124 2803 195 2843 eum
218 2782 392 2866 recipiendi
414 2783 622 2847 omiltendiue
637 2786 705 2847 tum
727 2788 856 2868 recepta
873 2783 1084 2867 componendi
1107 2783 1204 2847 licen-

59 2890 109 2953 tia
124 2895 256 2975 vaoent,
274 2914 369 2976 qnam
387 2893 421 2957 in
439 2894 667 2977 posterioribus
683 2895 879 2975 notavimus:
896 2894 1046 2978 (velutin
1062 2893 1203 2957 hisdesi-

60 3000 192 3064 deratur
215 3002 382 3070 ἀνατείνα(
404 3004 522 3089 glossa,
547 3004 587 3067 ab
615 3003 809 3068 Ruhnkenio
829 3003 956 3088 prolata
975 3003 1015 3067 ad
1038 3002 1204 3066 Timaeum

59 3134 92 3194 p.
110 3112 163 3193 31,
187 3133 254 3175 non
269 3112 466 3178 desideratur
487 3136 562 3197 pars
587 3136 704 3197 eorum,
729 3136 810 3199 quae
826 3135 842 3177 e
857 3112 1100 3178 Vindobonensi
1122 3113 1203 3176 libro

60 3224 213 3304 excerpta
235 3223 397 3306 posuimus
419 3247 450 3307 p.
476 3223 607 3290 CXLIV
622 3225 696 3309 sq).
741 3223 940 3309 Quamquam
962 3245 1003 3288 ne
1026 3245 1065 3287 ex
1088 3223 1132 3288 eis
1155 3245 1203 3287 ar·

129 3519 153 3585 *I
186 3518 323 3586 [Pluribus
353 3520 387 3573 de
416 3519 563 3575 Eudemo
590 3523 655 3590 post
681 3538 731 3575 nos
759 3520 939 3575 commentati
969 3522 1033 3574 srmt
1058 3520 1203 3574 Eduardus

55 3611 209 3665 Meierus
232 3614 328 3666 noster
350 3613 551 3683 Opusculorum
574 3613 652 3668 acad.
671 3615 696 3666 II
718 3633 744 3683 p.
767 3620 814 3668 147
833 3632 884 3682 sq,
909 3614 941 3669 G.
961 3614 1202 3681 Bernhardyus

55 3705 167 3759 Comm.
196 3705 230 3759 de
256 3704 357 3760 Suidae
378 3707 467 3761 lexico
497 3723 556 3776 cap.
583 3708 608 3760 Π
633 3726 660 3776 p.
686 3707 732 3760 XL
760 3707 854 3762 adnot.
884 3709 914 3761 et
939 3725 966 3776 p.
991 3707 1078 3774 XLII,
1108 3707 1204 3761 dedita

52 3800 155 3853 autern
168 3815 255 3867 opera
271 3799 408 3868 longeque
428 3799 551 3854 omnium
569 3804 598 3856 et
616 3800 754 3855 uberrime
773 3803 803 3854 et
820 3800 1000 3854 subtilissime
1017 3799 1202 3854 Mauricius

49 3890 272 3946 Schmidtius
296 3910 359 3947 cum
381 3893 409 3946 in
431 3893 604 3948 Fleckeiseni
626 3893 780 3948 Annalibus
803 3893 898 3963 philoI.
922 3896 942 3947 t.
962 3893 1048 3947 LXXI
1071 3896 1106 3960 (a.
1128 3896 1217 3960 1855)'

47 4006 78 4057 p.
102 3990 155 4037 481
176 4002 235 4052 sqq.
256 3990 306 4039 486
325 4003 385 4054 sqq.
404 3992 453 4041 496
473 4004 533 4054 sqq.
553 3990 613 4040 tum
630 3987 659 4040 in
676 3985 885 4055 Prolegomenis
903 3987 947 4040 vel
964 3987 1057 4055 potius
1075 3987 1203 4056 Epilogu-

44 4076 148 4134 mcnis
172 4077 303 4147 Hesychii
325 4079 367 4132 sui
389 4099 415 4147 p.
440 4080 526 4133 XLIX
551 4098 610 4148 sqq.
653 4079 734 4134 Cuius
758 4080 847 4135 (lectis
871 4080 1106 4150 disputationibus
1135 4079 1201 4132 satis

43 4190 119 4229 esse
140 4170 271 4225 effectum
289 4173 417 4239 arbitror,
436 4174 467 4225 ut
478 4191 529 4227 nec
542 4162 760 4242 descriptorum
771 4173 885 4227 indiculi
897 4172 999 4227 Suidae
1017 4172 1105 4228 lexico
1123 4191 1203 4242 prae-

41 4264 134 4323 missi
158 4264 268 4317 neoda
292 4264 484 4334 Hesychianae
507 4267 544 4321 ad
566 4267 713 4335 Eulogium
741 4267 876 4336 epistulae
898 4268 953 4322 fide
976 4267 1123 4335 quicquam
1145 4267 1201 4321 Iam

37 4356 242 4418 dubitationis
262 4359 367 4427 restet]
