3014 5010
424 353 471 399 na
495 352 586 398 aisn.
609 352 713 398 anax.
737 353 781 398 ar
804 350 1020 400 mmsrasro.
1233 330 1289 395 137

153 507 261 570 tunins
277 507 408 590 cognito
423 527 528 568 errore
544 505 578 567 in
594 504 684 568 illiun
699 504 907 587 invehitur’l).
933 503 1084 566 Reseeuit
1099 526 1136 565 ea
1153 503 1292 566 convitia

153 616 273 679 latinus
301 618 474 699 interpres,
504 614 768 698 quemadmodum
796 615 894 678 etiam
919 612 1083 677 Heliodori
1114 616 1293 676 commenta

152 727 187 789 in
210 727 337 790 brevius
365 726 535 790 contraxit.
580 724 671 789 Haec
700 729 805 788 autern
834 725 942 809 qualia
963 723 1085 787 fuerint
1106 723 1199 805 plene
1223 745 1291 806 per-

152 837 291 919 scripta,
320 859 377 900 sua
405 840 519 919 sponte
546 835 752 919 perspicitur:
780 836 896 919 quippe
919 857 984 898 non
1012 833 1204 896 differebant
1225 833 1292 896 fere

153 946 195 1008 ab
222 946 268 1010 eis
295 946 390 1030 ipsis,
424 968 505 1029 quae
532 946 570 1009 de
599 932 709 1010 eodein
738 948 927 1030 argumento
955 943 1066 1025 putida
1099 943 1292 1026 loquacitate

154 1060 305 1119 enarrata
327 1057 361 1120 in
376 1055 514 1140 Exegesi
530 1055 640 1120 Iliadis
663 1058 823 1140 leguntur.
862 1056 1000 1119 Rursum
1019 1054 1099 1118 haec
1120 1053 1293 1117 Tnetziana

154 1164 381 1250 Bernhartlyus
403 1165 484 1230 dixit
506 1189 537 1250 p.
558 1167 636 1247 834,
661 1167 687 1228 si
710 1166 839 1250 singula
860 1167 946 1230 inter
968 1187 1036 1228 sese
1059 1164 1291 1246 conferrentur,

153 1297 309 1358 apparere
330 1298 397 1340 non
419 1276 547 1340 aliunde
575 1276 690 1340 hausta
712 1298 780 1340 esse
808 1276 870 1362 nisi
893 1298 910 1339 e
932 1275 1061 1339 scholiis
1090 1276 1124 1338 in
1149 1274 1294 1356 Dionysii

153 1388 256 1448 artem
278 1408 309 1469 p.
335 1388 394 1451 767
418 1385 518 1450 Bekk.
565 1387 672 1470 Atque
699 1387 759 1451 hoc
786 1386 840 1449 ille
867 1386 994 1470 quidem
1023 1387 1055 1448 et
1077 1385 1239 1448 verissime
1262 1387 1294 1447 et

152 1497 189 1558 ut
216 1500 360 1560 nostram
388 1496 427 1559 de
455 1495 644 1579 Heliodoro,
675 1497 867 1561 scholiorum
895 1497 929 1560 in
951 1495 1140 1578 Dionysium
1166 1494 1293 1557 illorum

152 1605 324 1689 scriptore,
349 1608 564 1671 coniecturam
580 1607 709 1691 egregie
726 1608 936 1671 confirmarit:
960 1628 1053 1689 quem
1068 1626 1197 1688 sperare
1218 1604 1294 1669 licet

151 1738 240 1779 nunc
261 1716 425 1800 aliquanto
448 1718 586 1799 cautius,
611 1717 687 1800 quid
709 1718 794 1781 inter
816 1718 1054 1798 παραλογιεμόν
1078 1719 1111 1778 et
1132 1719 1292 1792 (υλλογιε-

150 1827 213 1904 μόν
241 1827 384 1909 intersit,
413 1826 618 1891 (lefiuitmum
645 1849 723 1891 esse.
769 1827 880 1911 Neque
908 1828 987 1890 haec
1014 1830 1124 1891 nostra
1153 1828 1291 1908 tanturn,

151 1936 208 1999 sed
240 1936 336 1999 ctiam
369 1937 635 2019 praestantissimi
664 1937 787 2001 Lehrsii
821 1960 932 2001 caussa
966 1936 1073 2021 paullo
1106 1936 1292 2020 diligentius
1314 1953 1342 2000 17

150 2046 345 2129 disputanda
371 2047 567 2131 putavimus,
598 2048 648 2111 cui
671 2048 799 2132 quidem
821 2048 842 2110 l.
868 2070 894 2111 c.
919 2047 1128 2131 probabiliter
1151 2047 1291 2111 effecisse

114 2216 120 2227 ,
151 2154 213 2219 visi
236 2179 375 2238 eramus,
400 2158 433 2221 in
456 2180 517 2241 quo
540 2158 693 2222 defecisse
717 2157 935 2241 Bernhardyo.

238 2267 434 2351 Ambiguum
455 2271 519 2349 est,
548 2269 602 2332 sed
625 2274 734 2332 tamen
756 2291 822 2333 non
845 2267 1180 2352 praetermittendum,
1209 2268 1291 2350 quod

151 2378 187 2440 in
220 2377 382 2442 simillima
415 2401 526 2470 caussa
560 2379 646 2442 aliud
682 2378 832 2463 quiddam
869 2378 978 2441 eadem
1011 2377 1149 2462 Exegesi
1182 2377 1291 2441 Iliadis

151 2488 306 2551 traditum
328 2489 404 2551 item
426 2491 616 2552 retractasse
639 2493 672 2552 et
694 2489 867 2553 correxisse
890 2491 1000 2571 postea
1015 2488 1132 2552 Taetza
1155 2487 1289 2571 videtur,

151 2602 185 2660 et
212 2599 247 2660 in
274 2598 351 2680 ipsis
378 2598 505 2681 quidem
538 2600 572 2662 in
600 2598 762 2684 Exegesin
790 2598 879 2662 illam
907 2599 1046 2662 scholiis.
1106 2597 1191 2662 Nam
1221 2620 1290 2662 curn

151 2730 183 2790 p.
200 2707 254 2787 45,
281 2709 317 2770 17
335 2707 421 2791 (772,
438 2709 480 2772 33
503 2708 558 2793 Β.)
581 2709 678 2772 libros
700 2708 887 2773 Homericos
910 2711 1082 2792 inscriptos
1105 2695 1174 2773 esse
1189 2710 1289 2791 ἄλφα,

151 2821 231 2896 βῆτα
247 2817 339 2881 etsie
354 2839 448 2900 porro
469 2821 550 2899 πρὸ(
566 2819 804 2899 ἀντιδιαετολὴν
822 2822 1075 2899 ’spicatarum
1096 2822 1146 2884 καὶ
1166 2823 1290 2884 λοιπῶν

150 2928 403 3006 (υγγραμμὰτων
425 2927 574 3010 dixisset,
598 2933 685 3012 post,
710 2952 781 2993 cum
803 2929 842 2993 de
864 2929 997 2993 immani
1019 2929 1111 3012 lapsu
1127 2928 1245 3012 aliquid
1262 2929 1290 2991 ei

149 3036 358 3118 suboluisset,
382 3059 452 3101 eam
467 3040 710 3102 annotationem
731 3062 763 3123 p.
784 3039 843 3104 154
859 3039 950 3122 (844)
973 3038 1105 3121 adiecit,
1130 3059 1211 3122 quae
1232 3039 1289 3101 etsi

150 3146 244 3210 valde
265 3147 416 3212 lacunosa
438 3151 501 3230 est,
525 3152 651 3232 tamen,
679 3150 742 3213 nisi
768 3149 894 3233 quidem
916 3149 1072 3232 fallimur,
1101 3170 1138 3211 eo
1165 3148 1290 3231 potissi-

150 3279 239 3320 mum
254 3262 393 3342 spectat,
417 3263 452 3323 ut
466 3260 567 3324 multo
583 3263 655 3343 post
669 3259 873 3323 Pisistratum
888 3261 1016 3343 eiusque
1031 3258 1152 3322 LXXII
1167 3261 1290 3338 (οφούε

150 3366 268 3430 vixisse
290 3369 496 3434 Aristotelem
518 3370 684 3453 doceatur,
709 3370 857 3454 priorque
880 3369 1022 3432 narratio
1046 3370 1091 3432 ita
1112 3371 1288 3450 excusetur,

149 3480 188 3540 ut
215 3478 303 3541 facta
326 3502 345 3541 a
367 3478 526 3544 Pisistrati
554 3481 647 3544 sociis
675 3480 916 3544 Homericorum
945 3480 1097 3543 librorum
1123 3479 1290 3561 inscriptio

148 3589 234 3667 πρὸ(
249 3588 487 3669 ἀντιδιαετολήν
503 3596 569 3656 τῶν
587 3591 749 3671 {irascor
771 3591 1052 3668 γενηεομένων
1076 3590 1287 3671 (υγγραφέων

149 3696 286 3761 dicatur.
351 3698 427 3774 Quis
464 3723 529 3764 non
566 3700 698 3764 miretur
734 3700 897 3785 singulare
935 3722 1068 3763 acumen
1104 3699 1289 3782 lepidissimi

150 3807 290 3890 capitis?

237 3917 417 4001 Postrema,
434 3921 536 4004 siquid
553 3922 651 3985 etiam
666 3943 752 3985 nunc
766 3920 906 4004 scrupuli
922 3919 1077 4001 resideat,
1095 3920 1156 3984 hnc
1171 3943 1288 4003 quaeso

218 4155 243 4221 *)
263 4154 349 4222 [Haec
366 4158 459 4211 omnia
475 4158 516 4212 ita
528 4176 588 4213 esse
601 4176 712 4227 reapse,
731 4158 893 4227 planissima
905 4175 977 4210 nnnc
994 4158 1155 4211 testimonia
1168 4159 1288 4212 clamant

144 4264 180 4302 cx
199 4247 386 4304 Ambrosiano
405 4250 499 4304 codice
518 4251 553 4304 ab
572 4252 605 4304 H.
624 4251 714 4305 Keilio
733 4251 810 4305 edita
827 4251 897 4304 Mus.
917 4251 1004 4303 Rhea.
1024 4267 1086 4304 nov.
1104 4251 1141 4304 Vl
1159 4270 1186 4320 p.
1204 4258 1289 4317 116,5

144 4357 210 4407 sqq.
231 4345 261 4393 et
281 4346 336 4404 ns,
352 4346 381 4396 12
400 4344 472 4411 sqq]
