2904 4996
459 338 619 388 sonarum
643 337 816 386 ααωιαλα.
1150 320 1210 385 737

66 500 177 560 tamen
193 495 299 559 hiatus
322 494 365 558 sit
379 494 528 557 vitandus
551 494 605 577 qui
628 493 674 556 sic
696 494 812 575 oritur,
837 496 872 555 ut
894 493 987 554 unius
1010 491 1212 576 eiusdemque

67 628 224 691 personae
246 627 299 669 ore
321 604 383 668 duo
407 605 634 668 continuentur
648 603 856 686 anapaestico
871 605 1056 686 systemata,
1079 625 1212 686 quorum

67 718 156 801 prius
182 717 269 781 brevi
298 716 488 779 terminetur
516 714 634 796 vocali,
667 715 744 777 item
772 736 792 776 a
819 713 921 776 vocali
950 713 1107 796 posterius
1134 714 1213 777 inci-

54 829 146 911 piat.
170 827 214 891 nt
236 828 295 891 hoc
311 825 438 909 quidem
453 827 659 908 praeceptum
682 824 722 886 ab
741 824 901 908 Aeschylo
923 822 1031 886 videor
1053 824 1213 887 invenisse

67 960 167 1022 usque
190 959 313 1021 quaque
334 936 508 1021 diligenter
528 935 745 998 observatum:
768 933 922 1017 siquidem
944 934 1030 998 inter
1051 937 1103 997 sat
1123 956 1213 1020 mag-

67 1071 145 1112 nam
167 1046 404 1112 multitudinem
426 1068 506 1130 quae
528 1046 595 1108 sola
616 1066 797 1129 repugnare
819 1044 967 1107 videntur
981 1045 1079 1109 verba
1094 1046 1211 1129 Agam.

67 1160 130 1223 347
157 1159 259 1244 [34ης
287 1159 436 1237 μεγάλων
464 1156 590 1236 κόεμων
613 1157 791 1235 κτεάτειρα,
820 1156 894 1220 ‘'l-lr'
921 1156 973 1220 ἐπὶ
995 1156 1111 1234 Τροία(
1134 1156 1213 1236 mip-

68 1290 138 1346 γοιε
161 1269 288 1349 ἔβαλεε,
310 1268 396 1331 inter
418 1267 571 1350 proodum
594 1269 626 1329 et
648 1265 813 1348 stropham
836 1265 1055 1329 distribuenda
1078 1270 1154 1329 sunt
1175 1266 1213 1329 de

69 1378 206 1462 Reisigii
228 1377 389 1459 sententia
412 1376 608 1461 Coniectum
624 1376 658 1439 in
681 1375 845 1459 Aristoph.
870 1399 901 1459 p.
918 1376 991 1439 269.
1018 1375 1111 1459 [Vide
1127 1377 1214 1440 infra

69 1511 101 1572 p.
118 1489 161 1551 42
180 1488 296 1573 (740).]
326 1487 439 1571 ltaque
461 1486 669 1550 emendandis
685 1485 872 1569 Aeschyleis
895 1486 1031 1549 adhibeo
1053 1487 1214 1550 scribendi

68 1599 302 1676 diversitatem,
325 1619 406 1681 quae
428 1619 466 1661 cx
489 1600 540 1661 sat
563 1597 672 1660 multis
696 1596 856 1661 codicibus
879 1600 1009 1660 enotata
1032 1600 1091 1678 est,
1116 1620 1214 1678 (ωτη-

68 1712 138 1792 ρίᾳε
167 1730 248 1793 quae
277 1708 374 1771 etiam
402 1707 592 1771 scholiastae
622 1711 701 1788 [non
729 1706 877 1790 Medicei]
914 1710 1019 1770 aetate
1051 1706 1216 1771 ferebatur

68 1820 116 1882 sic
144 1817 344 1882 adnotantis:
374 1817 436 1896 ἆρα
466 1819 568 1898 χαίρω
596 1820 645 1883 καὶ
674 1818 801 1897 ὑμνή(ω
830 1820 879 1882 καὶ
913 1818 1068 1882 παιανίεω
1098 1819 1149 1882 ἐπὶ
1176 1825 1214 1901 τῇ

67 1930 199 1994 πόλεως
220 1931 366 2011 (ωτηρίᾳ.
406 1926 578 1991 Enimvero
601 1950 667 1991 non
689 1923 795 2011 potest
817 1926 953 2012 ambigi,
978 1928 1056 2011 quin
1079 1931 1215 2007 (ωτηρία

68 2039 156 2103 vocis
179 2038 303 2123 vulgari
328 2038 555 2102 cousuetudine
577 2037 738 2101 illustrata
766 2038 842 2101 olim
871 2038 915 2101 sit
943 2038 1024 2100 alius
1053 2038 1215 2101 cuiusdam

68 2150 186 2212 raritas
210 2149 366 2212 vocabuli.
396 2148 448 2213 Sic
471 2149 556 2211 enim
579 2148 703 2211 exstitit
725 2148 800 2211 olim
823 2149 988 2231 scriptum,
1013 2151 1047 2211 ut
1070 2149 1213 2231 equidem

69 2259 224 2322 arbitror:

223 2421 363 2500 πότερον
386 2423 487 2501 χαίρω
511 2422 722 2488 κάπολολύξω

274 2532 402 2595 πόλεωε
425 2531 561 2611 ἀεινὴ(
583 2532 769 2615 εὐεοίᾳ;*)

72 2692 178 2775 Atque
206 2691 290 2754 haud
324 2691 389 2755 scio
422 2714 464 2754 an
493 2692 532 2754 ad
562 2692 755 2775 Aeschylum
783 2693 887 2776 potius
915 2697 1039 2776 spectet
1061 2693 1214 2777 Hesychii
1233 2703 1266 2750 40

69 2801 179 2884 glossa
202 2801 293 2864 roll
309 2823 340 2884 p.
361 2802 442 2865 1530
465 2801 502 2885 [1,
527 2802 547 2864 ‘2
570 2824 600 2885 p.
618 2803 691 2885 233,
710 2804 727 2866 7
745 2802 882 2887 Schmlz
906 2804 1050 2868 εὔεοια·
1074 2806 1216 2882 εὐθηνία,

69 2913 219 2990 (ωτηρία,
243 2909 401 2994 quemad
425 2910 613 2993 Sophoclem
637 2894 739 2995 [cuius
763 2913 840 2976 Oed.
863 2912 929 2977 Col.
946 2913 1010 2976 390
1032 2913 1216 2996 genetivum

71 3021 171 3084 habes
195 3021 343 3104 εὐεοίαε].
390 3023 499 3104 Auget
526 3021 716 3089 emendandi
740 3023 966 3086 confidentiam
996 3045 1067 3086 cum
1089 3027 1216 3085 seuten-

69 3131 137 3194 tiae
179 3130 381 3194 concinnitas
414 3134 480 3194 tum
515 3131 763 3195 immutationis*
784 3132 911 3197 lenitas.
957 3131 1103 3216 Namque
1135 3155 1217 3215 quac

70 3263 183 3304 recens
206 3244 379 3304 evenerant
407 3240 469 3303 duo
491 3240 743 3306 luculentissima
765 3242 921 3323 facinora,
950 3243 1099 3305 liberatio
1129 3243 1216 3305 urbis

70 3354 105 3413 ot
126 3351 263 3413 fratrum
286 3349 407 3433 caedes,
432 3351 477 3414 eis
500 3353 783 3415 commemorandis
800 3357 1049 3417 consentaneum
1071 3357 1120 3416 est
1136 3352 1217 3416 'lhe-

70 3461 175 3522 banas
198 3460 338 3544 virgines
361 3483 433 3524 suos
462 3465 493 3524 et
516 3461 659 3525 laetitiae
687 3467 719 3525 et
749 3463 900 3526 macroris
928 3485 1039 3525 sensus
1067 3463 1216 3547 prodere:

70 3592 154 3653 quae
177 3571 357 3633 sententiae
372 3571 509 3635 invicem
533 3573 593 3635 sibi
617 3574 781 3656 oppositae
805 3574 902 3637 etiam
925 3596 943 3636 a
966 3574 1080 3635 ruurtiu
1103 3597 1132 3637 v.
1156 3575 1217 3636 80⁵3

69 3680 163 3765 [785]
187 3680 373 3744 ferebantur
396 3681 428 3745 in
451 3664 535 3745 lumc
557 3682 700 3745 modum:

141 3993 166 4058 *λ
190 3993 286 4061 [Ins.
314 3993 448 4049 Dindorfii
471 3999 505 4061 lv.
525 4000 585 4061 8252)
614 3994 750 4064 scriptura
775 3997 887 4050 πόλεωε
911 3997 996 4049 driusi
1019 4003 1124 4064 εωτήρι
1148 4000 1217 4067 τύχᾳ

65 4085 166 4141 rioscio
191 4087 256 4153 quid
279 4088 389 4141 molest-i
409 4091 493 4154 atque
512 4088 583 4141 adeo
604 4088 705 4141 tumidi
726 4087 926 4142 attributorum
949 4090 1099 4144 cumulatio
1121 4091 1215 4144 habet.
1276 4071 1280 4078 ¹

68 4179 310 4233 llermannianam
333 4183 440 4245 autem,
462 4198 533 4247 quae
556 4181 625 4235 haec
648 4183 692 4234 est
714 4187 818 4248 εωτῆρι
845 4181 957 4234 πόλεωε
980 4183 1101 4252 ἀεινείᾳ,
1128 4185 1218 4237 fateor

65 4290 122 4327 nuc
142 4272 232 4341 ipsam
251 4290 295 4326 mc
312 4274 475 4342 intellegere
494 4291 545 4327 nec
563 4273 718 4328 adhibitam
737 4274 762 4327 ei
781 4274 1007 4343 explicationem:
1028 4281 1144 4342 «(ωτὴρ
1163 4279 1217 4330 ἀεί-

64 4384 133 4420 νεια
152 4367 196 4416 ost
215 4368 373 4434 εωτηρίαλε
394 4367 462 4420 nihil
480 4370 510 4421 ut
529 4367 563 4419 de
581 4366 643 4435 ipso
662 4368 765 4421 ἀείνεια
784 4368 919 4421 vocabulo
938 4368 1048 4436 dicam]

124 4471 166 4505 ru.
188 4470 352 4511 urrsunaarr
372 4470 517 4505 oruscuua
538 4473 556 4504 r.
971 4457 1010 4519 ,Π
1082 4440 1086 4451 Χ
