<?xml version="1.0" encoding="UTF-8"?>
<!DOCTYPE html PUBLIC "-//W3C//DTD XHTML 1.0 Transitional//EN"
    "http://www.w3.org/TR/xhtml1/DTD/xhtml1-transitional.dtd">
<html xmlns="http://www.w3.org/1999/xhtml" xml:lang="en" lang="en">
 <head>
  <title>
</title>
<meta http-equiv="Content-Type" content="text/html;charset=utf-8" />
  <meta name='ocr-system' content='tesseract 3.04.00' />
  <meta name='ocr-capabilities' content='ocr_page ocr_carea ocr_par ocr_line ocrx_word'/>
</head>
<body>
  <div class='ocr_page' id='page_1' title='image "./fridericiritsch04wachgoog_0466.png"; bbox 0 0 2948 4996; ppageno 0'>
   <div class='ocr_carea' id='block_1_1' title="bbox 472 295 1248 366">
    <p class='ocr_par' dir='ltr' id='par_1_1' title="bbox 472 295 1248 366">
     <span class='ocr_line' id='line_1_1' title="bbox 472 295 1248 366; baseline -0.008 -1"><span class='ocrx_word' id='word_1_1' title='bbox 472 317 592 366; x_wconf 82' lang='lat' dir='ltr'>aaavu</span> <span class='ocrx_word' id='word_1_2' title='bbox 621 314 880 366; x_wconf 80' lang='lat' dir='ltr'>sonrrroarnvs.</span> <span class='ocrx_word' id='word_1_3' title='bbox 1186 295 1248 362; x_wconf 82' lang='lat'>451</span> 
     </span>
    </p>
   </div>
   <div class='ocr_carea' id='block_1_2' title="bbox 27 468 1336 4397">
    <p class='ocr_par' dir='ltr' id='par_1_2' title="bbox 33 468 1332 1873">
     <span class='ocr_line' id='line_1_2' title="bbox 107 468 1249 555; baseline -0.009 -16"><span class='ocrx_word' id='word_1_4' title='bbox 107 476 271 552; x_wconf 85' lang='grc' dir='ltr'>νεώτερον</span> <span class='ocrx_word' id='word_1_5' title='bbox 298 471 475 555; x_wconf 77' lang='lat' dir='ltr'>intellegit:</span> <span class='ocrx_word' id='word_1_6' title='bbox 504 474 618 543; x_wconf 84' lang='lat' dir='ltr'>neuter</span> <span class='ocrx_word' id='word_1_7' title='bbox 645 470 822 534; x_wconf 89' lang='lat' dir='ltr'>rationibus</span> <span class='ocrx_word' id='word_1_8' title='bbox 850 468 1001 551; x_wconf 85' lang='lat' dir='ltr'>expositis</span> <span class='ocrx_word' id='word_1_9' title='bbox 1024 488 1100 531; x_wconf 89' lang='lat' dir='ltr'>suae</span> <span class='ocrx_word' id='word_1_10' title='bbox 1122 470 1249 530; x_wconf 89' lang='lat' dir='ltr'>seuten-</span> 
     </span>
     <span class='ocr_line' id='line_1_3' title="bbox 105 578 1246 666; baseline -0.006 -20"><span class='ocrx_word' id='word_1_11' title='bbox 105 584 184 666; x_wconf 87' lang='lat' dir='ltr'>tiae,</span> <span class='ocrx_word' id='word_1_12' title='bbox 209 582 323 666; x_wconf 90' lang='lat' dir='ltr'>quibus</span> <span class='ocrx_word' id='word_1_13' title='bbox 338 581 414 666; x_wconf 90' lang='lat' dir='ltr'>quid</span> <span class='ocrx_word' id='word_1_14' title='bbox 429 586 485 645; x_wconf 87' lang='lat' dir='ltr'>aut</span> <span class='ocrx_word' id='word_1_15' title='bbox 499 581 699 664; x_wconf 86' lang='lat' dir='ltr'>Philippensi</span> <span class='ocrx_word' id='word_1_16' title='bbox 722 582 778 643; x_wconf 89' lang='lat' dir='ltr'>aut</span> <span class='ocrx_word' id='word_1_17' title='bbox 797 579 928 643; x_wconf 85' lang='lat' dir='ltr'>Tabeno</span> <span class='ocrx_word' id='word_1_18' title='bbox 950 579 1040 641; x_wconf 91' lang='lat' dir='ltr'>fieret</span> <span class='ocrx_word' id='word_1_19' title='bbox 1063 578 1246 661; x_wconf 85' lang='lat' dir='ltr'>explicaret.</span> 
     </span>
     <span class='ocr_line' id='line_1_4' title="bbox 33 687 1248 776; baseline -0.007 -19"><span class='ocrx_word' id='word_1_20' title='bbox 33 751 40 757; x_wconf 90' lang='lat'>.</span> <span class='ocrx_word' id='word_1_21' title='bbox 106 693 243 776; x_wconf 89' lang='lat' dir='ltr'>Propior</span> <span class='ocrx_word' id='word_1_22' title='bbox 265 696 371 756; x_wconf 89' lang='lat' dir='ltr'>autem</span> <span class='ocrx_word' id='word_1_23' title='bbox 395 691 435 755; x_wconf 92' lang='lat' dir='ltr'>ad</span> <span class='ocrx_word' id='word_1_24' title='bbox 450 691 618 754; x_wconf 86' lang='lat' dir='ltr'>veritatem</span> <span class='ocrx_word' id='word_1_25' title='bbox 634 688 841 773; x_wconf 88' lang='lat' dir='ltr'>Wesselingii</span> <span class='ocrx_word' id='word_1_26' title='bbox 864 710 974 752; x_wconf 88' lang='lat' dir='ltr'>sensus</span> <span class='ocrx_word' id='word_1_27' title='bbox 996 688 1074 751; x_wconf 88' lang='lat' dir='ltr'>fuit:</span> <span class='ocrx_word' id='word_1_28' title='bbox 1098 687 1180 771; x_wconf 92' lang='lat' dir='ltr'>quod</span> <span class='ocrx_word' id='word_1_29' title='bbox 1202 687 1248 749; x_wconf 85' lang='lat' dir='ltr'>ita</span> 
     </span>
     <span class='ocr_line' id='line_1_5' title="bbox 106 796 1249 884; baseline -0.007 -18"><span class='ocrx_word' id='word_1_30' title='bbox 106 802 185 866; x_wconf 90' lang='lat' dir='ltr'>licet</span> <span class='ocrx_word' id='word_1_31' title='bbox 207 803 411 884; x_wconf 87' lang='lat' dir='ltr'>confirmare,</span> <span class='ocrx_word' id='word_1_32' title='bbox 440 804 476 865; x_wconf 94' lang='lat' dir='ltr'>ut</span> <span class='ocrx_word' id='word_1_33' title='bbox 502 804 641 884; x_wconf 77' lang='lat' dir='ltr'>nequeat</span> <span class='ocrx_word' id='word_1_34' title='bbox 670 802 781 863; x_wconf 84' lang='lat' dir='ltr'>eontra</span> <span class='ocrx_word' id='word_1_35' title='bbox 808 798 882 862; x_wconf 91' lang='lat' dir='ltr'>dici.</span> <span class='ocrx_word' id='word_1_36' title='bbox 928 797 1023 881; x_wconf 86' lang='lat' dir='ltr'>Apud</span> <span class='ocrx_word' id='word_1_37' title='bbox 1051 796 1249 879; x_wconf 80' lang='lat' dir='ltr'>Stephanum</span> 
     </span>
     <span class='ocr_line' id='line_1_6' title="bbox 107 908 1332 994; baseline -0.001 -19"><span class='ocrx_word' id='word_1_38' title='bbox 107 913 195 976; x_wconf 90' lang='lat' dir='ltr'>enim</span> <span class='ocrx_word' id='word_1_39' title='bbox 217 911 409 994; x_wconf 79' lang='lat' dir='ltr'>Byzantium</span> <span class='ocrx_word' id='word_1_40' title='bbox 431 911 511 974; x_wconf 87' lang='lat' dir='ltr'>haec</span> <span class='ocrx_word' id='word_1_41' title='bbox 533 911 684 994; x_wconf 78' lang='lat' dir='ltr'>leguntur</span> <span class='ocrx_word' id='word_1_42' title='bbox 697 932 727 972; x_wconf 81' lang='grc' dir='ltr'>ν.</span> <span class='ocrx_word' id='word_1_43' title='bbox 746 910 859 988; x_wconf 78' lang='grc' dir='ltr'>Τάβαιε</span> <span class='ocrx_word' id='word_1_44' title='bbox 882 910 974 973; x_wconf 81' lang='grc' dir='ltr'>πόλι(</span> <span class='ocrx_word' id='word_1_45' title='bbox 996 908 1126 973; x_wconf 76' lang='grc' dir='ltr'>Λυδίαι·</span> <span class='ocrx_word' id='word_1_46' title='bbox 1149 959 1156 972; x_wconf 95' lang='grc'><strong>.</strong></span> <span class='ocrx_word' id='word_1_47' title='bbox 1179 958 1185 971; x_wconf 95' lang='grc'><strong><em>.</em></strong></span> <span class='ocrx_word' id='word_1_48' title='bbox 1209 958 1216 970; x_wconf 94' lang='grc'><strong>.</strong></span> <span class='ocrx_word' id='word_1_49' title='bbox 1240 958 1246 971; x_wconf 95' lang='grc'><strong>.</strong></span> <span class='ocrx_word' id='word_1_50' title='bbox 1328 971 1332 974; x_wconf 88' lang='grc'>,</span> 
     </span>
     <span class='ocr_line' id='line_1_7' title="bbox 107 1007 1282 1103; baseline -0.004 -17"><span class='ocrx_word' id='word_1_51' title='bbox 107 1023 140 1086; x_wconf 90' lang='grc' dir='ltr'>οἱ</span> <span class='ocrx_word' id='word_1_52' title='bbox 161 1023 197 1087; x_wconf 85' lang='grc' dir='ltr'>δέ</span> <span class='ocrx_word' id='word_1_53' title='bbox 219 1043 295 1103; x_wconf 80' lang='lat' dir='ltr'>&lt;patr</span> <span class='ocrx_word' id='word_1_54' title='bbox 316 1024 374 1087; x_wconf 86' lang='grc' dir='ltr'>τὸν</span> <span class='ocrx_word' id='word_1_55' title='bbox 399 1022 534 1101; x_wconf 88' lang='grc' dir='ltr'>Κιβύραν</span> <span class='ocrx_word' id='word_1_56' title='bbox 556 1022 606 1085; x_wconf 85' lang='grc' dir='ltr'>καί</span> <span class='ocrx_word' id='word_1_57' title='bbox 630 1020 783 1099; x_wconf 76' lang='grc' dir='ltr'>Μαρεύαν</span> <span class='ocrx_word' id='word_1_58' title='bbox 805 1019 969 1099; x_wconf 78' lang='grc' dir='ltr'>ἀδελφοῦ(</span> <span class='ocrx_word' id='word_1_59' title='bbox 991 1007 1049 1084; x_wconf 81' lang='grc' dir='ltr'>τὸν</span> <span class='ocrx_word' id='word_1_60' title='bbox 1072 1020 1129 1097; x_wconf 83' lang='grc' dir='ltr'>μὲν</span> <span class='ocrx_word' id='word_1_61' title='bbox 1150 1017 1248 1082; x_wconf 80' lang='lat' dir='ltr'>rrtcou</span> <span class='ocrx_word' id='word_1_62' title='bbox 1266 1025 1282 1072; x_wconf 83' lang='grc'>4</span> 
     </span>
     <span class='ocr_line' id='line_1_8' title="bbox 109 1128 1249 1213; baseline -0.004 -17"><span class='ocrx_word' id='word_1_63' title='bbox 109 1133 246 1212; x_wconf 84' lang='grc' dir='ltr'>Κιβύραν</span> <span class='ocrx_word' id='word_1_64' title='bbox 268 1133 375 1210; x_wconf 79' lang='grc' dir='ltr'>πόλιν,</span> <span class='ocrx_word' id='word_1_65' title='bbox 401 1133 459 1196; x_wconf 86' lang='grc' dir='ltr'>τὸν</span> <span class='ocrx_word' id='word_1_66' title='bbox 482 1133 517 1195; x_wconf 84' lang='grc' dir='ltr'>δὲ</span> <span class='ocrx_word' id='word_1_67' title='bbox 540 1132 645 1210; x_wconf 81' lang='grc' dir='ltr'>Τάβα(</span> <span class='ocrx_word' id='word_1_68' title='bbox 668 1151 694 1193; x_wconf 92' lang='lat' dir='ltr'>e.</span> <span class='ocrx_word' id='word_1_69' title='bbox 718 1152 748 1213; x_wconf 92' lang='lat' dir='ltr'>q.</span> <span class='ocrx_word' id='word_1_70' title='bbox 773 1152 810 1212; x_wconf 90' lang='lat' dir='ltr'>s.,</span> <span class='ocrx_word' id='word_1_71' title='bbox 840 1128 948 1212; x_wconf 88' lang='lat' dir='ltr'>paullo</span> <span class='ocrx_word' id='word_1_72' title='bbox 977 1132 1083 1192; x_wconf 89' lang='lat' dir='ltr'>autem</span> <span class='ocrx_word' id='word_1_73' title='bbox 1105 1130 1192 1210; x_wconf 89' lang='lat' dir='ltr'>post:</span> <span class='ocrx_word' id='word_1_74' title='bbox 1230 1128 1249 1192; x_wconf 87' lang='grc' dir='ltr'>ὁ</span> 
     </span>
     <span class='ocr_line' id='line_1_9' title="bbox 106 1236 1249 1322; baseline -0.004 -18"><span class='ocrx_word' id='word_1_75' title='bbox 106 1243 239 1321; x_wconf 83' lang='grc' dir='ltr'>πολίτη(</span> <span class='ocrx_word' id='word_1_76' title='bbox 261 1242 416 1321; x_wconf 75' lang='grc' dir='ltr'>Ταβηνόε.</span> <span class='ocrx_word' id='word_1_77' title='bbox 460 1239 554 1303; x_wconf 86' lang='lat' dir='ltr'>Vnde</span> <span class='ocrx_word' id='word_1_78' title='bbox 582 1239 768 1322; x_wconf 84' lang='lat' dir='ltr'>planissime</span> <span class='ocrx_word' id='word_1_79' title='bbox 791 1241 926 1322; x_wconf 86' lang='lat' dir='ltr'>apparet</span> <span class='ocrx_word' id='word_1_80' title='bbox 947 1238 1051 1302; x_wconf 90' lang='lat' dir='ltr'>deleto</span> <span class='ocrx_word' id='word_1_81' title='bbox 1073 1237 1155 1320; x_wconf 90' lang='lat' dir='ltr'>apud</span> <span class='ocrx_word' id='word_1_82' title='bbox 1181 1236 1249 1300; x_wconf 83' lang='lat' dir='ltr'>Sui·</span> 
     </span>
     <span class='ocr_line' id='line_1_10' title="bbox 107 1347 1250 1432; baseline -0.003 -20"><span class='ocrx_word' id='word_1_83' title='bbox 107 1350 183 1413; x_wconf 89' lang='lat' dir='ltr'>dam</span> <span class='ocrx_word' id='word_1_84' title='bbox 205 1350 301 1414; x_wconf 84' lang='lat' dir='ltr'>tertio</span> <span class='ocrx_word' id='word_1_85' title='bbox 322 1350 486 1432; x_wconf 69' lang='grc' dir='ltr'>ίὲτορικόι,</span> <span class='ocrx_word' id='word_1_86' title='bbox 511 1347 595 1432; x_wconf 91' lang='lat' dir='ltr'>quod</span> <span class='ocrx_word' id='word_1_87' title='bbox 617 1371 634 1413; x_wconf 91' lang='lat' dir='ltr'>e</span> <span class='ocrx_word' id='word_1_88' title='bbox 657 1349 819 1432; x_wconf 85' lang='lat' dir='ltr'>superiore</span> <span class='ocrx_word' id='word_1_89' title='bbox 840 1370 935 1412; x_wconf 82' lang='lat' dir='ltr'>versu</span> <span class='ocrx_word' id='word_1_90' title='bbox 956 1348 1018 1412; x_wconf 95' lang='lat' dir='ltr'>huc</span> <span class='ocrx_word' id='word_1_91' title='bbox 1040 1347 1169 1429; x_wconf 82' lang='lat' dir='ltr'>invasit,</span> <span class='ocrx_word' id='word_1_92' title='bbox 1194 1348 1250 1410; x_wconf 87' lang='lat' dir='ltr'>aut</span> 
     </span>
     <span class='ocr_line' id='line_1_11' title="bbox 106 1457 1249 1543; baseline -0.003 -20"><span class='ocrx_word' id='word_1_93' title='bbox 106 1460 179 1523; x_wconf 89' lang='lat' dir='ltr'>loco</span> <span class='ocrx_word' id='word_1_94' title='bbox 205 1460 354 1543; x_wconf 86' lang='lat' dir='ltr'>pellenda</span> <span class='ocrx_word' id='word_1_95' title='bbox 381 1481 449 1523; x_wconf 89' lang='lat' dir='ltr'>esse</span> <span class='ocrx_word' id='word_1_96' title='bbox 479 1460 629 1539; x_wconf 77' lang='lat' dir='ltr'>Mapcduc</span> <span class='ocrx_word' id='word_1_97' title='bbox 658 1460 790 1538; x_wconf 76' lang='grc' dir='ltr'>Μάριον</span> <span class='ocrx_word' id='word_1_98' title='bbox 818 1459 980 1539; x_wconf 64' lang='grc' dir='ltr'>Ταβηνόε,</span> <span class='ocrx_word' id='word_1_99' title='bbox 1015 1457 1080 1521; x_wconf 85' lang='lat' dir='ltr'>sive</span> <span class='ocrx_word' id='word_1_100' title='bbox 1109 1479 1147 1520; x_wconf 90' lang='lat' dir='ltr'>ea</span> <span class='ocrx_word' id='word_1_101' title='bbox 1177 1458 1249 1540; x_wconf 87' lang='lat' dir='ltr'>post</span> 
     </span>
     <span class='ocr_line' id='line_1_12' title="bbox 107 1567 1249 1654; baseline -0.003 -22"><span class='ocrx_word' id='word_1_102' title='bbox 107 1570 262 1633; x_wconf 90' lang='lat' dir='ltr'>librorum</span> <span class='ocrx_word' id='word_1_103' title='bbox 283 1570 422 1634; x_wconf 90' lang='lat' dir='ltr'>indicem</span> <span class='ocrx_word' id='word_1_104' title='bbox 443 1569 660 1652; x_wconf 86' lang='lat' dir='ltr'>Philippensis</span> <span class='ocrx_word' id='word_1_105' title='bbox 682 1569 830 1654; x_wconf 80' lang='lat' dir='ltr'>Marsyae</span> <span class='ocrx_word' id='word_1_106' title='bbox 859 1569 899 1632; x_wconf 92' lang='lat' dir='ltr'>ab</span> <span class='ocrx_word' id='word_1_107' title='bbox 926 1568 997 1652; x_wconf 89' lang='lat' dir='ltr'>ipso</span> <span class='ocrx_word' id='word_1_108' title='bbox 1018 1567 1117 1632; x_wconf 82' lang='lat' dir='ltr'>Suida</span> <span class='ocrx_word' id='word_1_109' title='bbox 1144 1567 1249 1650; x_wconf 90' lang='lat' dir='ltr'>posita</span> 
     </span>
     <span class='ocr_line' id='line_1_13' title="bbox 105 1676 1249 1763; baseline -0.002 -21"><span class='ocrx_word' id='word_1_110' title='bbox 105 1679 255 1761; x_wconf 85' lang='lat' dir='ltr'>fuemmt,</span> <span class='ocrx_word' id='word_1_111' title='bbox 284 1680 350 1743; x_wconf 86' lang='lat' dir='ltr'>sive</span> <span class='ocrx_word' id='word_1_112' title='bbox 378 1680 468 1743; x_wconf 87' lang='lat' dir='ltr'>illata</span> <span class='ocrx_word' id='word_1_113' title='bbox 496 1684 586 1763; x_wconf 90' lang='lat' dir='ltr'>sunt,</span> <span class='ocrx_word' id='word_1_114' title='bbox 620 1679 653 1742; x_wconf 89' lang='lat' dir='ltr'>id</span> <span class='ocrx_word' id='word_1_115' title='bbox 675 1679 760 1762; x_wconf 93' lang='lat' dir='ltr'>quod</span> <span class='ocrx_word' id='word_1_116' title='bbox 783 1680 850 1743; x_wconf 86' lang='lat' dir='ltr'>veri</span> <span class='ocrx_word' id='word_1_117' title='bbox 873 1700 942 1742; x_wconf 89' lang='lat' dir='ltr'>esse</span> <span class='ocrx_word' id='word_1_118' title='bbox 964 1678 1106 1742; x_wconf 85' lang='lat' dir='ltr'>otnnium</span> <span class='ocrx_word' id='word_1_119' title='bbox 1128 1676 1249 1741; x_wconf 93' lang='lat' dir='ltr'>similli-</span> 
     </span>
     <span class='ocr_line' id='line_1_14' title="bbox 105 1775 1249 1873; baseline 0 -21"><span class='ocrx_word' id='word_1_120' title='bbox 105 1811 196 1852; x_wconf 90' lang='lat' dir='ltr'>mum</span> <span class='ocrx_word' id='word_1_121' title='bbox 217 1793 382 1872; x_wconf 89' lang='lat' dir='ltr'>putamus,</span> <span class='ocrx_word' id='word_1_122' title='bbox 414 1811 452 1854; x_wconf 83' lang='lat' dir='ltr'>ex</span> <span class='ocrx_word' id='word_1_123' title='bbox 480 1789 642 1871; x_wconf 88' lang='lat' dir='ltr'>adscripta</span> <span class='ocrx_word' id='word_1_124' title='bbox 669 1789 704 1852; x_wconf 91' lang='lat' dir='ltr'>in</span> <span class='ocrx_word' id='word_1_125' title='bbox 726 1775 873 1873; x_wconf 85' lang='lat' dir='ltr'>margine</span> <span class='ocrx_word' id='word_1_126' title='bbox 895 1789 1077 1852; x_wconf 88' lang='lat' dir='ltr'>notatione:</span> <span class='ocrx_word' id='word_1_127' title='bbox 1113 1791 1169 1852; x_wconf 89' lang='lat' dir='ltr'>aut</span> <span class='ocrx_word' id='word_1_128' title='bbox 1191 1788 1249 1852; x_wconf 90' lang='lat' dir='ltr'>eis-</span> 
     </span>
    </p>

    <p class='ocr_par' dir='ltr' id='par_1_3' title="bbox 27 1884 1249 2203">
     <span class='ocr_line' id='line_1_15' title="bbox 27 1884 1249 1964; baseline 0 -2"><span class='ocrx_word' id='word_1_129' title='bbox 27 1890 31 1895; x_wconf 35' lang='lat'><em>*</em></span> <span class='ocrx_word' id='word_1_130' title='bbox 105 1899 181 1962; x_wconf 90' lang='lat' dir='ltr'>dem</span> <span class='ocrx_word' id='word_1_131' title='bbox 203 1921 259 1963; x_wconf 91' lang='lat' dir='ltr'>suo</span> <span class='ocrx_word' id='word_1_132' title='bbox 281 1900 316 1962; x_wconf 86' lang='lat' dir='ltr'>in</span> <span class='ocrx_word' id='word_1_133' title='bbox 338 1899 407 1964; x_wconf 91' lang='lat' dir='ltr'>loeo</span> <span class='ocrx_word' id='word_1_134' title='bbox 429 1898 563 1963; x_wconf 83' lang='lat' dir='ltr'>servatis</span> <span class='ocrx_word' id='word_1_135' title='bbox 586 1899 632 1963; x_wconf 88' lang='lat' dir='ltr'>sic</span> <span class='ocrx_word' id='word_1_136' title='bbox 647 1921 715 1963; x_wconf 93' lang='lat' dir='ltr'>esse</span> <span class='ocrx_word' id='word_1_137' title='bbox 731 1899 934 1963; x_wconf 89' lang='lat' dir='ltr'>scribendum</span> <span class='ocrx_word' id='word_1_138' title='bbox 949 1899 1054 1963; x_wconf 88' lang='lat' dir='ltr'>dicam</span> <span class='ocrx_word' id='word_1_139' title='bbox 1076 1922 1118 1963; x_wconf 89' lang='lat' dir='ltr'>an</span> <span class='ocrx_word' id='word_1_140' title='bbox 1140 1884 1249 1963; x_wconf 89' lang='lat' dir='ltr'>luden-</span> 
     </span>
     <span class='ocr_line' id='line_1_16' title="bbox 105 2009 1249 2092; baseline 0.003 -21"><span class='ocrx_word' id='word_1_141' title='bbox 105 2009 200 2072; x_wconf 88' lang='lat' dir='ltr'>dum:</span> <span class='ocrx_word' id='word_1_142' title='bbox 232 2011 383 2090; x_wconf 78' lang='grc' dir='ltr'>Μαρεύα(</span> <span class='ocrx_word' id='word_1_143' title='bbox 407 2010 621 2092; x_wconf 86' lang='grc' dir='ltr'>Κριτοφήμου,</span> <span class='ocrx_word' id='word_1_144' title='bbox 646 2011 833 2086; x_wconf 77' lang='grc' dir='ltr'>Φιλιππεύε,</span> <span class='ocrx_word' id='word_1_145' title='bbox 856 2010 1010 2088; x_wconf 77' lang='grc' dir='ltr'>ἱετορικὸ(</span> <span class='ocrx_word' id='word_1_146' title='bbox 1033 2011 1052 2075; x_wconf 89' lang='grc' dir='ltr'>ὁ</span> <span class='ocrx_word' id='word_1_147' title='bbox 1074 2010 1249 2091; x_wconf 68' lang='grc' dir='ltr'>νεώτερος·</span> 
     </span>
     <span class='ocr_line' id='line_1_17' title="bbox 105 2119 1248 2203; baseline 0.002 -20"><span class='ocrx_word' id='word_1_148' title='bbox 105 2121 219 2197; x_wconf 67' lang='grc' dir='ltr'>ἕτεροι</span> <span class='ocrx_word' id='word_1_149' title='bbox 241 2120 304 2203; x_wconf 80' lang='grc' dir='ltr'>(δὲ)</span> <span class='ocrx_word' id='word_1_150' title='bbox 330 2121 480 2200; x_wconf 81' lang='grc' dir='ltr'>Μαρεύαε</span> <span class='ocrx_word' id='word_1_151' title='bbox 503 2120 644 2199; x_wconf 73' lang='grc' dir='ltr'>Μάριον,</span> <span class='ocrx_word' id='word_1_152' title='bbox 667 2120 821 2199; x_wconf 76' lang='grc' dir='ltr'>Ταβηνόι.</span> <span class='ocrx_word' id='word_1_153' title='bbox 850 2119 993 2199; x_wconf 84' lang='grc' dir='ltr'>ἔγραψεν</span> <span class='ocrx_word' id='word_1_154' title='bbox 1020 2119 1248 2200; x_wconf 84' lang='grc' dir='ltr'>ἀρχαιολογίαν</span> 
     </span>
    </p>

    <p class='ocr_par' dir='ltr' id='par_1_4' title="bbox 104 2229 1336 3080">
     <span class='ocr_line' id='line_1_18' title="bbox 105 2229 1247 2309; baseline 0.002 -17"><span class='ocrx_word' id='word_1_155' title='bbox 105 2280 113 2292; x_wconf 94' lang='grc'><strong>.</strong></span> <span class='ocrx_word' id='word_1_156' title='bbox 140 2280 146 2291; x_wconf 94' lang='grc'><em>.</em></span> <span class='ocrx_word' id='word_1_157' title='bbox 169 2280 176 2292; x_wconf 94' lang='grc'><strong>.</strong></span> <span class='ocrx_word' id='word_1_158' title='bbox 198 2280 206 2292; x_wconf 89' lang='grc'><strong>.</strong></span> <span class='ocrx_word' id='word_1_159' title='bbox 228 2231 278 2293; x_wconf 88' lang='grc' dir='ltr'>καὶ</span> <span class='ocrx_word' id='word_1_160' title='bbox 300 2230 392 2308; x_wconf 84' lang='grc' dir='ltr'>ἕτερά</span> <span class='ocrx_word' id='word_1_161' title='bbox 414 2251 484 2296; x_wconf 88' lang='grc' dir='ltr'>τινα</span> <span class='ocrx_word' id='word_1_162' title='bbox 506 2230 578 2308; x_wconf 89' lang='grc' dir='ltr'>περὶ</span> <span class='ocrx_word' id='word_1_163' title='bbox 595 2229 744 2307; x_wconf 73' lang='grc' dir='ltr'>τῆσίδίαε</span> <span class='ocrx_word' id='word_1_164' title='bbox 760 2230 923 2309; x_wconf 71' lang='grc' dir='ltr'>πατρίδος,</span> <span class='ocrx_word' id='word_1_165' title='bbox 946 2230 1007 2293; x_wconf 87' lang='grc' dir='ltr'>λιοο</span> <span class='ocrx_word' id='word_1_166' title='bbox 1023 2233 1072 2293; x_wconf 85' lang='lat' dir='ltr'>est</span> <span class='ocrx_word' id='word_1_167' title='bbox 1093 2231 1132 2293; x_wconf 88' lang='lat' dir='ltr'>de</span> <span class='ocrx_word' id='word_1_168' title='bbox 1154 2231 1247 2294; x_wconf 89' lang='lat' dir='ltr'>rebus</span> 
     </span>
     <span class='ocr_line' id='line_1_19' title="bbox 104 2338 1248 2422; baseline 0.003 -20"><span class='ocrx_word' id='word_1_169' title='bbox 104 2338 334 2403; x_wconf 80' lang='lat' dir='ltr'>Macedonicis.</span> <span class='ocrx_word' id='word_1_170' title='bbox 370 2338 455 2402; x_wconf 91' lang='lat' dir='ltr'>Nam</span> <span class='ocrx_word' id='word_1_171' title='bbox 470 2340 632 2421; x_wconf 86' lang='grc' dir='ltr'>Φίλιπποι,</span> <span class='ocrx_word' id='word_1_172' title='bbox 656 2360 697 2402; x_wconf 89' lang='lat' dir='ltr'>ne</span> <span class='ocrx_word' id='word_1_173' title='bbox 720 2338 790 2422; x_wconf 91' lang='lat' dir='ltr'>quis</span> <span class='ocrx_word' id='word_1_174' title='bbox 813 2342 907 2421; x_wconf 85' lang='lat' dir='ltr'>erret,</span> <span class='ocrx_word' id='word_1_175' title='bbox 931 2341 1023 2404; x_wconf 78' lang='grc' dir='ltr'>πόλι(</span> <span class='ocrx_word' id='word_1_176' title='bbox 1047 2341 1248 2406; x_wconf 78' lang='grc' dir='ltr'>Μακεδονία(</span> 
     </span>
     <span class='ocr_line' id='line_1_20' title="bbox 104 2447 1248 2532; baseline 0.003 -22"><span class='ocrx_word' id='word_1_177' title='bbox 104 2452 158 2511; x_wconf 87' lang='lat' dir='ltr'>est</span> <span class='ocrx_word' id='word_1_178' title='bbox 179 2448 281 2511; x_wconf 89' lang='lat' dir='ltr'>eidem</span> <span class='ocrx_word' id='word_1_179' title='bbox 304 2448 478 2532; x_wconf 86' lang='lat' dir='ltr'>Stephano.</span> <span class='ocrx_word' id='word_1_180' title='bbox 509 2447 571 2512; x_wconf 85' lang='lat' dir='ltr'>Sed</span> <span class='ocrx_word' id='word_1_181' title='bbox 594 2470 633 2511; x_wconf 83' lang='lat' dir='ltr'>ex</span> <span class='ocrx_word' id='word_1_182' title='bbox 654 2448 815 2512; x_wconf 83' lang='lat' dir='ltr'>Eudociae</span> <span class='ocrx_word' id='word_1_183' title='bbox 838 2470 915 2512; x_wconf 89' lang='lat' dir='ltr'>sane</span> <span class='ocrx_word' id='word_1_184' title='bbox 937 2449 1042 2513; x_wconf 75' lang='lat' dir='ltr'>verbis</span> <span class='ocrx_word' id='word_1_185' title='bbox 1065 2448 1143 2512; x_wconf 94' lang='lat' dir='ltr'>illud</span> <span class='ocrx_word' id='word_1_186' title='bbox 1166 2472 1248 2515; x_wconf 88' lang='lat' dir='ltr'>asse-</span> 
     </span>
     <span class='ocr_line' id='line_1_21' title="bbox 104 2558 1248 2642; baseline 0.003 -21"><span class='ocrx_word' id='word_1_187' title='bbox 104 2558 162 2641; x_wconf 89' lang='lat' dir='ltr'>qui</span> <span class='ocrx_word' id='word_1_188' title='bbox 183 2579 277 2621; x_wconf 89' lang='lat' dir='ltr'>nemo</span> <span class='ocrx_word' id='word_1_189' title='bbox 304 2559 400 2622; x_wconf 87' lang='lat' dir='ltr'>facile</span> <span class='ocrx_word' id='word_1_190' title='bbox 427 2561 592 2642; x_wconf 84' lang='lat' dir='ltr'>potuerat,</span> <span class='ocrx_word' id='word_1_191' title='bbox 627 2580 708 2641; x_wconf 92' lang='lat' dir='ltr'>quae</span> <span class='ocrx_word' id='word_1_192' title='bbox 735 2558 856 2622; x_wconf 86' lang='lat' dir='ltr'>Pellaei</span> <span class='ocrx_word' id='word_1_193' title='bbox 885 2559 1012 2642; x_wconf 88' lang='lat' dir='ltr'>seriptis</span> <span class='ocrx_word' id='word_1_194' title='bbox 1042 2581 1112 2623; x_wconf 90' lang='lat' dir='ltr'>eum</span> <span class='ocrx_word' id='word_1_195' title='bbox 1140 2560 1248 2624; x_wconf 90' lang='lat' dir='ltr'>imme-</span> 
     </span>
     <span class='ocr_line' id='line_1_22' title="bbox 104 2667 1249 2753; baseline 0.006 -24"><span class='ocrx_word' id='word_1_196' title='bbox 104 2668 254 2730; x_wconf 90' lang='lat' dir='ltr'>morabili</span> <span class='ocrx_word' id='word_1_197' title='bbox 283 2667 499 2752; x_wconf 84' lang='lat' dir='ltr'>discrepantia</span> <span class='ocrx_word' id='word_1_198' title='bbox 527 2669 720 2732; x_wconf 88' lang='lat' dir='ltr'>enumeratis</span> <span class='ocrx_word' id='word_1_199' title='bbox 748 2669 794 2732; x_wconf 91' lang='lat' dir='ltr'>sic</span> <span class='ocrx_word' id='word_1_200' title='bbox 821 2669 929 2753; x_wconf 89' lang='lat' dir='ltr'>pergit</span> <span class='ocrx_word' id='word_1_201' title='bbox 955 2692 987 2752; x_wconf 88' lang='lat' dir='ltr'>p.</span> <span class='ocrx_word' id='word_1_202' title='bbox 1017 2670 1095 2734; x_wconf 76' lang='lat'><strong>298:</strong></span> <span class='ocrx_word' id='word_1_203' title='bbox 1132 2671 1186 2737; x_wconf 75' lang='lat' dir='ltr'>eld</span> <span class='ocrx_word' id='word_1_204' title='bbox 1213 2674 1249 2736; x_wconf 82' lang='grc' dir='ltr'>δὲ</span> 
     </span>
     <span class='ocr_line' id='line_1_23' title="bbox 104 2776 1336 2864; baseline 0.002 -23"><span class='ocrx_word' id='word_1_205' title='bbox 104 2778 159 2841; x_wconf 84' lang='grc' dir='ltr'>καὶ</span> <span class='ocrx_word' id='word_1_206' title='bbox 180 2776 271 2842; x_wconf 85' lang='grc' dir='ltr'>ἄλλοι</span> <span class='ocrx_word' id='word_1_207' title='bbox 294 2779 353 2844; x_wconf 80' lang='grc' dir='ltr'>δύο</span> <span class='ocrx_word' id='word_1_208' title='bbox 375 2779 540 2858; x_wconf 74' lang='grc' dir='ltr'>λιτορικοὶ,</span> <span class='ocrx_word' id='word_1_209' title='bbox 569 2779 588 2843; x_wconf 87' lang='grc' dir='ltr'>ὁ</span> <span class='ocrx_word' id='word_1_210' title='bbox 610 2782 667 2858; x_wconf 81' lang='grc' dir='ltr'>μὲν</span> <span class='ocrx_word' id='word_1_211' title='bbox 699 2780 901 2860; x_wconf 85' lang='grc' dir='ltr'>Κριτοφήμου</span> <span class='ocrx_word' id='word_1_212' title='bbox 928 2779 1104 2845; x_wconf 80' lang='grc' dir='ltr'>Φιλιππεὺι</span> <span class='ocrx_word' id='word_1_213' title='bbox 1127 2782 1145 2845; x_wconf 87' lang='grc' dir='ltr'>ὁ</span> <span class='ocrx_word' id='word_1_214' title='bbox 1168 2782 1248 2847; x_wconf 79' lang='grc' dir='ltr'>νεώ·</span> <span class='ocrx_word' id='word_1_215' title='bbox 1333 2858 1336 2864; x_wconf 85' lang='lat'>.</span> 
     </span>
     <span class='ocr_line' id='line_1_24' title="bbox 104 2888 1248 2970; baseline 0.003 -19"><span class='ocrx_word' id='word_1_216' title='bbox 104 2907 216 2966; x_wconf 70' lang='grc' dir='ltr'>τεροε,</span> <span class='ocrx_word' id='word_1_217' title='bbox 246 2888 323 2953; x_wconf 80' lang='lat' dir='ltr'>au</span> <span class='ocrx_word' id='word_1_218' title='bbox 352 2890 484 2968; x_wconf 77' lang='grc' dir='ltr'>Μάριον</span> <span class='ocrx_word' id='word_1_219' title='bbox 512 2890 673 2967; x_wconf 63' lang='lat' dir='ltr'>rasator,</span> <span class='ocrx_word' id='word_1_220' title='bbox 707 2889 744 2952; x_wconf 77' lang='lat' dir='ltr'>dc</span> <span class='ocrx_word' id='word_1_221' title='bbox 769 2891 819 2953; x_wconf 87' lang='grc' dir='ltr'>καλ</span> <span class='ocrx_word' id='word_1_222' title='bbox 848 2889 1077 2969; x_wconf 83' lang='grc' dir='ltr'>ἀρχαιολογίαν</span> <span class='ocrx_word' id='word_1_223' title='bbox 1106 2890 1248 2970; x_wconf 82' lang='grc' dir='ltr'>ἔγραψεν</span> 
     </span>
     <span class='ocr_line' id='line_1_25' title="bbox 105 3018 241 3080; baseline 0.007 -21"><span class='ocrx_word' id='word_1_224' title='bbox 105 3018 136 3059; x_wconf 88' lang='lat' dir='ltr'>e.</span> <span class='ocrx_word' id='word_1_225' title='bbox 161 3018 192 3080; x_wconf 90' lang='lat' dir='ltr'>q.</span> <span class='ocrx_word' id='word_1_226' title='bbox 216 3018 241 3060; x_wconf 90' lang='lat' dir='ltr'>s.</span> 
     </span>
    </p>

    <p class='ocr_par' dir='ltr' id='par_1_5' title="bbox 105 3105 1248 4397">
     <span class='ocr_line' id='line_1_26' title="bbox 194 3105 1248 3193; baseline 0.003 -25"><span class='ocrx_word' id='word_1_227' title='bbox 194 3105 283 3169; x_wconf 86' lang='lat' dir='ltr'>Licet</span> <span class='ocrx_word' id='word_1_228' title='bbox 315 3111 421 3170; x_wconf 90' lang='lat' dir='ltr'>autem</span> <span class='ocrx_word' id='word_1_229' title='bbox 454 3128 540 3171; x_wconf 93' lang='lat' dir='ltr'>nunc</span> <span class='ocrx_word' id='word_1_230' title='bbox 572 3107 705 3171; x_wconf 86' lang='lat' dir='ltr'>ulterius</span> <span class='ocrx_word' id='word_1_231' title='bbox 738 3108 888 3193; x_wconf 81' lang='lat' dir='ltr'>progredi</span> <span class='ocrx_word' id='word_1_232' title='bbox 921 3111 954 3171; x_wconf 87' lang='lat' dir='ltr'>et</span> <span class='ocrx_word' id='word_1_233' title='bbox 988 3130 1070 3192; x_wconf 89' lang='lat' dir='ltr'>quae</span> <span class='ocrx_word' id='word_1_234' title='bbox 1103 3111 1248 3191; x_wconf 86' lang='lat' dir='ltr'>tempora</span> 
     </span>
     <span class='ocr_line' id='line_1_27' title="bbox 105 3214 1245 3302; baseline 0.004 -25"><span class='ocrx_word' id='word_1_235' title='bbox 105 3214 246 3301; x_wconf 84' lang='lat' dir='ltr'>fuerint,</span> <span class='ocrx_word' id='word_1_236' title='bbox 275 3216 358 3298; x_wconf 90' lang='lat' dir='ltr'>quod</span> <span class='ocrx_word' id='word_1_237' title='bbox 386 3217 472 3280; x_wconf 87' lang='lat' dir='ltr'>vitae</span> <span class='ocrx_word' id='word_1_238' title='bbox 494 3237 596 3301; x_wconf 88' lang='lat' dir='ltr'>genus</span> <span class='ocrx_word' id='word_1_239' title='bbox 618 3217 781 3301; x_wconf 88' lang='lat' dir='ltr'>utriusque</span> <span class='ocrx_word' id='word_1_240' title='bbox 805 3219 985 3301; x_wconf 81' lang='lat' dir='ltr'>scriptoris,</span> <span class='ocrx_word' id='word_1_241' title='bbox 1020 3219 1073 3302; x_wconf 89' lang='lat' dir='ltr'>qui</span> <span class='ocrx_word' id='word_1_242' title='bbox 1096 3219 1245 3302; x_wconf 86' lang='lat' dir='ltr'>ambitus,</span> 
     </span>
     <span class='ocr_line' id='line_1_28' title="bbox 105 3324 1246 3412; baseline 0.004 -26"><span class='ocrx_word' id='word_1_243' title='bbox 105 3345 189 3406; x_wconf 92' lang='lat' dir='ltr'>quae</span> <span class='ocrx_word' id='word_1_244' title='bbox 211 3324 376 3407; x_wconf 85' lang='lat' dir='ltr'>dispositio</span> <span class='ocrx_word' id='word_1_245' title='bbox 398 3331 429 3389; x_wconf 93' lang='lat' dir='ltr'>et</span> <span class='ocrx_word' id='word_1_246' title='bbox 450 3326 529 3389; x_wconf 86' lang='lat' dir='ltr'>fides</span> <span class='ocrx_word' id='word_1_247' title='bbox 551 3327 714 3410; x_wconf 89' lang='lat' dir='ltr'>utriusque</span> <span class='ocrx_word' id='word_1_248' title='bbox 737 3326 1026 3410; x_wconf 85' lang='lat' dir='ltr'>Macedonicorum,</span> <span class='ocrx_word' id='word_1_249' title='bbox 1050 3350 1131 3412; x_wconf 90' lang='lat' dir='ltr'>quae</span> <span class='ocrx_word' id='word_1_250' title='bbox 1152 3330 1246 3393; x_wconf 75' lang='lat' dir='ltr'>resti·</span> 
     </span>
     <span class='ocr_line' id='line_1_29' title="bbox 106 3423 1246 3521; baseline 0.006 -26"><span class='ocrx_word' id='word_1_251' title='bbox 106 3433 164 3516; x_wconf 88' lang='lat' dir='ltr'>gia</span> <span class='ocrx_word' id='word_1_252' title='bbox 187 3434 320 3497; x_wconf 86' lang='lat' dir='ltr'>aliorum</span> <span class='ocrx_word' id='word_1_253' title='bbox 342 3423 495 3499; x_wconf 84' lang='lat' dir='ltr'>librorum</span> <span class='ocrx_word' id='word_1_254' title='bbox 518 3436 625 3499; x_wconf 90' lang='lat' dir='ltr'>abeis</span> <span class='ocrx_word' id='word_1_255' title='bbox 649 3436 822 3519; x_wconf 87' lang='lat' dir='ltr'>editorum,</span> <span class='ocrx_word' id='word_1_256' title='bbox 856 3437 963 3521; x_wconf 90' lang='lat' dir='ltr'>aliqua</span> <span class='ocrx_word' id='word_1_257' title='bbox 987 3441 1072 3501; x_wconf 88' lang='lat' dir='ltr'>certe</span> <span class='ocrx_word' id='word_1_258' title='bbox 1094 3460 1133 3502; x_wconf 85' lang='lat' dir='ltr'>ex</span> <span class='ocrx_word' id='word_1_259' title='bbox 1155 3442 1246 3521; x_wconf 90' lang='lat' dir='ltr'>parte</span> 
     </span>
     <span class='ocr_line' id='line_1_30' title="bbox 105 3543 1247 3630; baseline 0.007 -26"><span class='ocrx_word' id='word_1_260' title='bbox 105 3543 159 3605; x_wconf 83' lang='lat' dir='ltr'>vel</span> <span class='ocrx_word' id='word_1_261' title='bbox 188 3547 448 3626; x_wconf 86' lang='lat' dir='ltr'>argumentorum</span> <span class='ocrx_word' id='word_1_262' title='bbox 474 3545 667 3610; x_wconf 89' lang='lat' dir='ltr'>necessitate</span> <span class='ocrx_word' id='word_1_263' title='bbox 695 3567 808 3630; x_wconf 90' lang='lat' dir='ltr'>cogere</span> <span class='ocrx_word' id='word_1_264' title='bbox 835 3547 886 3610; x_wconf 85' lang='lat' dir='ltr'>vel</span> <span class='ocrx_word' id='word_1_265' title='bbox 914 3568 1022 3611; x_wconf 90' lang='lat' dir='ltr'>eruere</span> <span class='ocrx_word' id='word_1_266' title='bbox 1045 3546 1247 3612; x_wconf 84' lang='lat' dir='ltr'>coniecturae</span> 
     </span>
     <span class='ocr_line' id='line_1_31' title="bbox 107 3652 1247 3739; baseline 0.007 -25"><span class='ocrx_word' id='word_1_267' title='bbox 107 3652 345 3734; x_wconf 86' lang='lat' dir='ltr'>probabilitate.</span> <span class='ocrx_word' id='word_1_268' title='bbox 391 3654 431 3717; x_wconf 89' lang='lat' dir='ltr'>ln</span> <span class='ocrx_word' id='word_1_269' title='bbox 453 3676 516 3738; x_wconf 88' lang='lat' dir='ltr'>qua</span> <span class='ocrx_word' id='word_1_270' title='bbox 538 3676 635 3737; x_wconf 88' lang='lat' dir='ltr'>opera</span> <span class='ocrx_word' id='word_1_271' title='bbox 657 3655 704 3718; x_wconf 89' lang='lat' dir='ltr'>ita</span> <span class='ocrx_word' id='word_1_272' title='bbox 725 3656 939 3739; x_wconf 76' lang='lat' dir='ltr'>versabimur,</span> <span class='ocrx_word' id='word_1_273' title='bbox 969 3660 1005 3719; x_wconf 93' lang='lat' dir='ltr'>ut</span> <span class='ocrx_word' id='word_1_274' title='bbox 1033 3657 1093 3720; x_wconf 92' lang='lat' dir='ltr'>hoc</span> <span class='ocrx_word' id='word_1_275' title='bbox 1121 3658 1155 3720; x_wconf 91' lang='lat' dir='ltr'>in</span> <span class='ocrx_word' id='word_1_276' title='bbox 1178 3658 1247 3722; x_wconf 84' lang='lat' dir='ltr'>loco</span> 
     </span>
     <span class='ocr_line' id='line_1_32' title="bbox 107 3763 1247 3849; baseline 0.006 -25"><span class='ocrx_word' id='word_1_277' title='bbox 107 3782 216 3824; x_wconf 91' lang='lat' dir='ltr'>eorum</span> <span class='ocrx_word' id='word_1_278' title='bbox 245 3785 400 3825; x_wconf 90' lang='lat' dir='ltr'>summam</span> <span class='ocrx_word' id='word_1_279' title='bbox 429 3763 748 3849; x_wconf 89' lang='lat' dir='ltr'>comprehendamus,</span> <span class='ocrx_word' id='word_1_280' title='bbox 783 3787 863 3849; x_wconf 89' lang='lat' dir='ltr'>quae</span> <span class='ocrx_word' id='word_1_281' title='bbox 891 3788 929 3829; x_wconf 83' lang='lat' dir='ltr'>ex</span> <span class='ocrx_word' id='word_1_282' title='bbox 956 3768 1161 3849; x_wconf 86' lang='lat' dir='ltr'>pertractatis</span> <span class='ocrx_word' id='word_1_283' title='bbox 1183 3770 1247 3832; x_wconf 91' lang='lat' dir='ltr'>sin-</span> 
     </span>
     <span class='ocr_line' id='line_1_33' title="bbox 108 3870 1246 3957; baseline 0.006 -24"><span class='ocrx_word' id='word_1_284' title='bbox 108 3870 192 3953; x_wconf 87' lang='lat' dir='ltr'>gulis</span> <span class='ocrx_word' id='word_1_285' title='bbox 219 3871 285 3935; x_wconf 85' lang='lat' dir='ltr'>sive</span> <span class='ocrx_word' id='word_1_286' title='bbox 312 3872 503 3957; x_wconf 88' lang='lat' dir='ltr'>fragmentis</span> <span class='ocrx_word' id='word_1_287' title='bbox 532 3874 597 3936; x_wconf 82' lang='lat' dir='ltr'>sive</span> <span class='ocrx_word' id='word_1_288' title='bbox 624 3874 815 3939; x_wconf 84' lang='lat' dir='ltr'>testimoniis</span> <span class='ocrx_word' id='word_1_289' title='bbox 844 3897 912 3939; x_wconf 90' lang='lat' dir='ltr'>esse</span> <span class='ocrx_word' id='word_1_290' title='bbox 939 3879 1136 3940; x_wconf 88' lang='lat' dir='ltr'>consectaria</span> <span class='ocrx_word' id='word_1_291' title='bbox 1158 3877 1246 3940; x_wconf 90' lang='lat' dir='ltr'>dein·</span> 
     </span>
     <span class='ocr_line' id='line_1_34' title="bbox 108 3980 1244 4070; baseline 0.007 -27"><span class='ocrx_word' id='word_1_292' title='bbox 108 4001 182 4062; x_wconf 87' lang='lat' dir='ltr'>ceps</span> <span class='ocrx_word' id='word_1_293' title='bbox 215 3980 512 4046; x_wconf 87' lang='lat' dir='ltr'>demonstrabimus.</span> <span class='ocrx_word' id='word_1_294' title='bbox 568 3982 617 4046; x_wconf 83' lang='lat' dir='ltr'>Ea</span> <span class='ocrx_word' id='word_1_295' title='bbox 650 3987 772 4065; x_wconf 89' lang='lat' dir='ltr'>autem,</span> <span class='ocrx_word' id='word_1_296' title='bbox 813 3985 839 4048; x_wconf 93' lang='lat' dir='ltr'>si</span> <span class='ocrx_word' id='word_1_297' title='bbox 880 3990 966 4049; x_wconf 86' lang='lat' dir='ltr'>recte</span> <span class='ocrx_word' id='word_1_298' title='bbox 998 3987 1244 4070; x_wconf 63' lang='lat' dir='ltr'>numeravimus</span> 
     </span>
     <span class='ocr_line' id='line_1_35' title="bbox 107 4090 1247 4178; baseline 0.007 -26"><span class='ocrx_word' id='word_1_299' title='bbox 107 4094 235 4172; x_wconf 87' lang='lat' dir='ltr'>praeter</span> <span class='ocrx_word' id='word_1_300' title='bbox 268 4090 398 4155; x_wconf 86' lang='lat' dir='ltr'>Suidam</span> <span class='ocrx_word' id='word_1_301' title='bbox 434 4095 468 4155; x_wconf 88' lang='lat' dir='ltr'>et</span> <span class='ocrx_word' id='word_1_302' title='bbox 502 4091 679 4155; x_wconf 85' lang='lat' dir='ltr'>Eudociam</span> <span class='ocrx_word' id='word_1_303' title='bbox 716 4093 750 4156; x_wconf 92' lang='lat' dir='ltr'>in</span> <span class='ocrx_word' id='word_1_304' title='bbox 783 4097 852 4157; x_wconf 84' lang='lat' dir='ltr'>tota</span> <span class='ocrx_word' id='word_1_305' title='bbox 889 4094 1082 4178; x_wconf 80' lang='lat' dir='ltr'>antiquitate</span> <span class='ocrx_word' id='word_1_306' title='bbox 1118 4101 1247 4160; x_wconf 82' lang='lat' dir='ltr'>exstant</span> 
     </span>
     <span class='ocr_line' id='line_1_36' title="bbox 106 4198 1245 4287; baseline 0.007 -25"><span class='ocrx_word' id='word_1_307' title='bbox 106 4198 232 4282; x_wconf 86' lang='lat' dir='ltr'>XXVI,</span> <span class='ocrx_word' id='word_1_308' title='bbox 257 4203 289 4264; x_wconf 89' lang='lat' dir='ltr'>et</span> <span class='ocrx_word' id='word_1_309' title='bbox 311 4199 357 4262; x_wconf 86' lang='lat' dir='ltr'>IX</span> <span class='ocrx_word' id='word_1_310' title='bbox 390 4201 533 4284; x_wconf 90' lang='lat' dir='ltr'>quidem,</span> <span class='ocrx_word' id='word_1_311' title='bbox 567 4204 722 4284; x_wconf 89' lang='lat' dir='ltr'>quantum</span> <span class='ocrx_word' id='word_1_312' title='bbox 756 4203 950 4287; x_wconf 87' lang='lat' dir='ltr'>colligimus,</span> <span class='ocrx_word' id='word_1_313' title='bbox 983 4206 1179 4287; x_wconf 87' lang='lat' dir='ltr'>pertinentia</span> <span class='ocrx_word' id='word_1_314' title='bbox 1206 4207 1245 4270; x_wconf 88' lang='lat' dir='ltr'>ad</span> 
     </span>
     <span class='ocr_line' id='line_1_37' title="bbox 106 4305 1246 4397; baseline 0.008 -27"><span class='ocrx_word' id='word_1_315' title='bbox 106 4305 285 4391; x_wconf 87' lang='lat' dir='ltr'>Pellaeum,</span> <span class='ocrx_word' id='word_1_316' title='bbox 326 4308 366 4370; x_wconf 88' lang='lat' dir='ltr'>ad</span> <span class='ocrx_word' id='word_1_317' title='bbox 397 4308 638 4392; x_wconf 88' lang='lat' dir='ltr'>Philippensem</span> <span class='ocrx_word' id='word_1_318' title='bbox 671 4310 833 4394; x_wconf 86' lang='lat' dir='ltr'>Marsyam</span> <span class='ocrx_word' id='word_1_319' title='bbox 869 4313 990 4397; x_wconf 91' lang='lat' dir='ltr'>reliqua</span> <span class='ocrx_word' id='word_1_320' title='bbox 1027 4316 1077 4378; x_wconf 86' lang='lat' dir='ltr'>vel</span> <span class='ocrx_word' id='word_1_321' title='bbox 1107 4316 1246 4378; x_wconf 83' lang='lat' dir='ltr'>maxima</span> 
     </span>
    </p>
   </div>
   <div class='ocr_carea' id='block_1_3' title="bbox 976 4416 1043 4482">
    <p class='ocr_par' dir='ltr' id='par_1_6' title="bbox 976 4416 1043 4482">
     <span class='ocr_line' id='line_1_38' title="bbox 976 4416 1043 4482; baseline 0.03 -2"><span class='ocrx_word' id='word_1_322' title='bbox 976 4416 1043 4482; x_wconf 80' lang='lat'>29*</span> 
     </span>
    </p>
   </div>
   <div class='ocr_carea' id='block_1_4' title="bbox 0 0 1479 4996">
    <p class='ocr_par' dir='ltr' id='par_1_7' title="bbox 0 0 1479 4996">
     <span class='ocr_line' id='line_1_39' title="bbox 0 0 1479 4996; baseline 0 0"><span class='ocrx_word' id='word_1_323' title='bbox 0 0 1479 4996; x_wconf 95' lang='lat' dir='ltr'> </span> 
     </span>
    </p>
   </div>
  </div>
 </body>
</html>
