3014 5010
230 322 290 385 110
529 336 780 384 (tononnnnlvn
802 336 1070 383 DISPVTATIONIS

227 490 442 575 (Pisistratus)
470 496 599 554 Homeri
629 511 729 554 verens
762 512 821 554 nom
853 494 1000 568 leoiiimos
1032 496 1135 567 modo,
1170 499 1224 555 sed
1254 498 1369 556 oblatos

227 623 420 681 quoscunque
451 623 529 665 auro
565 606 719 680 rependit,
756 607 1006 680 prouinciamque
1041 622 1090 664 eos
1125 609 1161 665 in
1200 608 1369 666 ordinem

226 718 426 791 redioeadi
449 718 656 789 prnrnmotieis
683 724 746 775 inm
773 717 977 775 celeberrimis
1005 718 1112 775 necitis
1139 719 1314 793 mondavit,
1349 736 1369 776 o

226 827 330 900 onibus
366 829 397 885 in
429 843 481 885 eos
517 843 593 900 qnns
624 844 705 886 nnnc
740 828 865 899 lenimus
900 827 1083 901 rhapsodias
1118 827 1257 886 distincti
1287 836 1367 888 sont

176 949 209 996 ao
226 932 339 1016 Itaque
362 954 434 996 cnm
456 931 532 995 bina
547 932 645 995 verba
668 932 703 995 in
725 932 849 1015 graecis
871 931 988 1016 legisse
1002 931 1171 995 'Plautinus
1194 932 1370 997 scholiasta

226 1043 372 1106 videatur
394 1044 439 1127 (in
461 1064 551 1107 onom
573 1049 761 1120 collenernnt
782 1054 811 1106 ci
840 1050 871 1106 in
894 1048 1031 1106 ordinem
1060 1046 1274 1128 redeoeruni),
1308 1045 1368 1108 etsi

225 1156 360 1236 possunt
387 1152 443 1215 illa
470 1175 548 1215 sane
576 1151 655 1215 haec
683 1152 796 1215 fuisse:
825 1152 868 1217 εἰ(
896 1153 932 1217 ἓν
960 1154 1133 1231 (υνέθηκαν
1156 1152 1368 1237 ((υνήγαγον)
1431 1176 1438 1187 “

225 1266 275 1328 καὶ
294 1265 534 1342 διωρθώεαντοῑ
557 1262 821 1346 quemadmodum
837 1262 984 1346 Dionysii
999 1262 1053 1325 ille
1070 1262 1243 1327 scholiasta
1259 1263 1368 1328 Helio-

225 1374 335 1455 dorus,
359 1395 453 1456 quem
474 1377 600 1437 secutus
623 1376 671 1436 est
698 1376 730 1436 et
752 1372 813 1435 hac
835 1371 962 1455 quidem
984 1372 1019 1435 in
1048 1376 1139 1454 parte
1166 1373 1246 1436 satis
1275 1378 1367 1438 caute

225 1487 350 1548 secutus
379 1488 427 1547 est
454 1483 587 1565 Taetza,
616 1487 736 1546 temere
765 1482 911 1546 immixta
939 1485 1139 1564 διορθώεεωε
1168 1483 1299 1547 notione
1329 1485 1368 1548 de

167 1632 171 1639 ‹
225 1593 406 1657 Aristarchi
443 1593 657 1676 Zenodotique
694 1595 834 1660 (υνθέεει
870 1615 903 1657 τε
940 1594 990 1657 καὶ
1026 1594 1191 1674 διορθώεει
1228 1593 1368 1677 loquitur

225 1728 255 1788 p.
274 1705 335 1768 768
358 1726 460 1787 supr:
475 1707 585 1766 tamen
606 1703 688 1767 nihil
705 1703 854 1786 impedit,
879 1703 1046 1786 quominus
1068 1704 1104 1766 iu
1125 1724 1242 1786 graeco
1263 1726 1366 1768 exem-

225 1816 278 1898 plo
306 1837 398 1897 posse
427 1814 524 1877 etiam
552 1814 594 1878 εἰ(
622 1814 657 1879 ’ἐν
686 1815 867 1892 ευνήγαγον
901 1815 950 1878 καὶ
976 1815 1151 1892 <aseensus
1179 1813 1228 1876 vel
1258 1814 1303 1880 εἰ(
1331 1817 1367 1881 ἓν

225 1927 398 2003 (υνὲθηκαν
416 1926 465 1988 καὶ
480 1925 653 1990 ευνέταξαν
668 1924 822 2007 seriptum
837 1923 936 1987 fuisse
952 1924 1179 1987 existimemus.
1209 1923 1367 1989 Nolumus

226 2037 331 2098 autem
358 2034 405 2098 ita
433 2033 593 2118 argutari,
628 2037 670 2097 ut*
691 2038 747 2097 ant
774 2037 904 2117 propter
932 2035 1083 2097 omissum
1111 2055 1210 2096 unum
1239 2034 1367 2117 aliquod

226 2145 354 2207 verbum
378 2145 530 2208 continuo
552 2143 646 2207 iidem
669 2144 778 2228 graeci
801 2144 966 2226 scriptoris
988 2144 1023 2207 in
1045 2144 1255 2226 suspitionem
1276 2166 1366 2208 voce-

224 2277 310 2336 mus,
335 2259 390 2318 aut
412 2277 429 2317 e
452 2254 570 2317 maiore
593 2254 687 2317 latini
709 2275 804 2336 quam
830 2255 939 2337 graeci
960 2254 1053 2317 testis
1076 2254 1109 2315 in
1132 2253 1262 2336 reliquis
1285 2254 1367 2318 inte·

224 2365 343 2447 gritate
380 2364 532 2427 maiorem
569 2364 646 2427 item
682 2363 777 2427 fidem
811 2384 879 2426 esse
916 2363 1147 2427 consectariam
1184 2364 1366 2446 generatim

225 2474 430 2555 disputemus
476 2473 626 2537 Fatemur
655 2474 806 2558 ambigua
833 2496 901 2537 csse
929 2474 1053 2537 omnia:
1081 2474 1220 2536 fatemur
1248 2495 1367 2558 graeca

226 2584 322 2646 verba
344 2607 364 2646 a
386 2582 536 2646 Plautino
559 2584 733 2667 interprete
755 2588 883 2667 reperta
905 2584 1045 2667 potuisse
1062 2583 1160 2648 etiam
1181 2583 1262 2647 haec
1284 2607 1364 2666 esse,

225 2695 304 2758 κατὰ
326 2695 413 2759 τάξιν
436 2698 635 2776 ευντεθῆναι,
665 2697 700 2756 ut
722 2695 824 2757 estin
845 2693 1015 2758 Villoisoni
1043 2693 1165 2757 Auecd.
1188 2692 1219 2756 II
1249 2716 1280 2777 p.
1306 2696 1366 2758 182

226 2803 351 2867 adnot:
375 2825 473 2886 ecque
489 2803 659 2867 adductam
681 2805 900 2887 quaestionem
915 2806 1069 2868 sentimus
1078 2854 1086 2886 ,
1111 2805 1146 2867 ut
1160 2803 1225 2866 iam
1241 2826 1279 2867 ex
1295 2805 1366 2888 ipsa

225 2936 330 2977 rerum
352 2914 579 2996 probabilitate
606 2915 859 2978 testimoniorum
888 2914 1104 2997 discrepantia
1128 2913 1288 2978 censenda
1311 2915 1363 2979 sit.

309 3024 421 3107 Itaque
450 3046 521 3088 cum
550 3024 702 3107 aliquid
736 3004 911 3087 memoratu
939 3025 1072 3109 dignum
1101 3024 1261 3087 communi
1289 3047 1366 3088 cura

225 3134 423 3218 praestitisse
451 3134 663 3217 Zenodotum,
702 3134 937 3217 Alexandrum,
975 3134 1216 3219 Lycophrouem
1249 3136 1364 3218 negari

225 3245 286 3307 nisi
324 3245 365 3307 ab
402 3267 438 3308 eo
475 3248 628 3327 nequeat,
671 3245 724 3328 qui
767 3267 894 3328 prorsus
931 3245 1062 3308 illudere
1104 3244 1366 3308 documentorum

225 3355 395 3418 memoriae
424 3354 565 3418 animum
594 3354 769 3418 induxerit:
799 3355 933 3418 duanmr
961 3376 1066 3417 rerum
1093 3353 1235 3417 videmus
1263 3356 1365 3438 optio

225 3487 298 3527 nem
331 3465 456 3547 datam,
492 3486 624 3548 quarum
656 3465 710 3547 qui
743 3466 890 3527 neutram
921 3464 1090 3546 concedat,
1126 3486 1166 3527 ne
1197 3464 1252 3527 isti
1286 3465 1366 3528 illud

226 3575 338 3638 saltem
361 3574 537 3638 docendrmr
558 3571 673 3655 fuerit,
702 3596 763 3658 quo
787 3573 916 3638 tandem
945 3575 1266 3654 1111γραμματ1κού(
1289 3575 1365 3637 Ale-

225 3684 380 3747 xandrum
401 3684 703 3768 Lycophronemque
719 3707 738 3746 a
754 3683 851 3748 Suida
872 3685 975 3749 dictos
996 3687 1098 3767 putet
1136 3683 1224 3758 Quod
1246 3705 1366 3747 nomen

226 3794 285 3856 etsi
308 3794 341 3856 in
357 3794 598 3879 Lycophronem
615 3816 692 3857 sane
714 3795 765 3857 vel
787 3798 918 3878 propter
940 3794 1123 3858 notissimos
1145 3792 1184 3856 de
1201 3794 1365 3856 comoedia

226 3905 468 3967 commentarios
496 3905 672 3968 rectissime
696 3904 861 3967 convenit:
891 3904 997 3988 (nihili
1021 3905 1106 3968 euim
1133 3924 1200 3966 esse
1223 3903 1366 3967 eiusdem

225 4012 376 4076 Cratinea
405 4015 615 4094 ὑπομνήματα
642 4036 661 4076 1
689 4014 836 4077 Fabricio
864 4014 939 4079 ficta
961 4014 1139 4078 Meinekius
1168 4013 1248 4076 vidit
1275 4012 1363 4077 Hist.

174 4135 204 4183 11
226 4123 296 4186 crit.
327 4144 407 4186 com.
436 4146 466 4206 p.
496 4125 568 4209 492)
601 4127 710 4188 tamen
737 4147 756 4187 a
788 4125 1042 4208 tragoediarum,
1077 4124 1264 4208 phlyacum,
1299 4124 1366 4207 epi-

225 4236 454 4315 grammatum,
479 4234 655 4318 elegorum,
680 4235 841 4319 epicorum
864 4234 1056 4314 carminum,
1079 4233 1366 4298 astronomicarum

225 4345 319 4425 poeta
346 4342 530 4406 Alexandro
558 4344 785 4408 alienissimum
819 4347 876 4407 est
921 4343 1006 4406 Nam
1034 4365 1050 4406 e
1078 4366 1165 4408 mera
1199 4343 1367 4408 halucina-
