2924 4996
392 340 547 388 monxsn
571 339 922 386 nuncannxssxnms.
1168 322 1232 386 485

90 494 163 557 sino
187 493 402 558 commendari
425 493 616 558 Vrbinatem
644 517 740 577 supra
763 493 915 587 uidimus,
944 494 1020 577 quin
1047 492 1078 555 id
1102 492 1136 554 in
1158 492 1231 557 Chi-

89 605 182 668 siano
215 625 337 688 quoque
366 606 559 688 reperiatur,
595 605 684 668 nulla
711 605 838 668 illarum
874 627 952 688 quas
979 605 1231 688 significavimus

89 715 293 797 lacunarum,
328 737 408 799 quae
437 738 502 779 non
537 715 654 778 eisdem
688 716 722 777 in
750 714 811 778 hoc
845 736 967 798 quoquc
1000 714 1230 798 supplementis
1249 724 1281 770 ‘24

88 825 232 888 tollatur.
277 824 398 890 (lontra
430 826 485 889 lib.
516 825 595 907 VII,
625 827 663 889 (il
699 825 795 908 haec,
829 847 910 908 quae
944 824 1080 888 diductis
1114 824 1230 888 litteris

89 936 240 1018 expressa
262 936 393 1018 subieci,
417 935 586 1000 excidisse:
609 937 718 1016 ἐπειδὴ
742 936 889 1016 πάντως,
916 935 942 998 ὧ
965 937 1137 1017 δήμαρχοι,
1168 940 1229 1014 ψῆ-

89 1068 157 1126 φον
181 1047 390 1126 ἐπενεχθῆναι
412 1049 483 1126 περὶ
505 1051 562 1111 τοῦ
585 1047 704 1135 ἀνδρὸς
727 1050 947 1124 προθυμεῖςθε,
970 1049 1068 1125 μηδὲν
1086 1047 1148 1112 ἐξω
1170 1051 1229 1110 τοῦ

89 1158 284 1236 ἐγκλήματος
306 1162 522 1236 κατηγορεῖτε·
560 1135 744 1238 ἀφείςθαι
766 1157 838 1235 γὰρ
862 1156 983 1221 αὐτὸν
1007 1157 1229 1237 ἐψηφίςατο

88 1269 231 1347 ταύτης
252 1271 318 1346 τῆς
341 1268 469 1332 αἰτίας
491 1270 534 1332 τὸ
558 1269 768 1347 ςυνέδριον
796 1267 940 1331 καὶέπὶ
963 1268 1097 1346 ῥητοῖς
1121 1268 1228 1344 ἥκειν

89 1379 144 1442 εἰς
166 1379 236 1442 τὸν
260 1382 399 1457 δῆμον·
423 1378 496 1442 ἀλλ’
512 1379 620 1457 ἐπειδὴ
636 1379 799 1457 τυραννίδι
821 1379 897 1458 κτλ,
922 1376 971 1439 vel
987 1376 1067 1440 haee
1082 1375 1171 1458 VIII,
1190 1378 1228 1440 77

89 1491 171 1550 extr.
200 1492 269 1565 μιᾶς
298 1482 364 1567 γὰρ’
388 1490 657 1566 καταλειπομένης
687 1489 797 1553 αὐτοῖς
825 1488 929 1567 τρίτη(
956 1487 1082 1567 μερίδος
1110 1489 1129 1566 ἢ
1158 1488 1229 1566 οὐχ

88 1599 194 1663 ἕξειν
222 1598 282 1663 ὅτι
311 1600 501 1663 δώςουςιν
530 1599 700 1663 ἐκείνοις
729 1600 845 1677 μέρος
873 1598 954 1675 ἢτὰ
976 1597 1070 1676 ὅμοια
1092 1618 1228 1677 ψηφιςα-

87 1709 224 1788 μένους,
257 1730 298 1770 ne
320 1707 507 1770 tenuissimo
529 1708 656 1791 quidem
681 1708 847 1772 Vrbinatis
875 1707 1012 1790 vestigio
1034 1707 1227 1791 proditurt'),

87 1817 142 1881 sed
167 1839 184 1879 e
207 1817 272 1879 solo
295 1818 495 1901 intellegitur
511 1818 672 1882 Chisiano.
704 1818 818 1881 Eidem
840 1817 899 1880 soli
922 1816 1078 1880 debentur
1100 1817 1133 1879 in
1156 1820 1228 1880 octo

86 1927 242 2010 prooemii
265 1927 424 2010 capitibus
446 1926 507 1991 hae
525 1928 702 2011 scripturae
718 1949 870 2012 magnam
893 1929 1017 2011 partem
1040 1927 1226 2010 exquisitae,

86 2037 159 2099 sine
182 2037 368 2120 exceptione
390 2059 499 2102 verae:
522 2038 731 2118 ὑπηγάγοντο
747 2060 778 2121 p.
795 2039 826 2120 3,
847 2039 895 2119 16,
919 2037 1045 2100 inverso
1061 2037 1228 2100 verborum

86 2146 201 2209 ordine
222 2148 393 2226 τριάκοντα
416 2148 469 2226 ἐτη
491 2170 522 2231 p.
539 2149 570 2230 4,
598 2149 646 2230 13,
668 2151 740 2228 περὶ
763 2148 880 2212 omissa
901 2148 1035 2211 molesta
1058 2149 1107 2211 καί
1129 2149 1228 2229 parti-

88 2256 164 2319 cula
186 2257 216 2338 6,
240 2257 292 2340 29,
322 2259 579 2336 ἐνθυμουμένους
606 2258 645 2321 ad
668 2276 872 2341 praegressos
894 2257 1070 2320 infinitivos
1092 2257 1228 2320 relatum

87 2367 120 2447 8,
148 2368 196 2447 19,
221 2367 316 2445 αὐτῆς
339 2368 369 2449 8,
395 2367 435 2431 15
457 2371 490 2431 et
512 2370 714 2448 φιλοθέωρος
738 2369 774 2451 8,
797 2368 854 2450 27,
879 2388 959 2451 quae
983 2367 1104 2430 Reislii
1127 2388 1227 2451 sagax

86 2475 255 2560 ingenium
277 2476 400 2560 pridem
429 2478 680 2560 coniectaverat,
710 2481 767 2557 μέν
796 2477 855 2543 οὖν
885 2500 942 2560 pro
964 2480 1021 2556 μέν
1045 2478 1075 2559 9,
1098 2478 1155 2540 39;
1186 2500 1227 2539 ne

84 2587 122 2650 in
146 2585 330 2650 exilioribus
349 2587 509 2670 haeream,
533 2588 626 2670 quale
649 2593 697 2652 est
718 2588 835 2652 rectius
858 2588 1012 2670 scriptum
1034 2588 1227 2666 ἐνενήκοντα
1316 2581 1323 2631 ἕ

84 2697 138 2759 vel
173 2697 335 2780 antiquius
372 2700 620 2778 Ἁλικαρναςεύς.
672 2697 734 2763 Sed
768 2698 864 2762 etiam
897 2698 999 2761 maior
1037 2701 1086 2760 est
1119 2718 1225 2760 eorum

84 2828 238 2870 numerus
260 2806 415 2890 locorum,
444 2809 480 2871 in
507 2808 620 2892 quibus
649 2809 838 2872 coniunctae
862 2807 1005 2873 Ohisiani
1033 2811 1065 2869 ct
1087 2807 1225 2870 Parisini
1279 2833 1282 2837 ’

84 2917 274 2980 auctoritati
296 2922 367 2980 'non
395 2921 501 3001 potest
529 2941 595 2982 non
624 2919 733 2982 cedere
760 2919 790 2982 V
792 2919 911 2981 rbinas.
956 2917 1075 2981 Eorum
1101 2919 1225 2999 partem

82 3048 184 3109 supra
215 3026 395 3110 attulimus,
427 3050 497 3090 cum
524 3028 564 3091 de
593 3029 757 3112 Stephano
784 3029 980 3093 dicebamus:
1018 3026 1133 3090 addere
1161 3026 1225 3089 alia

83 3137 174 3217 licet,
198 3140 233 3199 ut
248 3138 531 3213 ἐγκαταλείποντες
554 3160 585 3221 p.
602 3138 633 3219 2,
650 3139 680 3220 9,
703 3139 757 3202 ubi
773 3139 824 3202 vix
845 3139 922 3202 ferri
945 3138 1080 3201 aoristus
1103 3139 1225 3218 potest,

81 3248 309 3325 προςηγάγετο
332 3248 363 3328 4,
386 3248 438 3328 24,
466 3248 522 3310 ubi
545 3250 670 3311 tantum
693 3249 784 3312 abest
810 3251 846 3310 ut
873 3251 1004 3330 propter
1031 3247 1225 3326 προῦβαινεν

80 3355 268 3439 requiratur
294 3356 533 3440 imperfectum,
563 3357 595 3420 id
623 3361 659 3421 ut
689 3361 848 3441 repugnet
874 3357 1054 3420 sententiae
1080 3356 1224 3439 veritati,

78 3466 227 3544 ἐτράπην
249 3466 279 3548 5,
307 3468 345 3529 16
367 3467 467 3530 multo
491 3468 732 3531 convenientius
761 3490 856 3551 quam
884 3468 1066 3547 ἐτραπόμην
1094 3470 1225 3549 propter

78 3596 277 3661 praegressa
299 3576 376 3642 ἄνευ
404 3581 556 3656 λογιςμοῡ
579 3580 628 3642 καὶ
655 3579 812 3658 προνοίας
835 3579 1008 3658 ἔμφρονος.
1056 3577 1224 3642 Consecta-

77 3687 170 3750 rium
192 3689 257 3767 cst,
286 3690 322 3749 ut
350 3688 447 3751 etiam
475 3688 530 3751 ubi
559 3689 734 3752 necessitas
762 3688 913 3771 sequendi
936 3688 984 3751 vel
1008 3687 1152 3752 Chisiani
1175 3687 1224 3750 vel

77 3794 255 3859 Vrbinatis
277 3795 365 3859 nulla
387 3797 440 3879 sit,
464 3800 518 3861 scd
542 3797 643 3861 libera
665 3799 753 3881 opti0
769 3798 855 3881 data,
879 3802 988 3861 tamen
1010 3798 1095 3861 illius
1117 3798 1222 3881 potius

74 3927 183 3991 quam
215 3905 305 3968 huius
340 3905 435 3970 fidem
470 3908 701 3991 amplectamur
733 3911 766 3971 et
792 3913 957 3988 προειπεῖν
990 3908 1096 3991 potius
1129 3929 1223 3990 quemi

72 4019 186 4085 εἰπεῖν
214 4016 404 4079 asciscamus
432 4017 586 4100 prooemii
613 4018 721 4100 initio,
751 4018 833 4102 quod
860 4021 909 4082 est
936 4040 1013 4082 sane
1042 4016 1224 4101 impeditius

70 4173 286 4187 -ae-——---

150 4272 176 4335 νε)
202 4267 256 4336 [Dc
275 4269 328 4322 hoc
346 4269 476 4324 lbsellisse
495 4270 653 4339 opinionem
671 4272 807 4336 intellexi,
829 4290 862 4327 ex
881 4290 935 4340 quo
953 4274 1099 4341 utrumque
1118 4270 1224 4327 addita·

68 4365 209 4424 mentum
228 4363 398 4430 comperire
415 4381 482 4418 veru
499 4367 609 4418 exstare
626 4366 655 4419 in
672 4360 826 4436 Vrbinath
