3008 5002
536 325 573 371 nr
594 324 876 371 aarsrorrrsumr.
1172 313 1176 321 '
1213 307 1273 371 221

141 481 247 541 (solor
260 477 309 539 illi
320 476 470 539 dicuntur
479 498 508 558 p.
525 477 593 558 116,
608 476 637 538 2.
655 475 744 549 Quod
760 479 866 538 autem
882 474 1138 537 Heliodorum
1154 497 1276 558 quoque

139 587 224 649 inter
240 587 443 669 antiquos,
460 586 572 669 quibus
584 584 700 647 Taetza
715 608 789 648 usus
803 584 911 666 fuerit,
928 560 1034 647 fontes
1049 585 1274 667 recensuimus,

140 695 340 758 mirabuntur
362 696 474 778 quibus
497 695 535 758 de
558 680 738 777 Byzantino
760 692 947 774 Heliodoro,
975 679 1121 777 Dionysii
1143 694 1276 758 Thracis

140 804 329 886 scholiasta,
346 805 503 886 persuasit
518 803 712 867 Ritschelius
728 804 766 866 de
782 803 880 866 schol.
898 801 1002 866 Plaut.
1019 826 1051 886 p.
1071 804 1141 884 147,
1159 803 1274 867 (101011.
1296 815 1297 820 ’

140 936 171 996 p.
196 914 215 976 9
237 936 305 997 sqq.
351 912 435 976 Nam
462 936 533 977 cum
554 913 718 976 Heliodori
740 913 869 976 nominc
897 912 1085 995 inscriptam
1114 913 1148 975 in
1176 917 1277 975 artem

140 1022 287 1106 Dionysii
303 1023 561 1105 annotationem,
585 1022 720 1086 similem
735 1023 780 1103 ei,
802 1044 896 1104 quam
912 1022 981 1084 sine
996 1022 1125 1084 nomine
1140 1022 1277 1104 positam

140 1131 239 1195 hahes
268 1133 353 1215 apud
375 1131 555 1195 Bekkerum
578 1132 699 1195 Anecd.
732 1154 763 1214 p.
789 1131 866 1212 797,
897 1131 1019 1194 videret
1046 1154 1065 1193 a
1087 1131 1276 1195 Villoisonio

141 1241 264 1304 Anecd.
289 1263 396 1325 graec.
413 1241 445 1304 ΙΙ
468 1265 499 1324 p.
519 1242 578 1305 123
601 1264 618 1304 0
642 1241 748 1304 codice
771 1240 936 1307 Marciano
958 1241 1133 1324 prolatam,
1156 1241 1191 1305 in
1214 1242 1277 1304 alio

141 1353 247 1413 autem
276 1350 424 1434 Dionysii
456 1350 576 1415 scholio
603 1349 704 1413 Beklr.
734 1349 856 1412 Anecd.
890 1373 923 1433 p.
954 1350 1014 1414 767
1043 1354 1075 1413 01
1102 1372 1140 1413 ex
1169 1350 1277 1413 eodem
1392 1349 1398 1363 '

141 1458 307 1524 Marciano
331 1460 439 1523 codice
462 1459 586 1523 Villois.
610 1459 657 1522 II-
664 1483 696 1543 p.
716 1459 776 1523 182
798 1481 868 1522 eam
890 1481 985 1543 quam
1008 1459 1048 1522 ad
1071 1459 1277 1523 Heliodorum

141 1567 257 1631 Tzetza
289 1569 389 1632 refert
427 1569 620 1632 senteutiam
657 1569 832 1651 expositam
870 1569 1153 1651 animadverteret,
1193 1570 1277 1633 hunc

141 1676 379 1741 Beklrerianum
401 1678 609 1762 interpretem
631 1679 734 1761 ipsum
754 1677 960 1741 Heliodorum
983 1700 1115 1762 eumque
1138 1700 1208 1741 cum
1230 1701 1277 1742 re·

141 1786 234 1870 liquis
250 1787 397 1871 Dionysii
420 1788 647 1870 interpretibus
669 1787 703 1850 in
720 1786 971 1871 Byzantinorum
996 1787 1277 1872 grammaticorum

141 1918 272 1960 numero
295 1897 477 1980 ponendum
500 1918 568 1960 esse
591 1897 756 1962 conclusit.
803 1896 922 1962 Contra
943 1919 1039 1981 quam
1060 1897 1277 1961 ratiocinatio-

141 2026 215 2067 nem
243 2027 324 2088 quae
351 2006 576 2089 Bemhardyus
603 2030 634 2090 p.
659 2007 721 2070 832
744 2029 791 2090 sq.
821 2007 961 2089 monuit,
990 2007 1029 2070 iis
1057 2010 1130 2090 post
1158 2007 1277 2070 editum

141 2135 292 2197 graecum
316 2116 578 2179 commentarium
601 2116 670 2200 (illa
693 2117 778 2180 enirn
801 2117 840 2180 de
863 2116 982 2179 scholio
998 2116 1148 2179 Plautino
1170 2116 1298 2199 dispe.

141 2227 211 2286 tata
238 2226 345 2308 erant)
373 2226 494 2288 nullam
522 2226 657 2309 amplius
684 2226 748 2288 vim
778 2226 897 2289 tribuet
923 2226 972 2288 vir
1005 2226 1162 2310 egregius.
1216 2225 1277 2290 Sed

141 2332 374 2397 dubitationem
406 2335 525 2398 excitat
558 2336 729 2399 coniuncta
762 2336 964 2419 antiquorum
996 2336 1277 2420 grammaticorum

142 2464 215 2504 eum
236 2444 353 2506 aetatis
375 2444 565 2507 Tzetzianae
586 2445 714 2508 homine
736 2446 889 2513 memoria
895 2495 904 2527 ,
936 2449 968 2508 et
990 2449 1124 2529 augetur
1146 2468 1277 2529 magno-

142 2573 217 2634 pere
239 2551 396 2615 dubitatio
412 2574 464 2634 eo,
489 2555 571 2636 quod
586 2554 644 2616 sub
664 2555 760 2617 finem
782 2555 897 2638 prioris
920 2554 1072 2637 prooemii
1093 2558 1277 2636 λεξιγράφοι

140 2662 303 2740 Ὁμηρικοὶ
324 2661 613 2744 reprehenduntur:
642 2663 672 2725 id
701 2663 783 2747 quod
806 2686 871 2727 non
899 2686 990 2747 posse
1018 2664 1080 2727 nisi
1109 2664 1148 2726 ad
1170 2663 1278 2727 Helio-

142 2770 252 2832 dorum
275 2770 436 2853 pertinere
459 2772 502 2853 ei,
533 2773 586 2855 qui
607 2776 705 2836 verba
727 2774 869 2855 proxime
892 2773 1114 2836 antecedentia
1138 2774 1277 2837 conside·
1312 2782 1317 2790 '

141 2880 277 2962 raverit,
308 2880 441 2963 patebit.
486 2879 685 2944 Revocemur
713 2883 812 2966 igitur
834 2882 874 2945 ad
896 2881 1102 2945 Heliodorum
1123 2886 1276 2958 γλωεεῶν

141 2989 319 3067 Ὁμηρικῶν
342 2989 545 3071 scriptorem,
569 2992 755 3073 praesertim
772 3014 843 3055 eum
864 2991 950 3055 hune
972 3013 1042 3055 cum
1057 2992 1184 3073 Apione
1201 3013 1278 3073 prae
1345 2996 1349 3001 '

142 3098 256 3161 ceteris
272 3101 348 3162 τοὺ(
363 3101 635 3180 γλωαογράφου(
649 3101 750 3164 dictos
766 3122 834 3165 esse
849 3101 999 3165 sciamus:
1017 3102 1057 3164 cf.
1067 3099 1279 3163 Ritschelium

141 3206 181 3269 de
210 3207 308 3271 schol.
337 3207 442 3271 Plaut.
465 3232 497 3291 p.
524 3210 594 3272 142.
639 3212 685 3273 Α1
712 3232 786 3273 vero
813 3212 931 3274 bonum
959 3214 991 3273 et
1018 3210 1059 3273 ab
1086 3209 1184 3292 ipsius
1206 3209 1278 3271 Ari-

142 3315 263 3379 starchi
286 3320 408 3397 aetate,
439 3321 474 3380 ut
496 3318 635 3401 videtur,
664 3320 797 3383 nonita
825 3321 921 3404 longe
943 3322 1098 3383 remotum
1120 3339 1279 3402 gramma·

141 3425 256 3508 ticum,
280 3426 451 3489 multorum
473 3449 554 3510 quae
577 3428 766 3510 Apollonius
794 3429 828 3491 in
855 3428 959 3492 lexico
980 3428 1150 3492 Homerico
1172 3427 1279 3510 posuit

142 3538 321 3616 auctorem,
345 3557 422 3598 num
443 3536 643 3619 ineptissima
666 3538 704 3601 de
719 3537 881 3602 Pisistrati
904 3539 987 3602 euris
1006 3537 1184 3601 Homericis
1208 3559 1279 3600 cunr

143 3643 435 3708 Alexandrinorum
457 3646 569 3709 studiis
586 3648 764 3711 commixtis
786 3647 895 3711 fabula
917 3648 1050 3732 dignum
1072 3646 1279 3730 putabimus?

143 3751 276 3816 Minime
299 3753 332 3816 id
354 3754 480 3837 quidem
501 3756 682 3839 probabile,
710 3758 898 3839 praesertim
921 3780 992 3820 cum
1014 3756 1171 3840 dubitem,
1202 3779 1279 3820 num

142 3861 218 3925 talis
239 3863 399 3943 narratio,
431 3864 556 3927 etiamsi
577 3867 682 3930 minus
704 3867 814 3949 inepta
836 3867 947 3949 fuerit,
971 3867 1005 3929 in
1027 3867 1141 3950 glossis
1163 3866 1279 3929 Home-

142 3971 218 4034 ricis
232 3972 338 4035 locum
360 3972 521 4037 habuerit:
545 3975 607 4038 imo
621 3997 662 4038 ne
684 3975 716 4038 id
738 3976 864 4059 quidem
882 3977 948 4039 veri
963 3975 1065 4038 simile
1080 3974 1168 4038 dicas
1190 3975 1279 4037 illum

142 4079 259 4143 librum
289 4081 330 4144 ad
358 4081 493 4148 Tzetzae
520 4088 659 4148 aetatem
686 4089 900 4170 propagatum
928 4106 1005 4148 esse.
1063 4083 1124 4148 Sed
1152 4087 1279 4167 praesto

142 4194 192 4252 est
220 4191 284 4253 alia
312 4189 504 4255 scholiorum
531 4192 771 4258 Homericorum
801 4195 960 4275 collectio,
989 4217 1051 4279 qua
1074 4193 1346 4262 eustathianae

142 4319 234 4367 usum
250 4319 319 4362 esse
335 4301 495 4387 novimus,
519 4303 589 4387 ipsa
613 4327 734 4389 quoque
749 4302 913 4369 Heliodori
937 4308 969 4368 et
984 4304 1121 4388 Apionis
1142 4303 1283 4367 nomini--
