2896 4996
485 355 532 401 na
556 355 626 402 oso
650 356 693 401 nx
716 355 858 402 oaronn.
1027 349 1030 353 ’
1179 340 1239 403 607

94 532 192 574 11611111
216 510 259 573 sit
281 508 315 571 in
338 507 495 591 excerptis
518 509 638 592 quaeri,
663 530 743 592 quae
766 508 984 571 inscribuntur
999 508 1148 590 Orionea,
1174 509 1240 572 illic

93 625 204 683 tamen
227 643 259 703 p.
283 620 356 701 611,
384 619 422 682 14
445 622 556 682 contra
580 623 675 703 atque
698 619 876 702 exspectari
902 618 1011 681 debuit
1033 619 1136 702 ipsam
1157 620 1240 702 prio-

94 753 162 795 rem
185 723 369 814 reperimus.
404 729 487 792 Item
509 729 543 792 in
565 729 721 792 Parisinis
744 750 837 812 quem
860 729 1045 792 admodum
1068 730 1132 793 alia
1153 735 1238 811 sunt,

95 862 177 925 quae
201 841 242 933 ab
264 840 456 924 reliquorum
478 840 631 903 societate
660 839 765 903 aliena
794 840 863 923 ipso
890 840 1091 903 notationum
1119 840 1241 903 ambitu

97 930 292 1037 cognoscas,
322 953 358 1014 ut
380 973 411 1034 p.
438 951 514 1033 179,
541 952 577 1014 11
601 950 640 1014 dc
667 952 824 1030 κάμηλος,
852 974 883 1034 p.
910 951 986 1033 181,
1013 951 1053 1015 10
1075 951 1113 1014 de
1136 953 1240 1033 νεὶφω

95 1063 218 1146 posita,
248 1061 444 1144 transcripta
472 1083 509 1125 ea
538 1084 576 1124 ex
600 1060 748 1125 Gudiano
776 1061 862 1145 (coll.
886 1060 965 1124 Exc.
989 1061 1042 1124 Et.
1066 1061 1111 1124 M.
1135 1062 1238 1125 Paris.

96 1196 128 1257 p.
157 1173 228 1255 187,
253 1172 325 1257 20);
348 1172 394 1235 ita
417 1171 500 1255 quod
522 1194 551 1235 v.
576 1175 744 1260 μυετήριον
767 1194 798 1255 p.
825 1172 895 1254 180,
922 1174 938 1235 7
962 1172 1136 1235 secundum
1158 1172 1241 1236 idem

98 1283 281 1347 Oudiannm
305 1283 422 1346 citatur
443 1283 525 1347 Orus
546 1283 792 1366 grammaticus,
816 1282 898 1366 quod
921 1282 1047 1366 quidem
1063 1282 1098 1346 in
1113 1282 1241 1347 Orionis

96 1394 199 1457 lexico
221 1394 342 1457 factum
366 1397 415 1456 est
436 1415 624 1477 numquam,
657 1393 687 1455 id
716 1415 815 1456 unum
836 1392 1009 1456 maximam
1037 1393 1070 1456 in
1093 1394 1241 1477 suspitio-

96 1527 172 1568 nem
196 1503 325 1567 adducit
347 1504 462 1567 indicis
485 1503 633 1588 inscripti
656 1503 767 1567 fidem:
791 1506 869 1570 κατὰ
890 1504 1037 1585 Ὠρίωνα.
1071 1504 1242 1569 Ρ1116161611

96 1615 209 1678 eadem
232 1618 381 1697 excerpta
404 1619 525 1699 quanta
548 1614 680 1678 libidine
704 1615 844 1698 quisquis
867 1614 929 1678 fuit
950 1616 1140 1698 compilarit,
1164 1616 1242 1680 illud

97 1727 221 1810 arguit,
248 1725 331 1809 quod
354 1726 393 1789 de
421 1726 466 1789 eis
495 1725 588 1808 ipsis,
619 1725 733 1810 quibus
761 1725 969 1809 interpolavit
996 1726 1151 1809 Orionea,
1185 1728 1242 1790 mi-

96 1839 185 1900 nime
208 1836 358 1900 convenit
379 1836 470 1908 libris
492 1834 676 1918 Kodsianis,
711 1836 766 1900 sed
787 1837 913 1900 illorum
936 1858 1002 1900 non
1024 1859 1126 1920 pauca
1150 1839 1240 1920 alter,

97 1949 154 2032 qui
177 1950 307 2011 notatur
329 1970 362 2009 n.
385 1947 465 2029 464,
489 1947 721 2031 praetermisit,
750 1947 837 2010 velut
858 1947 893 2010 in
920 1969 985 2010 una
1006 1949 1031 2011 Α
1054 1948 1162 2012 littera
1184 1950 1242 2012 has

97 2081 209 2123 voces:
244 2059 370 2135 ἁγνεία,
406 2058 555 2135 ἀκεετόν,
584 2059 683 2137 ἀμᾶν,
717 2057 830 2136 ἄρκος,
864 2058 951 2138 ἄχος.
1000 2057 1243 2123 Da'rmstadino-

98 2191 172 2231 rum
194 2172 301 2233 autem
324 2186 395 2232 cum
418 2167 546 2251 singula
568 2190 710 2252 quaeque
732 2167 858 2231 ostendi
881 2168 998 2251 possit,
1028 2169 1055 2231 si
1077 2170 1182 2233 minus
1205 2194 1242 2234 ex

98 2281 235 2363 Orione,
269 2282 303 2342 at
326 2301 364 2342 ex
391 2279 466 2341 solis
488 2281 596 2341 tamen
619 2278 851 2362 Etymologicis
873 2278 1018 2361 fluxisse,
1050 2285 1161 2344 contra
1184 2281 1242 2344 Pa-

100 2390 213 2453 risinis
236 2390 391 2474 quaedam
420 2390 546 2474 glossae
568 2393 735 2474 praeterea
758 2388 934 2453 adhaerent
961 2390 1090 2462 infimae
1118 2393 1242 2456 aetatis

98 2500 211 2583 quue
233 2501 374 2582 pertinet
395 2522 426 2583 p.
454 2501 530 2583 181,
553 2502 594 2565 27
617 2501 757 2584 positum
779 2501 975 2579 ὁλοκοτινίν,
1006 2503 1084 2588 satis
1114 2526 1243 2567 caussae

102 2611 256 2695 praebere
279 2609 437 2675 Lobeclio
459 2611 577 2695 visum,
602 2633 657 2675 cur
679 2612 714 2674 in
735 2612 951 2696 Aglaophami
974 2616 998 2676 t.
1021 2612 1036 2675 I
1059 2636 1090 2696 p.
1112 2614 1175 2678 482
1197 2615 1243 2678 sic

100 2721 287 2786 adnotaret:
323 2725 378 2786 Ori
402 2735 544 2803 aetatem,
574 2730 627 2787 diu
654 2735 724 2786 ante
753 2744 841 2802 quam
869 2729 966 2788 editus
992 2737 1048 2802 est,
1078 2733 1246 2792 coniectori
1262 2747 1294 2794 ‘24

98 2854 140 2896 ex
165 2839 265 2911 olosso
294 2839 364 2897 binc
390 2843 536 2913 excerpta
565 2839 651 2913 opud
677 2838 816 2912 Buconq.
857 2841 949 2898 Gloss.
974 2857 1010 2914 p.
1039 2846 1111 2898 1036
1136 2833 1241 2923 [1038]
1280 2881 1281 2885 =

98 2945 283 3009 ὁλοκοτινὶν
312 2982 360 3007 -.
410 2943 449 3006 111
477 2944 590 3027 quibus
622 2948 655 3007 et
687 2943 725 3006 de
758 2943 946 3028 integritate
979 2944 1102 3028 fideque
1132 2945 1244 3009 horum

102 3058 327 3138 excerptorum
354 3076 566 3138 praepropere
593 3054 654 3117 sibi
684 3055 842 3138 persuasit
874 3057 906 3116 et
937 3055 1114 3119 mirabilius
1147 3057 1244 3121 etiarn

101 3187 175 3229 cum
204 3165 336 3249 antiquo
364 3165 428 3228 Oro
456 3165 666 3250 grammatico
700 3165 820 3227 editum
850 3142 1044 3248 permutavit
1077 3167 1242 3231 Orionem:

100 3297 196 3360 quem
217 3297 355 3339 errorem
378 3298 449 3339 cum
465 3274 644 3340 Brunclrius
662 3276 823 3359 praeierat
843 3275 877 3338 in
894 3276 1118 3359 Aristophanis
1134 3278 1243 3341 Eccle-
1292 3329 1296 3338 .

99 3387 178 3450 siaa.
208 3409 238 3450 v.
268 3388 329 3451 987
359 3391 426 3450 tum
454 3409 520 3452 non
550 3388 628 3450 satis
661 3387 746 3450 cavit
777 3386 1006 3451 Valckenarius
1035 3387 1182 3452 Diatriba
1210 3391 1243 3452 in

99 3497 289 3581 Euripidem
316 3521 348 3582 p.
372 3499 444 3562 303.
489 3498 586 3562 Istius
608 3497 693 3561 modi
722 3501 828 3561 autem
855 3499 981 3582 glossae
1004 3498 1030 3561 si
1054 3499 1087 3562 in
1116 3499 1249 3580 Orionis
1289 3526 1291 3529 ¹

99 3608 205 3672 lexico
227 3608 303 3672 olim
326 3610 540 3691 exstitissent,
571 3631 626 3673 cur
647 3631 713 3674 non
736 3609 867 3692 reperiri
889 3608 924 3672 in
946 3608 1176 3694 Etymologicis
1199 3610 1243 3700 (11-

98 3741 173 3800 cas,
211 3719 246 3782 in
274 3742 356 3804 quae
385 3721 523 3803 reliquas
554 3720 682 3785 Orionis
712 3721 895 3784 notationes
927 3720 1081 3783 transisse
1109 3721 1243 3787 vidimus

95 3827 237 3895 omnes?

626 3921 646 3999 ξ
672 3919 721 3983 13.

188 4051 306 4128 Quodsi
334 4076 399 4118 non
426 4054 590 4138 integrum
617 4054 729 4120 haberi
757 4055 884 4119 Orionis
912 4053 1048 4118 lexicum
1075 4052 1136 4117 hac
1160 4058 1244 4119 certe

91 4166 154 4232 via
183 4164 310 4228 ostendi
338 4166 466 4249 nequit,
496 4188 631 4250 acquum
658 4170 707 4229 est
735 4188 800 4229 non
828 4165 928 4229 taceri
962 4166 1123 4229 contraria
1151 4188 1243 4250 argu-

88 4280 229 4356 menta,
260 4276 374 4358 quibus
402 4281 488 4340 certe
516 4278 723 4340 summarium
749 4298 815 4339 non
843 4297 910 4339 esse
933 4276 999 4339 sive
1023 4280 1156 4360 cogatur
1179 4277 1244 4340 sive

85 4387 268 4477 probetur.
324 4386 443 4471 Ecquis
474 4391 581 4452 autem
614 4386 706 4451 huius
743 4387 827 4451 modi
866 4387 1059 4451 breviarium
1095 4410 1244 4471 mnquam
