2924 4996
433 312 591 361 nroursu
613 311 961 364 aaarcaannssansrs.
1210 301 1273 365 523

128 465 234 528 minus
257 466 443 528 constanter
464 463 514 527 his
537 463 697 528 additiciis
719 465 801 528 solet
822 473 917 548 quam
933 466 1100 531 Vrbinatis
1123 468 1273 552 genuinis

130 573 360 658 supplementis
397 594 514 636 carere.
570 573 759 639 Perennem
799 575 978 660 insigniora
1015 576 1170 659 quaedam
1206 599 1272 641 non

129 683 276 747 discretis
298 681 479 767 generibus.
523 682 550 764 I,
574 684 631 748 70:
654 684 673 748 ὁ
696 686 731 749 δὲ
753 686 944 770 (ςυφορβὸς)
968 686 1011 750 είς
1034 686 1111 750 ὕλας
1134 687 1271 765 ἐρήμους

129 794 261 870 ἀγαγὼν
289 793 389 872 αὐτὴν
418 792 576 877 (Λαῦναν)
606 794 650 858 ὡς
678 797 745 860 τῶν
769 794 986 873 ἐπιτυχουςῶν
1008 815 1089 876 τινα,
1113 799 1271 876 φυλαττό-

129 923 226 982 μενος
248 902 388 983 ὀφθῆναι
409 906 476 966 τοῖς
498 903 628 985 εἰδόςιν,
652 903 788 983 ἔτρεφεν
813 904 848 968 ἐν
869 910 907 986 τῇ
931 904 1018 987 νάπῃ
1038 906 1271 970 καταςκευάςας

130 1012 263 1090 οἴκηςιν·
291 1012 465 1091 ἀναιρεῖταί
486 1032 520 1076 τε
543 1013 593 1076 καὶ
614 1013 741 1093 τρέφει,
771 1013 916 1078 (ιλούιον
945 1013 1106 1091 ὀνομάςας
1128 1014 1194 1079 ἀπὸ
1215 1018 1271 1092 τῆς

129 1122 215 1200 ὕλης.
259 1120 312 1185 Sie
334 1126 370 1203 A,
394 1120 641 1204 interpolatione
664 1122 752 1185 nulla
774 1122 978 1205 inquinatus,
1008 1122 1063 1185 sed
1085 1123 1271 1187 narratione

129 1234 166 1294 ut
189 1232 322 1314 apparet
343 1230 466 1293 mutila.
512 1229 602 1305 Quod
624 1231 766 1295 sentiens
790 1234 949 1294 corrector
970 1252 1084 1314 parum
1107 1232 1271 1296 commoda

129 1342 204 1423 post
236 1339 354 1418 οἴκηςιν
385 1338 519 1403 immisit
546 1340 626 1403 haec
653 1340 751 1402 verba
778 1340 821 1419 ἧς
848 1341 891 1405 τὸ
920 1340 1305 1419 ἐγκυμονούμενονο

130 1450 420 1527 ἀποκυηςάςης,
454 1470 586 1531 quorum
619 1448 689 1512 loco
712 1454 743 1542 3
767 1451 904 1513 testatur
932 1448 1008 1512 olim
1036 1449 1196 1514 exstitisse
1226 1453 1273 1517 οὐ

130 1561 298 1623 πολλοῖς
326 1559 541 1637 γνώριμον,
569 1560 630 1623 καὶ
658 1560 701 1623 τό
728 1558 890 1624 παιδίον
918 1559 1139 1637 γενόμενον
1169 1560 1271 1644 (ἀναι-

130 1672 229 1747 ρεῖται
265 1670 357 1749 κτλ).
411 1666 511 1750 ldque
550 1666 596 1730 ita
632 1688 665 1731 se
699 1659 817 1731 liabere
852 1667 1030 1731 evidentius
1064 1669 1161 1736 etiam
1196 1670 1273 1734 hinc

130 1776 336 1859 perspicitur,
363 1776 447 1859 quod
470 1781 494 1840 G
514 1797 622 1840 verum
651 1776 712 1840 hoc
741 1777 998 1860 supplementum
1025 1778 1124 1841 habet
1145 1778 1180 1841 in
1202 1779 1272 1863 ipsa

130 1884 344 1950 continuitate
366 1885 550 1968 verborum,
579 1885 686 1950 futtile
714 1889 821 1949 autem
848 1886 1102 1951 additamentum
1130 1887 1208 1952 illud
1237 1890 1272 1952 in
1313 1901 1317 1914 ’

15 2022 17 2025 ’
129 1995 287 2079 margine.
321 2032 364 2043 -
397 1994 600 2059 simillimam
632 1994 822 2061 Ooisliniani
853 1996 1012 2060 rationem
1045 1999 1140 2080 atque
1175 1998 1272 2061 etiam

129 2104 382 2168 manifestiorem
404 2104 503 2168 habes
525 2104 582 2186 IV,
606 2104 655 2186 16,
679 2104 734 2168 ubi
755 2104 836 2168 haec
857 2104 892 2168 in
915 2127 952 2168 eo
975 2105 1082 2169 codice
1105 2106 1272 2190 leguntur:

130 2217 247 2280 διελὼν
275 2218 311 2279 δὲ
336 2215 454 2279 αὐτοὺς
481 2218 552 2297 διχῇ
580 2215 814 2293 τετταράκοντα
841 2217 897 2293 μὲν
921 2215 1049 2295 ἐποίηςε
1072 2218 1272 2295 νεωτέρους

129 2324 265 2403 λόχους,
294 2324 355 2389 οἷς
376 2326 445 2388 τὰς
476 2323 711 2403 ὑπαιθρίους
740 2324 921 2389 ἀπέδωκε
944 2326 1167 2404 ςτρατείας,
1189 2347 1272 2392 τετ-

130 2434 354 2512 ταράκοντα
376 2437 417 2498 δὲ
445 2435 755 2513 πρεςβυτέρους,
783 2435 840 2498 οὓς
868 2434 931 2500 ἔδει
959 2438 1014 2513 τῆς
1045 2435 1199 2513 νεότητος
1229 2436 1272 2501 εἰς

130 2544 276 2621 πόλεμον
298 2543 439 2623 ἐξιούςης
463 2543 706 2623 ἑξέρχεεθαι,
733 2545 828 2608 τοὺς
851 2545 892 2609 δὲ
914 2545 1061 2609 ἄλλους
1084 2545 1272 2625 τετταρά·

131 2674 252 2718 κοντα
273 2659 354 2718 τῶν
377 2654 656 2733 πρεςβυτέρων
679 2653 903 2733 ὑπομένοντας
926 2655 961 2720 ἐν
983 2661 1021 2738 τῇ
1044 2656 1137 2720 πόλει
1159 2657 1199 2720 τὰ
1222 2656 1272 2720 ἐν·

130 2763 187 2827 τὸς
213 2767 272 2827 τοῦ
298 2763 424 2842 τείχους
446 2764 628 2844 φυλάττειν,
671 2762 795 2846 Quippe
822 2763 856 2825 in
885 2768 911 2825 Α
939 2784 1010 2826 cum
1036 2763 1153 2827 lacuna
1175 2764 1272 2846 serip-

130 2873 200 2934 tum
226 2874 275 2934 est
305 2872 432 2951 ἐποίηςε
460 2874 640 2952 νεωτέρων
663 2872 782 2951 λόχους
808 2873 866 2937 οὓς
888 2873 953 2938 ἔδει
974 2876 1030 2950 τῆς
1051 2874 1206 2950 νεότητος
1228 2874 1272 2938 εἰς

130 2981 275 3060 πόλεμον
306 2981 447 3061 ἐξιούςης
474 2982 697 3060 ὑπομένοντας
723 2985 788 3046 κτλ.
833 2980 920 3045 Hinc
947 2981 1109 3064 profectus
1132 2981 1272 3064 interpo-

129 3089 215 3153 lator
243 3089 344 3174 (ΙλΡ),
373 3090 501 3155 insertis
528 3092 615 3154 inter
642 3092 784 3171 ἐξιούςης
809 3094 842 3154 et
869 3090 1092 3170 ὑπομένοντας
1119 3111 1200 3173 quae
1227 3090 1272 3154 ibi

130 3198 230 3262 etiam
245 3199 381 3281 caudit,
405 3201 616 3264 miserrimum
630 3202 664 3265 in
680 3200 807 3264 modum
827 3200 935 3262 omnia
957 3200 1121 3282 pervertit.
1152 3199 1273 3264 Verum

131 3311 388 3391 supplementum
408 3311 458 3375 οἷς
471 3313 529 3375 τὰς
550 3310 737 3390 ὑπαιθρίους
759 3310 905 3374 ἀπέδωκε
928 3310 1098 3388 ςτρατείας,
1121 3311 1271 3388 τετταρά-

131 3439 232 3483 κοντα
260 3420 295 3483 δὲ
317 3421 567 3500 πρεςβυιέρων,
596 3420 679 3503 quod
701 3441 718 3483 e
742 3425 771 3483 B
792 3418 927 3482 accessit
949 3420 1022 3500 post
1043 3419 1177 3500 λόχους,
1208 3440 1272 3482 una

131 3549 206 3591 cum
227 3528 474 3611 interpolatione
491 3529 676 3611 Oservavit,
700 3528 763 3592 nisi
786 3527 869 3611 quod
891 3529 1125 3608 πρεςβυιέρων
1147 3528 1181 3591 in
1196 3549 1271 3607 πρε-

129 3640 318 3717 εβυτέρους
340 3638 486 3702 mutavit.
514 3674 557 3688 -
589 3637 631 3720 Π,
656 3638 713 3702 65:
751 3638 968 3716 διαιρούμενοί
990 3658 1025 3702 τε
1048 3643 1118 3721 διχῇ
1141 3638 1181 3702 τὰ
1202 3637 1272 3717 ἱερὰ

130 3748 184 3810 καί
209 3746 248 3810 τὰ
270 3749 327 3825 μὲν
350 3748 457 3813 αὐτῶν
486 3749 579 3813 κοινὰ
601 3751 772 3813 ποιοῦντες
800 3750 849 3812 καὶ
880 3749 1044 3823 πολιτικὰ,
1076 3748 1116 3810 τὰ
1144 3748 1180 3811 δὲ
1208 3749 1273 3812 καὶ

129 3858 299 3930 ςυχγενικὰ
321 3861 385 3921 κτλ.
429 3856 491 3920 Ριο
518 3856 568 3919 his
595 3857 701 3919 deleta
728 3858 778 3921 καλ
806 3855 965 3940 particula
987 3858 1026 3920 τὰ
1048 3857 1083 3920 δὲ
1107 3857 1272 3932 ςυχγενικὰ

130 3969 201 4028 BP:
237 3965 291 4027 sed
313 3965 445 4050 egregia
469 3965 688 4029 concinnitate
715 3967 754 4030 τὰ
776 3965 914 4030 δείδια
936 3967 996 4029 καὶ
1018 3965 1187 4042 ςυγγενικὰ
1209 3970 1271 4029 Bc.

127 4109 176 4122 -
196 4072 261 4155 ΠΙ,
286 4074 319 4138 7:
358 4075 432 4140 οὔτε
460 4076 542 4160 μάχῃ
572 4077 734 4154 κρατηθεὶς
761 4075 822 4155 ὑφ’
845 4075 935 4154 ὑμῶν
964 4075 1038 4140 οὔτ’
1065 4075 1272 4153 ἐπιςιτιεμοὺς

128 4182 306 4256 εἰςίιγεςθαι
320 4185 525 4263 κωλυόμενος
549 4185 715 4265 [οὔτἐίς
735 4185 857 4263 ἄλλην
879 4183 1272 4267 κατακεκλειςμένος]

130 4289 288 4370 ἀνάγκην
311 4294 481 4372 οὐδεμίαν.
525 4293 626 4358 Vncis
653 4293 777 4357 inclusa
798 4293 858 4357 soli
879 4294 1035 4376 praebent
1057 4299 1120 4377 BC,
1144 4293 1272 4378 ἀνάγκῃ
