3014 5010
223 321 281 385 126
522 338 770 386 coumnnnrvn
795 338 1062 392 nisrvmmouts

217 506 368 574 eupator,
384 515 475 572 qaae
502 500 593 572 tempo
620 501 751 558 counitio
828 495 985 573 Δίδυμος,
1014 496 1171 576 Τρύφων,
1200 497 1362 560 Ἀπολλώ·

218 612 322 670 Certus
339 611 562 683 reprehendit..
587 609 666 667 Nam
683 611 751 669 otim
828 624 912 684 νιος,
927 606 1139 685 Ἡρωδιανὸς,
1161 607 1362 684 Πτολεμαῖος

217 721 307 779 LXX
343 721 457 779 duobus
492 720 588 779 doctis
624 723 696 779 uiris
731 737 751 777 a
828 716 1069 794 Ἀςκαλωνίτης,
1082 717 1132 779 καὶ
1144 716 1174 780 οἱ
1185 717 1362 797 φιλόςοφος

194 832 377 889 ·Pisistruto
399 831 469 897 hiato
484 832 600 902 nepotio
617 846 751 903 praepo
827 826 1031 906 Πορφύριος,
1069 827 1280 905 Πλούταρχος
1312 830 1362 891 καὶ

216 943 280 1000 sitis
302 942 376 999 dicit
397 941 560 999 Homerum
588 942 632 998 ita
654 937 754 1010 faisse
779 956 811 1003 to
828 934 992 1013 Πρόκλος,
1021 935 1066 999 ὡς
1094 938 1143 1000 καὶ
1165 937 1229 1015 πρὸ
1252 937 1361 1001 αὐτῶν

216 1053 426 1126 compositam,
450 1052 503 1124 qai
521 1052 639 1123 quidem
656 1050 750 1109 Zeno·
826 1045 960 1110 πάντων
983 1046 1206 1125 Ἀριςτοτὲλης.

217 1164 281 1221 (toti
312 1169 341 1219 et
369 1161 541 1219 Aristarchi
572 1162 750 1219 indrustriarn
791 1177 793 1182 ’

217 1272 351 1331 omnihus
396 1271 568 1345 praelatam
614 1286 752 1345 correptu-

216 1384 329 1440 hort'nt.
391 1382 476 1450 tluott
506 1388 624 1440 constat
656 1380 753 1452 faisse

213 1492 425 1564 salsissimam,
451 1493 652 1565 quippenam
676 1493 755 1549 inter
779 1494 810 1541 tt>

218 1604 407 1662 Pisistratum
471 1609 500 1661 et
565 1601 750 1659 Zenodotum

213 1714 333 1784 suerint
366 1715 441 1771 antei
471 1728 565 1785 supro
598 1713 750 1780 diremtos,

218 1823 413 1882 Aristarchus
460 1830 557 1880 utitem
608 1827 751 1894 qitattaor

219 1957 268 1993 s*
296 1936 385 1991 annis
420 1935 520 1991 rrirror
551 1932 651 2004 feerit
686 1933 751 2005 ipso

217 2053 245 2102 ut
272 2044 425 2102 Zenodoto
453 2051 544 2116 utque
573 2043 753 2099 Ptolemaeo.
777 2055 810 2102 so

218 2206 258 2254 tt.
284 2205 346 2252 Neon
370 2205 401 2252 ol'
427 2202 547 2251 LXXII.
571 2201 666 2249 tltttrlms
689 2196 748 2249 cod.

218 2299 258 2347 te.
277 2299 402 2345 industria
421 2291 481 2345 cod.
572 2296 610 2345 78.
631 2302 751 2358 quirituor

217 2393 291 2439 tentiis
310 2386 369 2438 coll.

183 2502 199 2547 4
301 2479 375 2543 Nou
413 2485 461 2542 est
497 2485 604 2543 autem
640 2482 765 2544 animus
799 2502 836 2544 eu
869 2481 977 2544 omnia
1011 2480 1115 2544 denuo
1148 2485 1356 2564 pertrectare,
1389 2508 1395 2515 ·

217 2612 349 2672 quornm
377 2590 427 2653 vel
450 2591 566 2653 notitia
594 2592 643 2654 vel
666 2591 818 2654 iudicatio
841 2613 879 2653 ex
901 2591 952 2654 his
974 2590 1168 2675 fragmentis
1190 2613 1273 2655 nexa
1296 2596 1356 2654 est.

218 2701 279 2764 Sed
315 2722 395 2783 quae
424 2700 506 2763 ratio
533 2701 618 2764 inter
650 2706 817 2784 utrumqne
851 2700 1045 2783 intercedat,
1080 2701 1112 2763 id
1141 2701 1358 2784 quaerendmn

218 2833 285 2873 esse
301 2814 428 2893 praeter
445 2816 550 2874 cetera
566 2811 723 2875 videmus:
739 2833 801 2894 quo
816 2810 942 2893 quidem
958 2813 1018 2875 hoe
1034 2811 1128 2874 simul
1143 2811 1356 2894 proficiemus,

217 2925 253 2983 ut
275 2943 346 2984 eum
369 2943 449 3003 quae
471 2921 549 2984 fides
570 2923 613 2985 sit
628 2928 660 2985 et
676 2921 850 2984 auctoritas
865 2920 1029 3004 utriusque
1046 2920 1222 2984 testimonii
1239 2921 1358 2984 ee1tius

217 3032 413 3114 exploretur,
449 3036 518 3094 tum
545 3034 584 3094 de
612 3016 747 3115 singulis
777 3032 966 3114 quibusdum
994 3032 1088 3095 rebus
1116 3030 1233 3094 rectius
1260 3051 1357 3113 quam

217 3143 353 3205 antehae
387 3142 479 3204 licuit
512 3141 720 3204 existimetur.
770 3141 798 3204 Ε
831 3164 892 3224 qno
925 3141 1020 3205 faeile
1057 3141 1133 3204 illud
1168 3139 1356 3223 perspiciam,

217 3252 297 3314 nihil
331 3251 499 3314 admodum
532 3251 606 3314 novi
639 3252 834 3315 reconditive
869 3273 888 3314 a
920 3252 1012 3314 nobis
1046 3255 1267 3334 expromptum
1300 3251 1356 3313 iri:

216 3363 334 3445 quippe
358 3361 492 3424 doctiori
515 3361 724 3443 disputationi
747 3361 963 3424 instituendae
985 3384 1025 3424 ne
1048 3361 1105 3424 etii
1127 3361 1254 3443 quidem
1276 3360 1357 3423 sutis

218 3472 251 3535 in
278 3476 371 3535 tenta
400 3471 577 3534 festinandi
605 3471 796 3534 necessitate
825 3492 1009 3535 eoncessum
1038 3470 1271 3555 intellegimus:
1300 3471 1356 3532 sed

218 3582 262 3643 eis
296 3581 401 3663 potius
431 3581 586 3644 limitibus
619 3603 746 3644 omnem
779 3581 1015 3645 commentandi
1049 3603 1178 3664 opernm
1211 3584 1357 3643 nostram

218 3691 492 3774 circumscriptum
513 3691 567 3770 iri,
593 3695 627 3754 ut
649 3692 806 3774 graduum
828 3692 1026 3774 quorundam
1046 3690 1229 3755 discrimine
1249 3712 1357 3752 rerum

217 3801 426 3882 probabilitas
454 3803 634 3864 definietur.
680 3801 769 3875 Quod
799 3802 857 3864 etsi
886 3802 954 3864 leve
982 3807 1045 3884 est,
1076 3801 1218 3865 animum
1244 3803 1356 3863 temen

218 3909 277 3973 hoe
305 3912 503 3993 consolatur,
532 3911 615 3994 quod
644 3911 685 3973 ab
712 3933 775 3974 uno
798 3911 904 3994 aliquo
932 3911 1103 3994 aliquando
1133 3910 1210 3973 illud
1232 3910 1357 3972 factum

216 4022 366 4103 oportuit.
412 4021 544 4103 Saepius
567 4025 674 4084 autem
701 4043 795 4103 quern
818 4043 891 4085 cum
913 4022 985 4083 aliis
1014 4020 1173 4105 agendum
1199 4020 1292 4082 nobis
1321 4020 1357 4082 in

217 4131 277 4193 hae
310 4153 422 4194 enusse
455 4132 516 4193 erit
550 4154 619 4194 euni
652 4130 876 4214 BernhardyO,
916 4131 1002 4194 euius
1034 4131 1128 4193 docta
1163 4134 1195 4192 et
1228 4129 1357 4192 subtilis

218 4264 350 4303 censure
381 4246 560 4304 nostrarum
589 4242 892 4305 commentationum
922 4241 1040 4323 prodiit
1068 4241 1102 4303 in
1131 4240 1249 4303 Annul.
1283 4241 1355 4303 erit.

222 4351 321 4414 lterol.
339 4376 367 4415 u.
390 4350 615 4432 luitperth
638 4374 667 4432 p.
685 4353 742 4413 snt
763 4374 830 4434 sqq.
868 4352 924 4413 (tui
950 4352 980 4413 in
1006 4351 1193 4433 quibusdam
1209 4350 1355 4426 nimium,
