3014 5010
211 304 285 387 ‘136
523 340 773 387 coaoansruvn
798 339 1064 387 ursevrsrronrs

222 493 295 556 dem
317 498 467 575 apparet,
492 495 532 554 ad
555 496 620 555 tres
642 494 769 556 tantum
784 495 972 575 quattuorve
994 492 1120 555 fabulas
1142 493 1281 575 prioreS,
1304 494 1367 556 nisi

223 604 307 666 forte
330 601 370 666 ad
393 602 493 665 solam
515 600 660 683 Plutum,
692 601 823 665 Ioannis
845 602 981 665 Tzetzae
1002 623 1132 684 operam
1161 603 1366 684 pertinuisse,

222 713 491 796 praemissamque
521 712 562 774 ab
591 711 701 774 eodem
723 711 852 776 scholiis
875 712 909 774 in
931 710 1059 775 Plutum
1088 712 1216 794 scriptis
1241 716 1368 775 brevem

224 822 328 905 poesis
350 843 487 906 graecae
513 821 679 885 historiam
698 844 785 912 esse,
814 843 909 905 quam
932 833 1003 885 cum
1029 821 1064 884 in
1084 821 1235 885 Plautino
1258 822 1368 887 codice

224 931 336 995 doctus
357 930 453 995 homo
468 931 585 1013 ItaluS,
609 935 678 995 tum
699 932 734 996 in
755 932 912 1014 Parisino,
936 931 989 1014 qui
1013 931 1131 995 saeculi
1147 931 1275 996 demum
1290 933 1367 996 XVI

224 1064 293 1105 esse
316 1042 516 1125 perhibetur,
540 1041 681 1105 Graecus
704 1044 775 1121 περὶ
797 1043 963 1124 κωμῳδία(
985 1042 1123 1125 scriptor
1149 1044 1319 1126 excerpsit.

309 1150 391 1226 Quid
413 1151 537 1236 igItur‘l
559 1152 689 1215 nullane
709 1151 970 1235 impeditissimas
991 1152 1114 1217 scilicet
1129 1153 1267 1232 ἀπορία(
1283 1154 1369 1218 Ibo(

225 1266 339 1345 parata
362 1261 434 1324 cst?
477 1259 596 1324 Parata
624 1265 673 1324 est
700 1283 792 1343 vero,
823 1264 917 1344 atque
945 1263 1010 1325 iam
1032 1285 1052 1326 a
1073 1263 1240 1328 Dindorfio
1269 1263 1368 1347 sigui-

225 1372 337 1454 ficata,
368 1372 421 1455 qui
452 1369 598 1433 Addend.
629 1392 661 1454 p.
691 1372 754 1435 394
782 1392 872 1450 quum
901 1379 1070 1452 opinionem
1100 1375 1204 1457 inquit
1229 1379 1370 1452 praviter

226 1489 281 1547 boc
308 1490 374 1546 loco
397 1486 593 1560 reprehendit
619 1484 746 1559 Tretza,
777 1503 845 1545 enm
873 1489 937 1561 ipse
958 1489 1093 1562 requirar
1121 1491 1152 1548 in
1175 1489 1311 1562 Exepesi
1337 1491 1368 1547 in

226 1598 369 1670 Iliadem,
394 1597 507 1672 prius
537 1603 569 1654 ui
596 1598 715 1655 videtur
740 1598 896 1671 scripio.
943 1591 1045 1667 Quam
1073 1594 1268 1656 sententiam
1298 1615 1371 1657 cum

225 1704 413 1786 probamus,
437 1701 583 1765 nolumus
605 1701 637 1764 id
659 1701 747 1784 sequi
769 1701 875 1784 putari
897 1701 1057 1785 cupidius,
1082 1703 1164 1786 quod
1187 1704 1371 1786 generatim

225 1812 453 1876 ratiocinemur
485 1811 554 1874 fieri
587 1811 742 1893 potuisse,
778 1810 833 1874 sed
861 1833 932 1874 eam
961 1812 1177 1876 coniecturam
1206 1813 1370 1896 amplecti,

225 1945 306 2006 spirae
335 1945 352 1985 e
381 1922 521 1985 moribus
550 1924 583 1984 et
616 1920 845 1984 consuetudine
878 1921 978 2004 ipsius
1011 1922 1147 1986 Tzetzae
1179 1923 1282 2006 petita
1316 1923 1370 1986 sit.

227 2033 371 2116 [ongum
388 2035 436 2095 est
458 2035 491 2095 et
513 2031 697 2111 molestum,
722 2053 760 2094 ex
784 2030 898 2113 amplis
921 2031 955 2093 in
971 2030 1156 2115 Homerum,
1180 2032 1371 2114 Hesiodum,

225 2141 468 2226 Lycophroncrn
489 2141 727 2206 commentariis
748 2139 1024 2224 Historiarumque
1046 2141 1237 2206 chiliadibus
1265 2165 1372 2207 exem-

225 2252 279 2336 pla
313 2252 499 2336 conquirere
535 2251 700 2334 scriptoris
737 2250 797 2315 sibi
835 2251 895 2333 ipsi
934 2251 1198 2316 contradicentis:
1235 2274 1299 2335 quo
1337 2254 1374 2317 in

225 2384 343 2445 genere
372 2361 468 2424 (lubia
496 2364 586 2442 sunt,
616 2382 696 2444 quae
725 2359 895 2424 Muellerus
918 2361 1043 2424 notavit
1072 2363 1173 2446 praef.
1208 2361 1370 2446 Lycophr.

226 2495 257 2554 p.
283 2470 369 2534 XLI:
398 2471 432 2533 in
455 2471 500 2533 eis
522 2471 650 2553 seriptis
672 2470 864 2553 ineptissimi
886 2469 1024 2534 hominis
1048 2471 1264 2554 subsistimus,
1289 2495 1374 2557 quae

177 2601 208 2649 lo
226 2581 291 2645 suis
320 2581 418 2663 ipsius
447 2580 575 2644 scholiis
605 2580 821 2644 collustrando
844 2580 979 2662 putavit.
1025 2580 1069 2644 ut
1096 2581 1131 2644 in
1152 2580 1375 2646 Historiarum

227 2691 354 2774 quidem
377 2689 506 2754 scholiis
535 2712 601 2754 non
629 2711 702 2753 raro
725 2712 846 2754 errores
870 2691 986 2774 corrigi
1014 2691 1049 2755 in
1076 2690 1228 2755 historico
1251 2713 1374 2776 genere

170 2795 174 2804 ’
228 2802 410 2864 commissos
433 2800 497 2864 iam
520 2800 708 2863 Duebnerus
730 2800 855 2864 monuit
876 2799 957 2863 Mus.
982 2800 1087 2864 Rhen.
1111 2800 1158 2864 IV
1180 2824 1211 2884 p.
1231 2802 1262 2865 2.
1302 2803 1373 2877 Quo

227 2911 391 2994 pertinent
413 2910 451 2973 de
474 2911 588 2974 Africa
605 2909 686 2975 Chil.
704 2911 730 2991 I,
755 2910 817 2974 702
837 2913 966 2991 notata,
991 2910 1029 2973 de
1045 2910 1216 2994 Aegyptiis
1232 2910 1293 2994 ΙΙΙ,
1317 2913 1371 2994 83,

226 3020 265 3083 de
292 3020 458 3102 Euphrate
485 3021 563 3102 431,
598 3019 637 3082 de
667 3019 833 3083 Hadriano
861 3021 940 3100 871,
972 3024 1099 3103 praeter
1127 3023 1233 3084 cetera
1263 3025 1373 3085 autern

227 3129 307 3193 haec
335 3129 399 3211 IH,
433 3130 492 3193 186
521 3131 668 3208 ἐπείεθην
695 3134 764 3195 τοί(
792 3129 940 3195 brutum<
969 3134 1113 3209 ληροῦα,
1142 3133 1175 3193 et
1197 3129 1277 3212 XII,
1308 3133 1371 3195 341

227 3244 377 3319 ληροῡ(ιν
405 3239 453 3304 οἶ(
480 3239 626 3318 ἐπεί(θην
654 3241 689 3304 ἐν
719 3240 845 3305 τούτοι(
872 3262 898 3303 e.
929 3262 959 3323 q.
989 3263 1013 3302 s.
1060 3239 1179 3314 Quibus
1207 3240 1373 3303 simillima

227 3353 302 3413 sunt
330 3349 445 3412 iambis
474 3350 545 3429 περὶ
574 3353 732 3432 διαφορᾶ(
763 3354 906 3429 ποιητῶν
929 3349 1091 3432 adscripta
1115 3349 1210 3432 (Mus.
1236 3349 1299 3413 Ith.
1325 3349 1373 3413 IV

228 3483 259 3543 p.
283 3460 363 3541 396,
388 3459 492 3524 Cram.
518 3458 640 3523 Anecd.
665 3460 725 3523 Ox.
750 3459 798 3523 III
820 3482 852 3542 p.
876 3461 969 3544 337):
999 3464 1096 3525 τοῦτο
1125 3459 1221 3526 εἷπον
1250 3460 1373 3540 ἠπατη-

148 3564 151 3569 ’
228 3571 324 3648 μένο(
361 3573 429 3635 roi(
464 3570 687 3648 ἐξηγουμένοι(
720 3570 888 3649 Εὐριπίδην
922 3571 972 3634 καί
1003 3570 1171 3650 (οφοκλέα
1207 3570 1372 3650 γράψααν

229 3680 315 3744 οὕτω
338 3702 365 3742 e.
390 3703 419 3762 q.
444 3703 469 3742 s
515 3677 598 3742 Nolo
622 3678 734 3741 afferre
758 3680 858 3762 plura.
904 3679 986 3752 Quid
1014 3683 1135 3760 autem,
1165 3701 1301 3762 quaeso,
1331 3682 1376 3743 ab

229 3789 279 3850 his
301 3787 407 3850 differt
429 3788 522 3871 illud,
546 3789 646 3872 quod,
674 3810 754 3871 quae
776 3788 815 3851 de
838 3787 958 3852 LXXII
980 3788 1200 3872 grammaticis
1223 3788 1375 3853 Pisistra-

228 3898 315 3981 tique
339 3919 410 3960 cum
425 3897 587 3962 Zenodoto
610 3902 642 3962 et
658 3897 846 3962 Aristarcho
866 3899 1026 3962 consortio
1048 3899 1082 3961 irr
1098 3898 1237 3983 Exegesi
1260 3899 1376 3964 Iliadis

229 4007 406 4071 tradiderat
420 4008 571 4091 deceptus
587 4007 751 4073 Heliodori
766 4007 959 4090 testimonio,
976 4012 1087 4092 postea
1102 4009 1227 4072 veriora
1243 4009 1377 4074 aliunde

230 4117 359 4179 edoctus
382 4118 519 4181 correxit
541 4119 575 4181 in
598 4119 838 4204 Prolegomenis
853 4117 1125 4201 Aristophaneis‘i
1162 4119 1270 4201 Atque
1294 4119 1378 4184 adeo

231 4225 291 4289 hoc
313 4226 346 4288 in
362 4225 568 4292 Tactziauum
591 4229 757 4313 ingenium
774 4228 922 4293 convenit
938 4230 973 4290 ut
996 4228 1079 4311 quod
1102 4227 1250 4309 maxime,
1276 4231 1376 4313 quod,

231 4358 293 4418 quo
320 4337 459 4400 securius
486 4339 561 4401 olim
585 4339 790 4404 Heliodorum
812 4342 937 4402 secutus
960 4341 1046 4420 erat,
1076 4360 1112 4401 eo
1139 4359 1227 4401 nunc
1254 4338 1378 4422 impor-
