2896 4996
239 333 302 396 010
622 347 668 394 ou
693 345 761 393 oso
785 346 829 392 ur
852 346 993 393 emona.

240 501 356 581 Ὠρίων
380 501 399 565 6
422 502 572 580 Θηβαῑοε,
596 520 690 582 quam
713 499 747 561 in
761 499 861 578 Ὠροε
882 498 901 562 ὁ
926 499 1079 576 Μιλήειοε
1100 498 1219 560 mutari
1240 498 1344 577 Ὠροε
1366 499 1384 562 6

240 613 378 691 Θηβαῑοε
407 610 520 692 verba,
554 630 647 692 quern
681 607 719 670 ad
754 607 881 671 modum
914 608 1030 687 Ὠρίων
1063 607 1082 671 ὁ
1111 609 1254 688 Θηβαῑο(
1289 609 1385 671 etiam

240 744 271 804 p.
298 721 368 803 108,
391 720 434 784 40
462 720 596 803 legitur,
626 720 659 782 et
680 742 711 801 p.
738 719 793 800 12,
817 719 857 782 31
881 718 999 798 Ὠρίων
1029 718 1048 782 6
1075 719 1290 797 έωμολόγοεε
1320 739 1385 782 sae-

240 831 312 914 pius
340 830 425 894 enim
453 829 632 893 accuratior
661 828 789 892 Orionis
818 827 962 891 definitio
990 828 1147 911 quaedam
1174 850 1240 891 non
1270 828 1384 911 reperi·

239 944 303 1003 tur.
354 941 453 1024 Atqui
488 942 639 1023 quattuor
670 939 746 1002 illae
773 960 866 1002 voces
898 939 939 1001 ab
967 938 1095 1002 Orionis
1124 938 1227 1002 lexico
1256 938 1382 1001 absunt.

240 1050 302 1133 Vt,
336 1051 410 1133 quid
445 1049 569 1113 consilii
602 1070 765 1131 caperem,
804 1047 1032 1131 propemodum
1066 1048 1287 1131 desperarem,
1325 1048 1383 1110 nisi

240 1160 455 1243 prosperrimo
493 1182 568 1223 casu
604 1160 730 1222 illarum
766 1158 896 1222 tertiam
934 1159 1070 1243 (reterri)
1108 1158 1207 1221 etiam
1244 1157 1383 1221 Zonaras

241 1293 273 1353 p.
300 1271 381 1333 1718
403 1273 545 1351 teneret,
574 1291 702 1352 prorsus
731 1269 857 1352 quidem
880 1290 1055 1352 congruam
1082 1273 1212 1351 praeter
1233 1269 1382 1350 importu-

240 1402 318 1442 num
341 1382 482 1461 Θηβαῖοί
503 1401 636 1457 nomen,
665 1400 723 1462 pro
751 1400 812 1462 quo
834 1378 953 1462 liquido
975 1379 1145 1462 scriptum,
1176 1378 1263 1461 quod
1284 1379 1382 1460 ipsum

242 1490 489 1572 exoptabamus,
522 1490 681 1567 Μιλήειοε.
726 1488 844 1563 Quodsi
872 1489 913 1552 ab
941 1510 978 1553 ea
1000 1510 1092 1569 voce,
1121 1509 1218 1571 quam
1241 1509 1319 1551 sane
1339 1488 1381 1550 ni·

243 1600 289 1662 hil
312 1600 481 1683 impediret
502 1600 669 1683 quominus
692 1600 832 1682 potuisse
855 1599 983 1665 Orionis
1006 1620 1073 1662 esse
1096 1601 1299 1682 putaremus,
1321 1620 1379 1661 cer·

240 1710 363 1773 tissimo
392 1710 575 1773 testimonio
602 1708 791 1773 Thebanum
819 1710 1008 1773 removimus
1042 1708 1190 1794 (mirifice
1220 1709 1309 1772 enim
1333 1707 1379 1770 Pi·

241 1820 324 1884 nedo
345 1820 468 1884 fallitur
489 1820 523 1882 in
546 1818 656 1903 Steph.
681 1818 759 1902 Byz.
783 1843 815 1903 p.
839 1819 902 1883 694
916 1821 963 1903 6):
986 1842 1063 1883 num
1085 1818 1222 1882 eundem
1246 1839 1376 1881 errorem

240 1930 455 1996 dubitabimus
477 1930 512 1992 in
534 1930 672 2013 reliquas
696 1929 773 1992 duas
802 1930 993 2012 transferre,
1025 1927 1377 2013 ethnioographum

242 2045 404 2104 auctorem
431 2043 543 2123 suapte
571 2044 688 2103 natura
709 2040 920 2103 testificantes
949 2042 981 2102 et
1009 2039 1099 2122 quasi
1123 2036 1377 2103 conclamantes?

242 2150 331 2213 Nihil
360 2151 460 2235 igitur
489 2172 547 2213 nos
575 2150 767 2232 morabitur,
796 2149 878 2233 quod
907 2171 1005 2212 unum
1033 2149 1216 2233 refragatur
1244 2149 1377 2213 Zonaras

243 2261 440 2343 exemplum,
464 2260 568 2344 magis
591 2261 688 2324 etiam
711 2260 789 2322 illud
804 2260 1022 2343 suspitiosum,
1046 2259 1128 2343 quod
1152 2282 1225 2322 cum
1248 2261 1377 2339 θηβαῑο(

241 2392 359 2434 nomen
381 2393 445 2433 uno
468 2370 528 2433 hoc
551 2370 620 2433 loeo
643 2371 678 2433 in
700 2369 844 2433 Zonarac
866 2370 968 2434 lexico
991 2373 1111 2451 exstat,
1139 2374 1209 2433 tum
1238 2370 1307 2452 ipsa
1327 2389 1375 2447 μα-

242 2483 411 2563 νόφυλλον
440 2503 499 2544 vox
523 2502 582 2544 nee
611 2481 646 2543 in
676 2480 867 2564 reliquorum
894 2480 959 2543 ullo
981 2479 1277 2564 Etymologioorum
1303 2477 1375 2541 redit

244 2594 276 2655 et
306 2590 449 2654 Zonarae
479 2590 578 2673 ipsius
607 2612 671 2654 uno
699 2590 872 2654 Dresdensi
900 2590 1007 2654 codiee
1040 2590 1167 2673 prodita
1201 2595 1260 2653 est.
1304 2587 1374 2662 Qua-

212 2770 219 2781 ,
243 2705 373 2785 propter
395 2701 445 2764 his
468 2704 553 2764 certe
576 2700 687 2783 paucis
714 2701 867 2783 exemplis
894 2701 1003 2764 neseio
1031 2723 1073 2763 an
1100 2722 1167 2763 non
1189 2699 1311 2763 librarii
1332 2698 1373 2759 lit·

153 2867 155 2871 .
242 2818 384 2900 terarum
405 2813 523 2875 formas
546 2812 645 2891 Ὧροε
668 2815 700 2874 et
722 2811 837 2892 Ὠρίων
860 2811 1089 2894 permutarint,
1117 2811 1172 2873 sed
1196 2811 1259 2893 ipsi
1280 2829 1373 2893 grum·

244 2923 354 2985 matici
369 2923 468 2986 Orum
489 2925 522 2985 et
537 2922 689 2986 Orionem
709 2923 947 3006 grammaticos.
982 2924 1089 3004 Atque
1109 2921 1194 2983 idem
1216 2917 1373 2983 caderein

192 3043 224 3090 27
244 3034 432 3116 scriptorem
448 3032 680 3096 [bislinianum
700 3053 830 3095 necesse
851 3036 899 3094 est
914 3032 970 3111 §4
991 3033 1213 3112 memoratum,
1239 3031 1279 3094 ab
1299 3028 1373 3092 illius

242 3143 327 3206 modi
343 3143 479 3205 fortasse
498 3124 668 3225 exemplis,
686 3143 793 3227 qualia
811 3142 904 3204 huius
922 3146 941 3222 ξ
958 3141 1051 3204 initio
1065 3142 1156 3223 posui
1165 3191 1174 3222 ,
1193 3141 1371 3224 profectum.

328 3253 511 3318 Sedunum
539 3253 719 3335 exemplum
747 3258 810 3334 est,
839 3252 874 3315 in
902 3251 985 3335 quod
1012 3273 1053 3314 ne
1082 3251 1161 3313 haec
1184 3251 1311 3333 quidem
1331 3270 1372 3311 ae·

244 3364 437 3428 commodari
460 3363 622 3426 excusatio
645 3366 765 3446 potest,
795 3361 903 3445 Etym.
927 3361 970 3424 M.
996 3384 1027 3444 p.
1052 3361 1129 3443 724,
1154 3362 1190 3424 4:
1222 3362 1372 3433 (πιλάδεε,

244 3476 274 3538 αἱ
297 3476 417 3554 ὕφαλοι
440 3476 568 3553 πέτραι,
597 3474 668 3538 οἷον
699 3475 899 3538 ἀποεπάδεε·
929 3474 948 3551 ἢ
976 3471 1026 3536 ὅτι
1052 3471 1235 3551 μελαίνεται
1256 3473 1293 3536 τὸ
1314 3469 1374 3533 κατ’

244 3586 341 3649 αὐτὰ(
363 3586 477 3664 μέρος,
508 3585 607 3666 [παρὰ
634 3585 671 3647 τὸ
693 3587 820 3660 cultor,
849 3584 868 3647 6
892 3582 1031 3661 πημαίνει
1057 3583 1114 3646 τὸν
1138 3583 1246 3659 ῥύπον
1268 3580 1375 3644 addae

245 3694 326 3756 Gud.
356 3694 435 3776 509,
465 3693 515 3781 2l,
546 3697 565 3773 ἢ
594 3693 670 3776 [ὅτι]
698 3696 934 3772 επηλυγγιίιδειε
968 3692 1041 3757 εἰιὶν
1071 3693 1102 3755 ul
1136 3696 1243 3757 κοῖλαι
1266 3694 1375 3770 πέτραι4

244 3806 331 3883 παρὰ
353 3807 389 3867 τὸ
419 3805 527 3869 επέοε.
573 3803 676 3868 οὕτω(
705 3804 828 3883 Ὠρίων.
873 3804 892 3866 6
920 3805 955 3867 δὲ
977 3802 1094 3882 Ὠροε,
1123 3804 1214 3881 παρὰ
1242 3805 1281 3868 τὸ
1303 3800 1377 3866 λεπί-

244 3920 347 3979 Ζεεθαι
370 3915 434 3977 ὑπὸ
457 3919 524 3978 τῶν
547 3916 695 3993 κυμάτων
717 3919 773 3992 τῆ(
796 3913 967 3992 Θαλάεεηε,
995 3913 1094 3977 οἱονεί
1116 3913 1207 3976 λεπίε
1231 3934 1278 3977 τι(
1301 3912 1378 3977 otro.

243 4024 385 4097 Ouocrmr
409 4024 631 4088 contendenda
653 4028 729 4087 sunt
751 4045 831 4108 quae
854 4046 886 4105 p.
903 4023 976 4104 683,
993 4023 1035 4086 35
1055 4020 1234 4086 traduntur
1256 4025 1296 4086 de
1312 4025 1380 4102 πόρ·

243 4156 298 4211 κηε
332 4158 424 4198 voce:
458 4137 546 4215 παρὰ
578 4137 616 4199 τὸ
644 4137 816 4214 περιέχειν·
850 4133 955 4197 οὕτω(
984 4132 1090 4211 Ὠροε.
1141 4133 1160 4195 6
1192 4136 1230 4198 δὲ
1262 4135 1381 4214 Ὠρίων,

243 4242 309 4306 ἀπὸ
331 4249 389 4307 τοῦ
412 4247 521 4323 πείρω.
566 4245 661 4327 Apud
684 4245 836 4309 Orionem
864 4244 943 4305 haec
970 4245 1099 4304 tantum
1126 4243 1237 4323 posita
1261 4269 1293 4328 p.
1321 4244 1383 4320 125,

243 4353 299 4415 31:
329 4353 465 4433 πόρκηε,
489 4355 507 4417 6
530 4357 711 4432 δακτύλιος,
740 4357 828 4434 παρὰ
854 4356 892 4418 τὸ
914 4352 1081 4432 περιέχειν.
1125 4351 1305 4439 Quocirca,
1329 4353 1385 4417 nisi
