2904 4996
219 357 279 419 728
613 360 772 420 sonuum
796 373 967 420 culmem.

301 525 362 589 uec
386 525 425 587 ad
450 525 663 589 Hesiodum
686 534 837 589 revertor.
872 526 922 589 Ad
947 527 1035 590 cuius
1060 528 1158 592 verba
1180 551 1266 613 nego
1289 553 1360 594 ean·

216 635 288 698 dom
319 657 411 718 posse
440 635 589 719 loquendi
619 636 777 699 rationem
806 636 1055 719 accommodari,
1086 637 1162 721 quia
1191 644 1224 702 et
1252 662 1360 723 prono

216 745 302 808 mine
326 746 530 810 abundanter
551 746 656 830 posito
685 750 717 809 et
744 748 779 812 δέ
807 746 966 830 particula
994 748 1113 811 iterata
1136 749 1272 814 nimium
1295 774 1361 815 coa·

166 877 200 922 33
220 862 390 921 cervantur
418 856 567 940 loquendi
595 856 718 919 formae
746 853 979 921 insolentiores
1026 857 1201 923 Praeterea
1231 864 1266 927 δέ
1288 863 1361 926 illud

217 991 277 1034 nec
301 968 382 1032 solet
404 967 468 1030 nisi
490 966 636 1051 longiore
658 967 780 1030 inserta
807 968 976 1032 verborum
1000 969 1287 1052 comprehensione
1309 973 1362 1036 ite-

217 1081 280 1142 rari
304 1077 401 1163 (quod
430 1079 497 1140 fere
525 1077 563 1140 fit
591 1077 830 1159 perspicuitatis
853 1079 980 1164 caussa)
1008 1083 1041 1142 ct
1070 1079 1112 1142 ab
1141 1079 1363 1147 Hesiodiorom

216 1190 384 1253 verborum
406 1189 643 1251 constructione
660 1187 890 1251 alienissimum
912 1191 961 1252 cat
982 1192 1114 1273 propter
1137 1213 1297 1256 summam
1319 1196 1363 1258 in·

217 1298 391 1383 tcllegendi
415 1298 669 1382 ambiguitatem.
715 1298 873 1373 Quoniam
896 1299 981 1362 enim
1003 1300 1112 1383 paullo
1140 1306 1241 1367 antea
1263 1306 1364 1387 posita

218 1415 293 1473 scirit
315 1409 427 1472 verba:
463 1410 624 1489 προτέρην
646 1412 704 1488 μέν
726 1410 871 1486 ἐγείνατο
896 1411 959 1476 Νὺξ
981 1411 1146 1491 ἐρεβεννή,
1169 1435 1239 1477 non
1260 1419 1365 1497 potest

218 1513 299 1604 quae
323 1519 527 1603 consequitur
549 1520 744 1602 enuntiati0,
775 1520 899 1584 adnexa
922 1542 979 1604 per
1001 1523 1036 1585 δέ
1058 1523 1272 1607 particulam,
1302 1548 1363 1589 non

218 1630 331 1693 referri
355 1629 568 1693 construendo
591 1629 631 1692 ad
651 1630 831 1713 proximum
852 1630 930 1693 illud
952 1632 1026 1710 μένῑ
1049 1630 1096 1693 ita
1119 1624 1155 1695 ut
1177 1655 1263 1698 unus
1286 1636 1364 1719 quis-

218 1762 295 1824 que,
324 1740 376 1824 qui
405 1740 544 1823 primum
572 1740 661 1824 legat
688 1740 738 1804 vel
761 1739 872 1803 audiat
899 1739 997 1804 haece
1027 1741 1183 1805 orationis
1206 1746 1364 1809 membra:

219 1852 380 1931 προτέρην
402 1854 459 1931 μέν
483 1851 628 1927 ἐγείνατο
655 1853 718 1917 Νὺξ
741 1851 903 1930 ἐρεβεννή,
926 1855 1000 1929 θῆκε
1023 1853 1058 1917 δέ
1081 1873 1133 1932 μιν
1148 1892 1202 1935 -,
1229 1876 1267 1918 ea
1289 1856 1364 1920 invi-

221 1984 289 2024 cem
312 1960 459 2045 0pposita
482 1982 550 2024 esse
573 1961 633 2024 sibi
656 1961 818 2025 informet.
849 1961 962 2045 Itaque
978 1961 1017 2025 ad
1039 1984 1136 2045 quam
1160 1968 1364 2030 construendi

218 2071 459 2156 simplicitatem
481 2072 622 2135 naturali
646 2072 782 2156 quodam
806 2073 905 2135 animi
928 2072 1086 2136 instinctu
1108 2073 1273 2159 ducimur,
1299 2101 1365 2141 cam
1445 2060 1449 2072 ¹

218 2206 283 2246 non
307 2185 356 2245 est
379 2181 529 2245 credibile
553 2205 571 2244 a
595 2182 733 2265 sapienti
762 2183 922 2266 scriptore*
946 2183 1160 2247 disturbatam
1190 2209 1272 2251 csse.
1320 2188 1364 2251 Dc

219 2293 348 2377 reliquis
372 2296 479 2355 autem
503 2293 548 2355 sic
572 2296 677 2355 statuo
685 2343 693 2375 ,
717 2297 752 2356 ut
775 2316 839 2356 una
862 2293 1003 2356 litterula
1031 2293 1162 2376 dempta
1194 2292 1365 2373 cademque

220 2403 282 2467 alio
305 2406 340 2467 in
363 2403 432 2466 loco
454 2404 604 2466 restituta
633 2403 679 2466 sic
702 2403 852 2466 mondum
877 2425 972 2467 coner
994 2404 1197 2486 abstergere:

282 2564 350 2636 τῆ(
374 2559 406 2621 δ’
429 2558 547 2636 ἑτέρη
567 2595 608 2605 -
631 2558 791 2637 προτέρην
815 2560 871 2636 μὲν
895 2559 1039 2634 ἐγείνατο
1063 2558 1127 2622 Νὺξ
1151 2557 1319 2637 ἐρεβεννή,

285 2673 360 2746 θῆκε
382 2670 418 2733 δέ
441 2690 493 2747 μιν
518 2669 670 2748 Κρονίδη(
693 2668 862 2746 ὑψίζυγο(,
887 2669 985 2747 αἰθέρι
1006 2668 1118 2742 ναίων,

284 2778 374 2857 γαίη(
397 2780 429 2842 τ’
452 2779 487 2843 ἐν
511 2779 608 2863 ρίῑηα
630 2780 680 2842 καὶ
703 2778 833 2857 acopon
854 2817 896 2825 —
919 2779 1044 2843 πολλὸν
1068 2778 1249 2856 ἀμείνων

221 2930 390 2994 subaudita
427 2932 489 2996 έετί
522 2952 608 2994 νοοο.
654 2931 705 2994 lta
733 2953 807 2994 vero
835 2930 873 2993 de
902 2931 1008 2994 Eridis
1042 2930 1169 3015 origine
1205 2935 1368 2997 consentit

221 3041 427 3125 Tlicogoniac
457 3045 568 3105 auctor
596 3064 626 3104 ν.
650 3041 731 3105 225:
769 3043 819 3105 καὶ
841 3042 927 3121 Ἔριν
956 3043 1025 3107 τέκε
1047 3043 1294 3122 καρτερόθυμον
1316 3069 1370 3123 -·,

151 3176 158 3192 ·
221 3175 301 3232 ‹piae
326 3156 373 3215 est
396 3152 450 3214 illa
474 3153 666 3231 ἐπιμωμητή,
690 3152 829 3231 (χετλίη,
858 3152 1000 3230 πόλεμόν
1023 3172 1056 3216 τε
1079 3154 1180 3219 κακὸν
1206 3156 1260 3219 καὶ
1282 3161 1370 3234 δῆριν

222 3264 423 3344 ὀφέλλουεα,
448 3286 545 3346 quac,
575 3285 639 3326 una
662 3284 732 3326 cum
755 3262 984 3325 horrendorum
1007 3261 1138 3325 deorum
1160 3265 1371 3328 multitudine

221 3373 323 3435 Nocte
352 3373 453 3456 edita,
487 3373 623 3436 similem
650 3373 831 3436 divinorum
859 3373 1025 3436 numinum
1053 3373 1145 3456 quasi
1174 3373 1306 3439 faecem
1337 3399 1373 3439 ae

221 3482 382 3546 sentinam
404 3484 547 3568 peperit,
571 3484 702 3561 Πόνον,
727 3485 842 3564 Λιμόν,
873 3483 1009 3560 Ἄλγεα,
1033 3485 1203 3566 Ὑομίναε,
1237 3490 1272 3549 et
1294 3509 1373 3570 (puae

221 3593 343 3676 reliqua
372 3599 600 3657 cmnucrantur
622 3593 828 3678 'l'hcogoniac
851 3617 879 3656 v.
904 3593 1082 3657 aro-232.
1129 3593 1218 3658 Earn
1242 3596 1373 3660 Eiidem

222 3726 293 3767 cum
315 3704 460 3787 luppiter
489 3704 605 3767 dicitur
632 3704 773 3787 posuisse
799 3705 835 3769 έν
863 3725 897 3768 τε
925 3705 1015 3782 γαίη(
1044 3703 1143 3787 ῥίζῃα
1171 3707 1226 3771 καὶ
1256 3707 1374 3788 ἀνδρά-

221 3835 283 3891 (ιν,
313 3815 409 3897 plane
439 3815 470 3878 id
500 3818 648 3898 congruit
676 3815 710 3877 in
739 3814 815 3878 Orci
844 3813 1090 3896 descriptionem
1113 3812 1262 3898 Vergilii
1291 3819 1373 3881 Aen.

220 3924 277 4007 Vl,
301 3926 379 3989 285:

827 4040 990 4100 Discordia
1013 4040 1140 4098 demens

424 4144 590 4220 Vipcrcum
613 4146 728 4202 crincm
750 4145 834 4202 vittis
857 4144 970 4201 inncxu
993 4141 1137 4201 cruentis.

221 4280 304 4343 Nam
328 4282 432 4346 verbis
454 4283 544 4361 γαίη(
568 4283 648 4362 ῥίζαι
664 4283 834 4346 Tartarum
850 4279 1026 4366 significari
1043 4287 1178 4364 apparet
1205 4304 1246 4347 ex
1271 4285 1373 4348 Theo-

220 4391 336 4474 goniac
353 4415 382 4455 v.
405 4392 583 4473 rau—739,
607 4394 659 4477 qui
684 4393 785 4459 cidem
802 4393 952 4476 leguntur
967 4391 1152 4456 adl—810:
1175 4395 1372 4476 quibuscum
