2896 4996
474 300 522 346 na
545 301 615 347 ono
638 301 682 347 nr
705 301 846 347 amous.
1169 283 1231 347 591

92 451 324 536 panegyricum
353 452 388 515 in
410 450 612 516 Hadrianum
639 475 705 516 non
733 473 800 515 esse
823 452 885 515 nisi
909 451 960 515 vel
982 453 1153 535 superstite
1176 452 1233 514 im-

94 566 242 646 peratore
274 562 324 625 vel
357 584 460 646 nuper
492 562 618 626 demum
651 562 803 626 defuncto
837 562 1047 645 compositum
1080 578 1130 625 res
1162 563 1233 645 ipsa

92 673 239 736 evincere
260 673 324 735 iam
349 672 500 736 Passovio
522 673 591 736 visa
614 675 672 735 est.
713 671 803 746 Quod
825 693 891 735 non
915 672 1069 755 cogitarit
1091 672 1145 755 qni
1168 694 1233 734 non

91 782 253 846 diversum
275 783 316 846 ab
339 782 493 847 Thebano
516 782 770 846 Alexandrinum
798 782 990 865 magistrum
1012 782 1234 865 pronuntiavit

91 893 281 957 Lambecius
297 893 318 955 l.
337 915 364 957 c.
395 893 498 956 Maior
521 895 628 956 autem
650 895 730 956 natu
753 892 830 956 Orio
852 914 930 955 num
952 892 987 955 in
1010 892 1233 956 concinnando

92 1003 291 1085 Anthologio
323 1025 414 1066 suam
446 1003 524 1066 item
560 1025 689 1086 operam
724 1002 904 1084 collocarit,
941 1002 1138 1067 confidenter
1174 1024 1233 1066 nec

91 1135 213 1197 negare
241 1113 316 1176 licet
343 1135 403 1177 nec
433 1112 604 1176 affirmare.
650 1113 848 1197 Quamquam
871 1112 987 1177 Suidae
1010 1134 1120 1196 parem
1141 1113 1233 1197 igno·

91 1224 218 1287 rantiae
239 1223 481 1308 neglegentiam
503 1224 556 1307 qui
579 1224 657 1287 satis
679 1247 739 1289 usu
761 1223 925 1308 cognorit,
955 1223 994 1287 ad
1022 1223 1233 1287 dubitandum

91 1356 189 1417 quam
211 1333 250 1396 ad
274 1333 466 1397 credendum
492 1333 590 1398 fuerit
618 1335 770 1418 paratior.
816 1334 925 1399 Veluti
956 1355 1088 1417 pravam
1121 1355 1232 1397 earun-

92 1444 165 1508 dem
193 1466 299 1507 rerum
328 1444 549 1527 iterationem,
578 1448 682 1509 ortam
709 1467 780 1509 eam
803 1467 842 1509 ex
864 1444 1029 1509 nominum
1051 1445 1101 1508 vel
1123 1444 1267 1508 simili-9

92 1554 204 1618 tudine
226 1554 277 1618 vel
300 1555 510 1638 aequalitate,
541 1577 612 1618 cunr
634 1555 688 1619 alii
710 1577 805 1640 saepe
828 1554 944 1621 Suidae
971 1556 1095 1640 pridem
1123 1576 1233 1638 expro
1359 1620 1362 1627 ,

93 1664 230 1746 brarint,
254 1667 322 1729 tum
344 1687 427 1728 novo
449 1666 594 1748 exemplo
610 1666 746 1749 quodam
761 1688 862 1751 nuper
877 1666 1053 1730 declaravit
1072 1665 1233 1730 Gustamis

91 1774 309 1859 Kiesslingius
336 1797 425 1839 meus
453 1775 581 1850 Quaest.
612 1777 713 1840 Attio.
742 1798 827 1860 spec.
857 1800 888 1861 p.
918 1777 970 1841 26.
1019 1776 1133 1860 Itaque
1165 1776 1233 1839 sola

91 1889 195 1949 restat
223 1887 371 1952 Ἀττικῶν
398 1887 516 1953 λέξεων
546 1888 724 1965 ευναγωγή.
769 1886 865 1952 Cuius
899 1909 970 1951 oum
996 1909 1037 1950 ne
1065 1886 1234 1950 minimum

91 1995 221 2080 quidem
235 1996 271 2059 in
285 1999 355 2059 tota
376 1997 569 2080 antiquitate
585 1998 756 2082 vestigium
771 1998 917 2080 supersit,
942 1998 1145 2081 consequitur
1166 2018 1232 2060 non

92 2127 162 2170 esse
179 2106 308 2171 Orionis
324 2107 536 2170 Alexandrini
551 2108 601 2171 vel
623 2107 658 2171 in
679 2111 791 2170 nostra
813 2106 918 2171 studia
940 2108 990 2171 vel
1013 2108 1048 2171 in
1063 2107 1232 2171 historiam

38 2196 40 2201 i
92 2217 172 2279 artis
195 2217 426 2300 grammaticae
448 2217 548 2280 ullum
571 2221 779 2281 momentum.
815 2217 900 2281 Nam
922 2240 1050 2300 prorsus
1074 2239 1232 2282 commen-

91 2327 205 2391 ticium
239 2331 304 2410 est,
338 2328 421 2410 quod
455 2328 490 2391 in
518 2332 659 2392 mentem
686 2329 776 2392 venit
809 2327 956 2392 Fabricio
988 2327 1072 2392 Bibl.
1107 2350 1156 2413 gr.
1186 2327 1233 2392 Vl

91 2460 124 2521 p.
153 2437 213 2501 169
235 2460 294 2521 sq,
318 2437 360 2502 ab
374 2437 589 2522 Etymologici
603 2438 648 2502 M.
673 2443 801 2503 auctore
822 2441 1009 2521 usurpatam
1030 2439 1119 2502 illam
1142 2460 1233 2505 ευνα-

90 2568 203 2627 γωγην
227 2569 304 2611 esse.

627 2745 700 2827 se.

180 2877 231 2942 Ad
255 2878 354 2942 Orum
378 2879 459 2943 alter
480 2879 621 2963 pertinet
643 2902 704 2963 quo
726 2880 858 2945 nitimur
887 2879 990 2961 locus,
1020 2879 1074 2962 qui
1096 2882 1146 2942 est
1167 2879 1233 2942 eius

92 2988 181 3053 modi
203 2992 248 3071 ut,
272 3011 365 3072 quem
381 2988 419 3052 ad
435 2989 563 3052 modum
585 2991 826 3074 praetermissus
848 3011 975 3053 omnem
998 2989 1233 3054 commentandi

93 3120 225 3183 operam
247 3099 432 3181 fnrstretur,
462 3099 509 3162 ita
536 3099 670 3164 intentis
692 3100 791 3164 oculis
819 3100 1004 3164 observatus
1027 3102 1059 3162 et
1081 3099 1234 3162 abstersis

94 3209 186 3292 quasi
224 3209 396 3274 involucris
429 3209 587 3273 revelatus
625 3211 801 3274 clarissima
837 3210 872 3273 in
904 3211 975 3274 luce
1007 3209 1233 3293 disputationis

95 3341 252 3383 summanr
279 3320 490 3384 collocaturus
517 3320 570 3383 sit,
614 3319 660 3384 Et
686 3319 941 3384 Alexandrinum
968 3320 1095 3403 quidem
1118 3318 1234 3384 Snidae

96 3429 197 3494 Orum
218 3452 278 3495 nec
300 3430 335 3494 in
355 3430 586 3515 Etymologicis
607 3431 731 3515 graecis
755 3431 847 3494 citari
869 3451 965 3513 supra
987 3429 1052 3492 dixi
1074 3451 1135 3493 neo
1158 3430 1234 3494 alibi

94 3562 229 3624 usquam
260 3541 429 3604 memorari
462 3563 548 3605 nunc
576 3532 686 3605 testor.
732 3542 777 3603 At
784 3520 799 3625 ²,
827 3539 947 3624 inquit,
977 3561 1072 3624 saepe
1101 3561 1234 3604 numero

96 3649 179 3715 Orus
202 3654 394 3715 memoratur
416 3651 614 3734 simpliciter,
639 3673 732 3734 quem
747 3650 872 3734 quidem
890 3649 1017 3713 credere
1032 3650 1108 3714 licet
1130 3650 1235 3734 ipsum
1295 3701 1298 3708 .

96 3760 352 3825 Alexandrinum
379 3762 566 3845 significari.
615 3761 730 3825 licent
755 3782 830 3825 vero
857 3760 972 3824 multa:
1010 3782 1119 3825 verum
1148 3760 1235 3824 enim

95 3892 182 3952 vero,
207 3870 291 3935 istud
314 3872 342 3935 si
363 3872 410 3936 ita
432 3872 475 3935 sit
495 3876 532 3935 ut
554 3873 612 3955 ais,
635 3871 787 3955 quidnam
803 3886 933 3936 caussae
955 3870 1053 3935 fuisse
1076 3875 1233 3954 putemuS,

93 3980 239 4044 Milesius
254 3981 385 4045 tandem
401 3981 483 4046 Orus
500 4004 555 4045 cur
576 3983 695 4047 totiens
717 3982 841 4046 adiecto
863 3981 992 4046 nomine
1014 3980 1129 4066 gentili
1151 3980 1235 4045 dica·

92 4090 175 4154 tur?
211 4094 247 4154 ut
285 4115 398 4176 parum
431 4093 576 4157 videatur
609 4096 874 4176 consentaneum,
913 4092 1014 4157 sicubi
1047 4090 1236 4174 simpliciter

91 4201 299 4265 nominatum
328 4225 388 4267 nec
415 4204 593 4268 accuratius
622 4203 789 4267 definitum
811 4204 909 4268 Orum
936 4202 1147 4286 offendamus,
1184 4224 1235 4266 ex-

91 4313 257 4377 trinsecus
279 4314 385 4395 potius
403 4314 470 4378 eius
485 4314 623 4379 nominis
645 4313 809 4378 notionem
830 4313 971 4399 suppleri
993 4335 1089 4398 quam
1111 4335 1149 4378 ex
1170 4313 1235 4377 illis
