3008 5002
215 294 284 357 1102
630 308 677 354 na
700 307 961 356 sucuoumam

224 483 424 562 computare,
448 478 575 560 quaudo
590 476 750 540 veteribus
766 476 816 539 his
831 475 929 559 3253,
953 477 1047 558 2200,
1071 477 1171 559 2322,
1196 479 1281 542 2203
1296 478 1367 541 hice

224 589 418 673 respondent
445 587 591 650 hodierni
623 586 725 668 2995,
758 585 858 668 2032,
892 586 992 670 2154,
1027 586 1121 650 2021,
1151 626 1193 638 —
1220 588 1367 651 Alterum

225 698 306 762 addo
332 699 404 780 115)
427 696 650 780 Iosephum‚
675 696 720 759 sic
741 696 779 758 de
800 696 864 759 suis
885 696 1136 780 Antiquitatium
1157 696 1248 760 libris
1270 701 1368 761 testa-

225 812 292 872 tum
314 830 346 892 p.
371 807 433 871 903
456 805 539 869 Har.
565 804 627 870 792
648 805 762 869 Dina:
793 807 845 870 ἐπὶ
872 807 998 870 τούτοιι
1025 809 1061 871 δὲ
1089 808 1280 872 καταπαύειν
1309 811 1368 887 τὴν

225 917 470 999 ἀρχαιολογίαν,
500 917 617 996 βίβλοι(
646 918 703 996 μὲν
731 915 826 980 εἷκοιι
853 917 1133 995 περιειλημμένην,
1167 919 1204 983 ἓξ
1233 920 1274 982 δὲ
1302 942 1369 996 μυ-

226 1029 326 1108 ριάιι
354 1028 503 1107 (τίχίιιν.
533 1025 597 1089 Vbi
625 1025 737 1088 similis
766 1028 860 1108 atque
888 1025 923 1088 in
951 1024 1114 1089 Herodoto
1142 1027 1306 1109 proportio
1333 1029 1370 1090 in

225 1141 376 1222 promptu
397 1140 541 1218 nonest,
565 1135 721 1219 siquidem
736 1134 926 1199 Didotianus
942 1135 1095 1218 Iosephus
1110 1137 1275 1199 universus
1298 1140 1370 1200 tan-

225 1252 295 1312 tum
308 1246 413 1310 42708
429 1267 537 1309 versus
552 1245 666 1327 habet,
690 1245 888 1328 singulorum
910 1245 1009 1329 igitur
1024 1245 1176 1309 librorum
1191 1267 1258 1310 non
1273 1247 1369 1329 3000,

227 1359 281 1420 sed
304 1357 374 1440 plus
397 1356 501 1419 miuus
523 1355 617 1419 2138.
662 1355 809 1437 Apparet
835 1355 998 1418 liberalius
1021 1355 1173 1438 scriptum
1201 1356 1300 1420 fuisse
1322 1357 1372 1420 Ιο-

228 1467 318 1550 sephi
347 1466 487 1530 codicem
515 1464 724 1548 archetypum
751 1487 847 1547 quam
875 1486 946 1528 eum
975 1465 1117 1528 codicem
1139 1464 1369 1548 Herodoteum,

228 1577 312 1640 unde
340 1570 387 1638 illi
422 1597 498 1658 quos
527 1595 623 1658 supra
655 1574 817 1656 posuimus
851 1574 974 1638 numeri
1008 1575 1180 1659 propagati
1213 1579 1299 1638 sunt.
1329 1614 1373 1624 -

230 1684 374 1749 Accedat
411 1684 461 1748 his
496 1684 570 1770 116)
604 1683 766 1747 Euse'bii
807 1683 1015 1767 Praeparatio
1050 1685 1253 1769 evangelica,
1292 1685 1373 1748 duas

229 1796 352 1859 habens
375 1796 409 1859 in
425 1794 644 1878 antiquissimo
668 1793 775 1856 codice
792 1793 954 1875 Parisino,
978 1794 1031 1877 qui
1054 1795 1191 1877 scriptus
1214 1799 1263 1858 est
1286 1817 1374 1858 anno

230 1973 308 2054 914,
332 1994 478 2036 versuum
501 1971 765 2055 subscriptiones:
788 1971 862 2033 libri
884 1971 978 2054 primi
1001 1921 1184 2057 (li⁸.⁰<vll's
1211 1972 1300 2035 tertii
1328 1921 1375 2037 cii

231 2081 358 2168 ,αννιῖΙ

316 2345 346 2408 3.
388 2344 436 2406 De
469 2344 681 2406 voluminibus
709 2343 1003 2407 Herculanensibus
1036 2365 1116 2426 quae
1145 2367 1175 2426 p.
1209 2344 1269 2408 123
1303 2368 1374 2429 sqq.

233 2453 449 2535 exposuimus,
483 2454 518 2516 in
545 2453 590 2515 eis
618 2454 788 2536 quaedam,
824 2453 884 2516 etsi
916 2454 1051 2535 leviora,
1087 2453 1277 2538 corrigenda
1305 2476 1377 2518 esse

233 2562 341 2625 docuit
368 2560 558 2645 Spengelius
586 2562 606 2624 l.
636 2585 661 2625 s.
691 2586 715 2625 s.
772 2562 856 2625 Nam
883 2585 960 2646 quos
988 2584 1135 2626 numeros
1163 2563 1191 2626 ei
1220 2564 1376 2627 volumini

234 2672 402 2735 tribuimus
425 2672 471 2755 (p.
495 2672 537 2735 99
559 2694 591 2734 n.
615 2672 656 2735 82
679 2673 750 2736 coll.
775 2695 806 2755 p.
826 2673 886 2736 123
909 2695 956 2755 sq.
976 2673 1061 2757 127),
1086 2672 1135 2735 cui
1158 2672 1192 2735 in
1216 2672 1375 2757 Catalogo

235 2781 408 2845 Oxoniensi
432 2803 464 2844 n.
491 2782 571 2845 1426
594 2781 782 2864 inscriptum
806 2786 854 2845 est
876 2783 1012 2846 ΑΡΙΘΜ.
1037 2782 1115 2845 XXX
1139 2782 1176 2859 Θ,
1206 2803 1258 2845 eos
1290 2782 1375 2845 Nea-

234 2891 397 2975 politanae
419 2891 568 2954 editionis
591 2892 736 2954 volumen
759 2896 923 2974 quartum,
948 2892 1030 2974 quod
1052 2891 1139 2973 prius
1162 2912 1228 2954 non
1251 2891 1375 2955 videra-

234 3024 319 3085 mus,
342 3002 423 3065 tales
445 3023 531 3064 nuno
554 3001 698 3065 exhibet:
725 3002 967 3083 APlOMOCXG,
997 3022 1074 3084 quas
1097 3001 1221 3064 litteras
1243 3005 1378 3084 propter

236 3113 365 3175 chartae
380 3111 529 3174 lacunam
549 3111 679 3173 dubium
701 3115 748 3173 est
764 3110 845 3173 aliae
865 3132 967 3173 necne
983 3110 1177 3193 exceperint.
1222 3110 1377 3192 Imperite

185 3259 194 3276 ·
234 3221 335 3284 Italus
358 3221 460 3284 editor
478 3220 558 3283 1005
573 3221 801 3303 interpretatus
828 3223 891 3282 est:
914 3242 1023 3282 verum
1046 3220 1127 3283 idem
1151 3224 1260 3282 tamen
1284 3242 1315 3302 p.
1333 3223 1378 3285 46

235 3332 313 3394 satis
342 3330 566 3414 probabiliter,
596 3330 683 3393 mille
711 3330 837 3393 circiter
859 3329 1001 3392 versibus
1030 3330 1107 3392 illud
1129 3329 1278 3392 volumen
1301 3351 1377 3394 con·

235 3440 370 3521 stitisse,
408 3462 425 3502 e
453 3439 632 3522 subscripta
665 3440 700 3501 in
732 3441 795 3502 fine
824 3441 956 3504 celibum
984 3440 1005 3502 i.
1035 3461 1062 3502 e.
1092 3439 1280 3502 schedarum
1308 3439 1378 3505 sive

236 3550 428 3633 paginarum
442 3550 608 3612 notatione
630 3550 775 3633 collegit,
799 3571 879 3633 quae
902 3549 980 3612 haec
1004 3553 1066 3629 est:
1096 3538 1252 3632 (ΕΛἝᾸ,
1269 3551 1326 3613 sed
1342 3558 1380 3614 ut

237 3681 359 3722 rursum
388 3658 484 3721 dubia
511 3659 554 3722 sit
580 3658 685 3722 lacera
713 3659 821 3722 littera
849 3658 1057 3741 paenultima.
1101 3658 1214 3741 ltaque
1238 3661 1380 3724 correxit

237 3769 306 3847 ΛΔ,
330 3768 429 3830 multo
452 3768 483 3830 id
506 3768 632 3851 quidem
654 3768 720 3830 veri
746 3767 880 3831 similius
909 3790 1003 3851 quam
1031 3767 1150 3830 leniore
1173 3788 1250 3830 sane
1273 3773 1379 3832 muta-

236 3877 324 3940 tione
347 3877 553 3960 aSpengelio
576 3877 723 3941 effectum
744 3879 814 3959 ΟΔ,
840 3879 926 3941 cuius
949 3878 1054 3940 nullus
1070 3898 1138 3939 esse
1160 3899 1233 3939 usus
1257 3881 1377 3960 potest.

238 3987 392 4051 Constitit
413 3987 513 4071 igitur
534 3987 681 4050 volumen
704 3988 746 4051 34
767 3988 911 4071 paginis,
941 4009 1074 4069 quarum
1096 3987 1130 4049 in
1152 3986 1289 4069 triginta
1312 3989 1378 4051 sin-

238 4096 322 4180 gulis
343 4096 459 4185 triceni
486 4097 569 4159 terni
592 4117 700 4159 versus
730 4097 898 4179 perscripti
922 4099 1030 4179 erant,
1063 4096 1171 4159 decem
1194 4101 1302 4159 autem
1331 4121 1379 4162 se·

240 4205 361 4268 eundae
376 4209 409 4267 et
429 4206 645 4288 paenultimae
665 4206 842 4290 distributi,
867 4210 1031 4290 praeterea
1053 4205 1126 4268 libri
1149 4204 1248 4268 indici
1272 4207 1379 4289 prima

240 4317 272 4374 et
293 4314 405 4377 ultima
433 4315 553 4398 pagina
576 4317 821 4398 (πρωτόκολλον
850 4319 882 4379 et
909 4316 1158 4398 ἐιχατόκολλον)
1181 4315 1377 4381 destinatae.
