2924 4996
389 335 545 384 nroursu
569 335 919 384 uanrcammssnusrs.
1165 321 1226 385 491,

86 489 130 553 Et
153 488 277 553 codices
299 488 425 574 quidem
450 494 556 553 EFVa
584 489 747 553 sciendum
775 493 822 554 est
849 512 907 572 per
934 491 1129 572 prooemium
1156 494 1227 555 tan·

84 603 154 663 tum
175 598 408 682 Dionysianum
436 620 583 663 excussos
613 620 692 663 esse.
738 598 856 674 Quodsi
880 598 1004 663 diversa
1028 622 1045 664 e
1073 606 1153 665 Vct
1181 607 1227 664 Va

85 709 278 792 afferuntur,
306 709 338 773 id
366 708 505 772 dubitari
533 709 585 773 vix
614 713 720 792 potest
746 710 824 792 quin
853 709 896 773 sit
922 711 1017 774 alicui
1046 709 1145 774 errori
1171 710 1227 773 tri-

84 820 255 884 buendum.
301 820 421 884 Contra
448 819 549 883 nostri
578 819 692 883 erroris
716 820 845 903 quaevis
873 820 1007 903 suspitio
1033 821 1144 904 procul
1171 819 1226 884 ha·

84 929 201 1011 benda,
221 931 501 1014 quotienscumque
517 928 598 994 (1οΑ
615 929 679 993 alia
701 952 787 993 nunc
808 933 965 994 testamur
987 935 1083 1015 atque
1104 932 1227 994 factum

84 1043 134 1104 est
160 1041 196 1104 in
218 1062 255 1103 ea
278 1061 372 1124 quam
400 1061 496 1123 supra
525 1040 810 1104 commemorabam
838 1040 1071 1105 dissertatione.
1122 1040 1227 1105 Licuit

84 1150 171 1214 euim
198 1172 286 1214 nunc
312 1150 405 1214 huius
434 1148 551 1214 codicis
581 1149 750 1213 collatione
782 1151 829 1212 uti
856 1151 953 1235 longe
981 1150 1227 1235 diligentissime

82 1260 183 1342 facta,
203 1282 283 1344 quae
304 1260 445 1325 sociatae
457 1261 498 1324 A.
511 1259 604 1343 Feae,
625 1259 732 1325 Caroli
746 1261 883 1344 nepotis,
905 1266 937 1324 et
949 1261 1079 1325 Aemilii
1092 1260 1227 1325 Braunii

82 1369 186 1434 nostri
201 1391 316 1453 operae
332 1369 475 1435 debetur.
504 1369 656 1434 Eiusdem
674 1373 780 1434 autem
796 1369 929 1434 Braunii
952 1371 1107 1435 beneficio
1130 1371 1227 1435 etiam

82 1479 252 1544 Vrbinatis
268 1485 297 1544 B
319 1502 401 1544 nova
425 1481 554 1544 collatio
575 1484 704 1564 praesto
720 1481 798 1544 fuit:
821 1503 902 1565 quae
924 1503 1021 1565 opera
1044 1503 1139 1565 quarn
1160 1503 1226 1545 non

82 1611 321 1674 supervacanea
344 1591 458 1674 fuerit,
481 1591 629 1654 instituta
651 1589 881 1655 Hudsonianae
904 1590 1120 1655 adnotationis
1144 1614 1226 1656 com-

80 1701 252 1783 paratione
280 1702 358 1765 satis
387 1701 452 1764 iam
481 1700 643 1766 aestimari
669 1701 799 1784 poterit.
852 1700 1000 1766 Ceterum
1026 1702 1226 1785 paucissimis

80 1810 146 1873 illis
182 1810 277 1893 locis,
316 1811 429 1895 quibus
463 1810 502 1874 de
536 1811 711 1894 scripturae
748 1811 964 1894 discrepantia
1002 1811 1043 1875 ab
1072 1811 1225 1876 Hudsono

81 1924 331 2010 commemorata
364 1924 451 1986 tacet
478 1920 652 2002 Bromius,
686 1920 760 1985 huic
795 1921 998 2004 apposuimus
1027 1926 1075 1985 Ba
1103 1924 1223 1985 notam.

80 2030 246 2094 Parisinos
274 2035 381 2095 autem
408 2032 522 2113 libros,
552 2032 711 2095 notabiles
739 2031 810 2094 111οε
834 2053 905 2095 cum
927 2031 1085 2095 secundae
1111 2053 1224 2095 manus

81 2140 334 2206 correctionibus
376 2145 445 2205 tum
481 2142 710 2224 scripturarum
742 2141 778 2205 in
813 2141 1013 2225 marginibus
1049 2141 1225 2225 positarum

80 2250 303 2334 multitudine,
338 2252 400 2335 ipsi
427 2252 646 2316 tractavimus.
659 2252 690 2337 ²¹³)
741 2250 834 2316 Vnde
862 2256 895 2315 et
923 2251 986 2315 alia
1015 2252 1050 2315 in
1078 2250 1224 2336 Dionysii

80 2361 339 2426 emendationem
367 2384 433 2426 non
459 2360 639 2445 spernenda
673 2362 892 2426 redundarunt
919 2365 951 2426 st
979 2362 1052 2425 fons
1080 2362 1224 2446 ratioque

79 2470 238 2554 principis
260 2471 410 2535 editionis
432 2471 617 2554 planissime
633 2472 748 2554 patuit.
772 2471 872 2547 Quem
886 2472 1010 2535 fontem
1030 2473 1089 2535 etsi
1111 2494 1224 2555 parum

79 2601 160 2643 sane
183 2580 349 2664 limpidum
372 2581 589 2666 eognovimus,
613 2603 679 2644 non
701 2581 790 2645 nulla
811 2584 920 2645 tamen
944 2587 1000 2644 DJ>
1019 2581 1110 2664 (qu
1126 2583 1223 2665 potis-

79 2689 211 2776 simum)
240 2691 290 2755 vel
321 2692 417 2755 etiam
446 2691 514 2755 sola
536 2698 564 2756 P
587 2691 803 2775 praebuerunt
839 2695 948 2774 aperte
980 2692 1223 2774 praestabiliora

79 2800 128 2864 eis
151 2823 231 2884 quae
253 2802 289 2865 in
310 2807 366 2866 ΑΒ
387 2805 526 2866 exstant.
571 2801 660 2865 Inter
682 2801 739 2865 hos
762 2804 868 2865 autern
891 2801 976 2885 ipsos
1000 2801 1077 2865 duos
1100 2802 1256 2865 codieesa

78 2915 113 2975 et
143 2911 335 2995 antiquitate
364 2915 397 2976 et
424 2912 570 2976 bonitate
603 2911 733 2976 eximios
766 2933 847 2995 quae
873 2914 983 2975 mutua
1010 2913 1093 2974 ratio
1124 2911 1222 2974 inter-

77 3019 192 3102 cedat,
220 3020 382 3085 difficilius
415 3044 510 3104 quam
535 3021 699 3105 quaeritur
730 3020 948 3104 respondetur.
999 3019 1059 3095 Qui
1095 3021 1154 3083 etsi
1189 3021 1223 3084 iu

74 3130 231 3194 tollendis
254 3131 377 3195 mendis
399 3132 591 3195 deteriorum
612 3131 765 3195 librorum
791 3130 975 3213 saepissime
1006 3131 1220 3211 consentiunt,

73 3247 192 3305 tamen
219 3262 291 3304 cum
317 3242 462 3325 plurimis
490 3241 643 3325 exemplis
675 3241 737 3324 ipsi
764 3240 974 3323 dissentiant,
1012 3243 1126 3304 neuter
1159 3240 1222 3306 dici

71 3355 189 3436 potest
214 3354 378 3435 tamquam
407 3351 555 3436 ingenita
583 3351 700 3415 virtute
722 3350 769 3414 ita
791 3354 955 3434 praestare
985 3351 1095 3431 alteri,
1126 3353 1161 3413 ut
1184 3372 1221 3413 ex

68 3485 113 3527 eo
150 3461 241 3545 quasi
278 3461 430 3544 primario
462 3461 553 3525 fonte
586 3460 716 3525 criticae
754 3460 832 3524 artis
871 3460 1032 3525 factitatio
1072 3460 1220 3544 pendent,

67 3570 320 3657 posthabendas
349 3574 455 3635 autem
477 3570 535 3653 sit,
559 3570 586 3634 si
609 3593 626 3634 e
648 3570 851 3633 multitudine
873 3569 1028 3633 bonarum
1051 3570 1222 3654 scriptura-

65 3702 150 3747 rum
180 3679 332 3743 iudicium
360 3682 433 3761 fiat,
464 3681 545 3744 alter
567 3680 675 3744 codex.
720 3680 821 3744 Immo
844 3684 876 3743 et
897 3680 1069 3743 manifesto
1091 3680 1222 3756 vitiosas

63 3792 126 3857 vel
158 3790 244 3853 solus
274 3796 299 3851 Α
332 3790 382 3853 vel
408 3795 437 3854 B
469 3790 553 3854 solus
586 3791 699 3872 habet,
735 3794 767 3853 et
794 3789 964 3853 manifesto
998 3810 1088 3852 veras
1115 3790 1165 3853 vel
1194 3796 1223 3854 B

59 3903 164 3970 solus
204 3898 253 3962 vel
289 3899 375 3963 solus
412 3906 454 3981 A,
493 3899 586 3983 idque
623 3901 692 3983 pari
730 3901 829 3964 ferme
866 3900 900 3963 10
934 3905 1068 3982 utroque
1104 3921 1221 3984 genere

55 4075 285 4093 W..

141 4174 170 4240 *)
197 4168 271 4239 [Nisi
290 4171 365 4237 quod
383 4174 412 4226 et
429 4170 589 4224 Coisiiniani
608 4175 636 4224 et
652 4171 734 4239 Regii
752 4172 886 4226 maiorem
906 4172 1017 4240 partem
1039 4170 1125 4224 habui
1147 4188 1162 4225 e
1181 4189 1221 4225 sc·

47 4268 125 4329 duli
149 4261 275 4318 hominis
288 4263 387 4318 Graeci
406 4263 562 4326 collatione,
580 4262 624 4316 cui
642 4262 778 4333 Sypsomo
796 4281 909 4329 nomen,
928 4281 983 4317 non
996 4262 1071 4330 quod
1088 4263 1114 4318 ci
1130 4263 1221 4317 Kiess-

43 4359 178 4433 fingitis
205 4355 259 4409 rol.
279 4356 291 4409 Ι
312 4356 399 4426 praef.
419 4374 445 4426 p.
459 4354 498 4408 VI
515 4355 589 4422 fecit,
608 4354 780 4427 Syposomo.]
