2896 4996
214 351 276 414 604
508 397 513 403 .
596 367 643 414 uu
666 366 736 415 ouo
759 366 804 414 ar
826 365 967 415 οιιιοιιιι.

112 578 116 584 .
214 520 369 585 Thomam
398 521 485 604 Mag.
514 543 546 603 p.
570 519 740 585 LXXVIII
768 542 814 604 sq.
844 519 1094 603 disputavimus,
1125 520 1358 584 consectarium

215 635 278 714 est,
307 631 397 695 illam
427 636 615 710 (υναγωγῆε
642 635 783 714 partem,
812 631 847 694 in
869 652 932 714 quo
954 631 1059 713 posita
1082 634 1132 694 est
1158 631 1266 707 ἀγυιαί
1289 653 1359 712 vox,

214 741 349 806 Eudemi
371 741 575 826 grammatici
603 762 681 806 esse.
724 741 894 826 ,Integrum
916 739 1051 806 Eudemi
1079 741 1219 805 lexicum
1242 740 1361 804 ibidem

214 856 247 916 et
268 875 300 936 p.
325 851 461 917 CXLVI·
477 852 673 917 ostendimus
696 874 715 916 a
738 851 835 917 Suida
857 873 925 916 esse
948 854 1141 936 susceptum.
1181 851 1285 926 Quem
1307 851 1361 914 ubi

215 962 383 1046 evolveris,
414 962 505 1026 illam
527 962 565 1026 de
588 962 693 1039 ἀγυιαί
721 963 921 1028 notationem
942 963 1097 1047 reperies,
1128 962 1256 1052 qualem
1278 961 1360 1045 apud

215 1073 396 1138 Bekkerum
416 1073 568 1156 legimus,
592 1074 647 1138 sed
670 1077 746 1139 ante
769 1095 807 1138 ea
829 1074 899 1157 ipsa
922 1074 1019 1139 verba
1040 1074 1186 1156 finitam,
1216 1094 1299 1157 quae
1321 1073 1360 1136 ab

215 1184 334 1249 Orione
361 1187 489 1266 sumpta
517 1206 586 1248 esse
614 1184 681 1248 sola
710 1184 862 1267 diximuS,
894 1207 980 1249 nunc
1009 1183 1230 1268 intellegimus
1259 1182 1359 1247 Eude-

214 1295 293 1358 meis
316 1295 441 1359 adnexa
468 1315 537 1358 esse
564 1295 605 1359 ab
632 1298 761 1359 auctore
791 1295 1024 1378 (υναγωγῆ(.*)
1069 1293 1254 1379 Speciosius
1278 1297 1359 1357 certe

215 1406 395 1487 exemplum
424 1404 548 1470 Sturaio
576 1405 694 1472 licebat
721 1427 759 1469 ex
787 1405 915 1470 scholiis
942 1404 1123 1469 Homericis
1150 1426 1299 1488 promere
1326 1404 1356 1467 in

214 1514 325 1578 iliadis
349 1517 372 1579 Κ
394 1537 424 1578 ν.
446 1516 523 1598 298,
546 1515 601 1580 ubi
624 1517 653 1580 ei
675 1516 852 1598 notationi,
876 1539 957 1601 quae
980 1516 1019 1580 de
1041 1516 1235 1596 upoppuccn
1258 1515 1357 1579 forma

216 1626 314 1689 etiarn
340 1625 375 1689 in
397 1625 505 1710 Etym.
529 1625 573 1690 M.
597 1650 629 1711 p.
653 1627 732 1710 691,
760 1627 802 1691 36
829 1626 927 1710 redit,
959 1625 1041 1709 apud
1073 1624 1228 1691 Orionem
1256 1628 1356 1688 autem

216 1736 348 1799 dimidia
369 1740 497 1800 tantum
518 1758 557 1801 ex
576 1740 668 1821 parte
689 1737 818 1822 legitur,
842 1736 1022 1819 subscripta
1037 1735 1117 1800 haec
1132 1739 1224 1799 sunt:
1248 1737 1356 1815 μέμνη-

215 1868 265 1911 ται
287 1850 337 1911 καὶ
360 1848 476 1927 Ὠρίων
503 1848 630 1914 τούτων
657 1849 692 1913 ἐν
722 1855 768 1932 τῷ
791 1849 863 1929 περὶ
892 1849 1116 1928 ἐτυμολογιῶν.
1162 1846 1355 1930 Quamquam

216 1956 276 2020 hoc
309 1957 436 2041 quidem
467 1958 596 2022 facilem
630 1959 729 2023 habet
761 1958 964 2042 explicatum.
1023 1956 1085 2022 Sed
1122 1956 1203 2020 illud
1236 1955 1355 2021 Sturaio

218 2068 392 2131 condonari
419 2069 547 2152 nequit,
582 2069 664 2154 quod
692 2054 872 2133 incredibili
901 2067 1115 2153 incogitantia
1144 2046 1358 2151 praetermisit

166 2189 196 2236 21
216 2178 322 2242 sontes
345 2179 487 2243 omnium
509 2180 680 2263 proximos.
725 2180 822 2245 Istius
844 2179 929 2243 modi
951 2179 1053 2260 enim,
1083 2178 1193 2263 qualia
1223 2199 1353 2259 aucupa·

216 2290 327 2373 batur,
358 2290 504 2374 exempla
530 2291 603 2375 plus
630 2291 847 2376 quadraginta
869 2291 904 2354 in
925 2290 1004 2374 ipsis
1026 2288 1262 2374 Etymologicis
1290 2308 1353 2351 curn

217 2399 338 2484 Magno
364 2405 434 2464 tum
462 2401 610 2465 Gudiano
639 2405 782 2484 exstant,
812 2423 892 2485 quae
914 2400 1001 2465 insra
1029 2399 1209 2483 posuimus:
1238 2397 1291 2462 Et.
1314 2397 1352 2460 M.

217 2495 249 2592 5,·
272 2510 323 2573 42.
349 2511 379 2588 υ,
401 2511 454 2575 40.
477 2513 529 2576 50.
556 2512 605 2594 ια,
629 2513 659 2576 ι.
686 2512 736 2595 15,
760 2512 812 2576 42.
839 2512 888 2591 ια,
911 2512 940 2575 s.
969 2511 1018 2593 19,
1040 2511 1061 2573 2
1084 2508 1201 2594 (praef.
1218 2509 1255 2572 in
1278 2506 1352 2572 eui.

218 2643 249 2703 p.
266 2619 371 2706 XIH).
388 2621 441 2704 20,
457 2623 509 2687 53.
526 2625 578 2706 21,
594 2624 646 2688 53.
668 2622 720 2705 23,
739 2623 791 2687 35.
813 2622 865 2706 24,
881 2624 933 2685 41.
958 2623 1010 2703 25,
1027 2623 1078 2684 41.
1101 2621 1152 2685 52.
1176 2620 1229 2701 26,
1255 2619 1286 2682 8.
1307 2619 1352 2698 27,

217 2732 269 2795 47.
293 2732 345 2814 31,
368 2732 399 2795 3.
423 2733 475 2797 51.
497 2733 548 2815 34,
574 2734 602 2797 7.
625 2735 677 2815 37,
699 2733 750 2796 26.
774 2732 827 2815 44,
847 2734 896 2796 ll.
912 2734 964 2797 28.
981 2732 1033 2814 45,
1054 2732 1102 2794 10.
1118 2731 1171 2813 47,
1189 2731 1242 2794 39.
1260 2731 1312 2811 57,
1326 2729 1353 2793 5.

216 2841 268 2906 45.
299 2842 350 2907 51.
380 2841 437 2925 69,
467 2843 519 2906 32.
545 2843 600 2925 70,
629 2843 680 2908 30.
710 2843 767 2926 84,
796 2843 849 2907 57.
880 2843 956 2924 166,
979 2843 1010 2905 2.
1043 2841 1118 2917 190,
1141 2841 1196 2905 51.
1225 2841 1306 2923 205,
1328 2838 1354 2902 8.

216 2952 290 3034 463,
314 2953 344 3016 6.
373 2953 447 3036 540,
470 2955 512 3018 50
539 2953 627 3037 (eum
650 2953 731 3017 Gud.
755 2953 829 3036 349,
852 2953 897 3037 2).
928 2953 1001 3036 541,
1026 2952 1078 3016 23.
1101 2952 1175 3032 570,
1203 2952 1247 3014 42
1277 2952 1357 3035 (cum

218 3063 301 3127 (lud.
325 3064 404 3146 375,
432 3064 474 3127 32
502 3066 534 3127 et
561 3063 639 3128 Ere.
664 3063 757 3128 Kobe.
781 3087 812 3147 p.
840 3063 915 3146 191,
940 3065 979 3129 31
1009 3067 1041 3127 et
1070 3061 1177 3127 Schol.
1201 3061 1299 3125 Hom.
1323 3060 1357 3124 ll.

218 3175 241 3237 Β
263 3173 352 3259 242).
377 3173 449 3256 719,
476 3174 506 3238 8.
532 3174 603 3256 720,
630 3174 678 3238 18.
704 3176 775 3257 724,
798 3175 829 3238 4.
855 3175 925 3256 746,
943 3175 977 3257 63
1001 3176 1167 3257 praeterea
1187 3172 1272 3236 Gud.
1290 3172 1358 3252 254,

217 3284 237 3346 6
260 3293 348 3367 (cum
369 3283 448 3348 Exc.
475 3285 545 3368 191,
570 3285 615 3370 8).
638 3285 712 3367 286,
735 3285 788 3367 46,
813 3288 845 3348 et
867 3285 935 3349 cod.
959 3283 1067 3348 Havn.
1090 3282 1215 3346 Adnot.
1240 3307 1274 3367 p.
1291 3282 1359 3347 956.

216 3394 289 3459 961).
340 3396 464 3460 Horum
492 3399 599 3459 autem
625 3395 709 3479 quod
737 3396 833 3480 longe
860 3395 1000 3459 maxima
1030 3416 1105 3477 pars
1132 3393 1168 3456 in
1195 3396 1221 3458 Α
1256 3394 1362 3459 littera

219 3505 434 3591 Etymologici
457 3506 570 3590 Magni
593 3506 741 3570 consistit
768 3528 805 3571 ac
832 3507 932 3570 ferme
954 3505 1086 3569 dimidia
1113 3503 1153 3567 ad
1177 3503 1273 3569 XLII
1296 3505 1364 3569 illas

217 3617 354 3700 paginas
376 3617 496 3701 primas
518 3617 673 3701 pertinet:
698 3638 735 3680 ea
758 3639 791 3680 re
814 3617 963 3680 eximium
985 3617 1020 3680 in
1042 3615 1172 3679 modum
1197 3618 1365 3680 confirma·

217 3729 286 3808 tur,
318 3728 402 3810 quod
430 3728 469 3791 de
494 3734 573 3792 serie
600 3734 787 3807 popinarum
822 3733 918 3792 antea
951 3726 1164 3810 exposuimus.
1223 3726 1368 3792 Tantum

218 3841 325 3900 autem
354 3860 435 3902 uuus
462 3838 596 3922 quisque
628 3837 796 3922 perspicit,
832 3837 873 3901 ad
905 3836 1167 3922 aequabilitatem
1202 3839 1368 3921 quandum

218 3946 443 4029 dispositorum
465 3949 563 4029 Ὠρο(
587 3952 618 4011 et
640 3949 756 4030 Ὠρίων
778 3948 944 4013 nominum
966 3948 1055 4012 illam
1077 3947 1195 4030 seriem
1218 3970 1291 4014 nou
1314 3950 1370 4014 mi·

217 4079 278 4120 nus
301 4059 347 4121 ita
369 4059 527 4140 revocari,
557 4061 584 4123 si
612 4061 647 4123 in
669 4059 719 4123 his
742 4060 895 4142 exemplis
918 4059 991 4143 Ori,
1020 4079 1115 4143 quam
1142 4059 1172 4120 si
1194 4060 1231 4123 in
1256 4062 1371 4144 priori·

217 4167 291 4249 bus,
316 4189 397 4251 quae
419 4167 459 4231 ad
480 4169 637 4252 reliquam
658 4175 783 4253 partem
798 4170 1014 4255 Etymologici
1028 4168 1210 4252 pertinent,
1236 4170 1371 4236 Orionis

302 4397 327 4469 *)
346 4397 386 4451 De
403 4397 549 4453 Eudemo
567 4399 629 4454 vide
648 4400 804 4456 subiectum
820 4399 1041 4471 Epimetrurn
