2948 4996
232 313 306 392 3864
556 338 586 392 ο.
610 336 756 393 aaaron
780 337 1052 393 ananannonns

233 494 376 583 seiungi,
416 493 499 582 quod
528 494 669 582 sequitur
696 494 840 581 proximo
870 517 978 581 versu,
1012 499 1138 563 πόνων.
1183 489 1274 572 Quod
1305 514 1376 560 cnm

234 631 293 672 nec
309 609 503 672 sententiam
517 631 578 672 nec
593 612 785 672 structuram
807 604 1053 693 grammaticam
1075 608 1208 690 planam
1229 607 1374 689 haberet,

233 719 356 803 insigni
378 719 510 782 levitate
538 719 580 782 ab
602 718 776 782 editoribus
799 718 987 801 quibusdam
1015 739 1144 800 prorsus
1166 720 1216 780 est
1237 739 1375 800 expunc-

233 832 313 909 tum,
337 850 398 892 nee
419 831 534 895 πόνων
556 829 686 911 solum,
704 829 759 892 sed
781 829 879 892 etiam
900 831 1012 908 γάμων
1034 828 1069 890 in
1092 827 1225 912 stropha
1246 850 1277 890 ν.
1301 828 1374 891 895.

233 939 306 1001 Νοιι
330 942 379 1002 est
406 944 513 1002 autem
539 939 794 1023 neglegendum,
822 938 858 1002 in
880 938 1001 1001 Aldina
1029 938 1095 1022 legi
1122 940 1156 1002 δ’
1178 938 1376 1016 ἁπτομένην,

233 1047 268 1111 in
290 1070 353 1111 uno
376 1052 484 1112 autem
506 1047 722 1133 Vapvilliersii
746 1048 854 1112 codice
875 1050 975 1127 γάμοι
1011 1070 1092 1131 quae
1114 1048 1169 1111 ubi
1191 1051 1278 1111 recte
1302 1068 1375 1110 eon-

235 1157 387 1240 iuuxeris,
412 1159 582 1241 pristinam
604 1159 717 1222 horum
740 1180 886 1224 versuum
909 1159 1045 1222 formam
1067 1157 1152 1220 hanc
1174 1157 1289 1220 habes:

477 1317 584 1392 ταρβῶ
607 1313 669 1391 γὰρ
692 1312 911 1392 ἀετεργάνορα
933 1312 1108 1391 παρθενίαν

479 1423 626 1502 εἰεορῶε’
648 1423 726 1486 Ἰοῦε
748 1424 874 1502 γάμον
897 1422 1123 1500 ἁπτομέναν

479 1534 671 1597 δυεπλάνοιε
693 1535 794 1612 Ἥραε
817 1533 974 1597 ἀλατείαιε
996 1531 1117 1596 πόνων.

128 1725 130 1729 ’
234 1710 402 1774 Sententia
424 1708 504 1774 haec
526 1714 592 1793 est,
627 1714 663 1774 ut
684 1711 720 1774 lo
742 1711 882 1792 dicatur,
918 1709 1000 1793 quod
1028 1708 1147 1772 attinet
1174 1707 1216 1771 ad
1244 1707 1377 1791 nuptias

235 1842 306 1883 cum
321 1821 395 1884 Iove
418 1843 491 1883 suas
515 1820 658 1905 (γάμον),
683 1821 828 1905 alligata,
853 1820 1006 1884 adstricta
1023 1840 1091 1883 esse
1106 1817 1253 1900 miseriis,
1278 1818 1378 1882 ἁπτο-

233 1933 314 2009 μένα
335 1932 449 1996 πόνων
472 1930 503 1994 h.
525 1952 551 1994 e.
575 1952 659 1994 nexa
675 1953 692 1994 e
707 1931 857 1994 miseriis:
881 1930 991 1994 eodem
1014 1927 1221 2012 comparandi
1244 1948 1377 2011 genere,

234 2062 296 2123 quo
317 2063 347 2103 τ.
371 2040 434 2104 580
455 2040 494 2104 de
517 2041 627 2104 eodem
649 2062 683 2104 re
705 2042 845 2124 positum
872 2045 920 2104 est
947 2043 1105 2120 πημοναῑε
1132 2040 1379 2118 ἑνεῑευγμένον,

235 2154 267 2213 et
296 2150 335 2214 de
366 2151 556 2214 Prometheo
590 2151 741 2228 ἀνάγκαι(
774 2152 1010 2230 ὑπεζευγμένον
1040 2172 1070 2212 v.
1102 2150 1178 2231 108,
1210 2149 1261 2211 vel
1291 2149 1379 2232 apud

234 2260 422 2344 Sophoclem
449 2263 560 2340 γάμων
583 2263 731 2340 ἐνέδηεεν
754 2261 814 2344 ἄτᾳ
843 2261 920 2325 Oed.
946 2260 1012 2325 001.
1035 2261 1114 2341 517,
1144 2262 1181 2321 ut
1202 2257 1379 2322 Homerica

234 2371 405 2433 mittantur
426 2372 626 2455 pervulgata.
672 2394 709 2451 με
730 2372 853 2455 syllaba
875 2371 1050 2453 scripturae
1071 2367 1211 2432 Aldinae
1232 2372 1307 2432 orta
1329 2375 1380 2433 est

234 2501 273 2542 ex
295 2501 336 2559 μο
358 2481 584 2545 terminatione
607 2482 821 2565 superscripta
844 2481 898 2543 illa
920 2481 1012 2565 γάμῳ
1035 2479 1153 2543 dativo,

317 2589 358 2652 V.
383 2591 562 2655 903-908.
608 2591 840 2655 Difficillimam
867 2590 952 2653 hanc
974 2589 1159 2672 tragoediae
1181 2589 1379 2672 particulam

234 2699 492 2784 redintegraturo
513 2703 686 2766 tenendum
709 2701 768 2765 hoo
791 2705 849 2783 est,
874 2722 967 2763 omne
982 2701 1042 2763 hoc
1058 2721 1188 2762 carmen
1211 2699 1379 2765 ehericum

234 2811 414 2874 necessario
437 2833 504 2875 esse
527 2812 804 2895 antistrophicum.
836 2810 967 2873 Etenim
983 2831 1054 2873 cum
1069 2809 1130 2872 duo
1146 2809 1228 2891 sint,
1254 2832 1294 2874 cx
1310 2812 1378 2894 qui·

234 2922 292 2984 bus
308 2925 429 2985 certum
452 2921 601 2986 iudicium
624 2922 681 2985 fiat
704 2921 743 2986 de
766 2921 960 2984 carminibus
976 2942 1041 2984 non
1057 2920 1098 2983 ab
1113 2921 1263 2983 universo
1280 2920 1379 2984 choro

235 3032 444 3095 communiter
473 3034 627 3115 cantatis,
662 3036 718 3095 aut
744 3031 892 3114 repetitio
921 3030 1093 3095 earundem
1128 3031 1377 3114 sententiarum,

233 3144 290 3204 aut
317 3141 514 3206 diversarum
540 3142 772 3228 repugnantia:
810 3145 879 3204 tum
907 3139 968 3204 hac
996 3140 1123 3224 quidem
1155 3141 1377 3224 cantiuncula,

233 3274 314 3335 quae
343 3257 391 3316 est
413 3275 432 3315 a
454 3275 484 3314 v.
508 3253 571 3317 903
594 3255 633 3316 ad
657 3253 735 3336 908,
765 3251 847 3315 nihil
874 3252 942 3314 fere
970 3251 1129 3333 prolatum
1150 3250 1256 3334 vides,
1293 3252 1378 3335 quod

233 3384 299 3426 non
327 3363 432 3445 priore
461 3363 517 3425 illo
546 3362 687 3426 carmine
720 3362 764 3446 (v.
788 3361 970 3444 889-899)
1004 3361 1081 3423 item
1109 3361 1379 3443 comprehensum

233 3472 285 3535 sit.
316 3472 401 3535 Nam
416 3494 497 3556 quae
517 3472 552 3535 in
574 3473 679 3555 priore
702 3471 833 3554 stropha
856 3472 984 3535 effertur
1006 3470 1192 3552 nuptiarum
1215 3492 1379 3537 commen·

233 3582 320 3645 datio
343 3581 537 3666 aequalium,
573 3582 683 3645 eadem
711 3582 763 3646 hic
784 3582 873 3646 redit
890 3582 930 3645 ab
953 3581 1062 3664 initio,
1096 3581 1179 3663 quod
1209 3586 1319 3646 autem
1343 3584 1378 3647 in

234 3691 435 3774 antistropha
457 3691 541 3755 Iovis
564 3692 737 3755 aliorumve
765 3693 894 3756 deorum
922 3691 1122 3756 detestantur
1149 3712 1310 3774 amorem,
1345 3693 1378 3756 id

232 3800 286 3864 hic
308 3801 345 3864 fit
366 3802 470 3865 verbis
493 3804 570 3881 μηδὲ
592 3805 784 3883 κρειττόνων
807 3824 834 3866 e.
852 3825 882 3886 q.
899 3824 925 3867 s.
963 3802 1068 3886 Ergo,
1093 3802 1222 3884 quando
1246 3803 1380 3886 quidem

232 3911 355 3976 nullum
378 3911 431 3976 hic
453 3912 557 3975 locum
580 3934 617 3976 ea
639 3913 722 3976 ratio
744 3912 858 3995 habet,
882 3915 918 3975 ut
940 3912 1075 3996 singulis
1097 3912 1244 3994 personis
1269 3912 1379 3977 distri-

234 4021 349 4084 buatur
377 4022 495 4104 oratio,
533 4023 736 4106 consequitur
769 4045 835 4086 non
864 4022 905 4085 ad
937 4022 1064 4086 easdem
1097 4021 1186 4085 chori
1218 4044 1380 4105 personas

232 4153 325 4215 posse
346 4131 437 4215 haec,
461 4131 635 4216 dequibus
658 4134 793 4218 agimus,
817 4133 989 4216 pertinere,
1013 4131 1163 4215 aquibus
1185 4131 1297 4216 priora
1319 4135 1380 4200 illa

233 4242 277 4323 (v.
302 4242 364 4304 889
386 4243 470 4325 sqq.)
500 4247 631 4306 cantata
659 4248 749 4328 sunt,
785 4243 840 4307 sed
863 4242 956 4307 alteri
978 4241 1174 4306 hemichorio
1197 4264 1267 4307 esse
1290 4244 1381 4310 hanc

232 4354 367 4435 partem,
392 4351 485 4415 alteri
508 4357 614 4417 autem
629 4353 867 4419 attribuendam
888 4354 1037 4438 priorem.
1068 4351 1156 4428 Quae
1177 4374 1250 4417 cum
1273 4357 1380 4421 mani·
