3008 5002
536 343 652 403 uuqvu
675 343 893 390 nsuionoao.
1224 330 1281 394 187

146 496 349 560 laudabiliter
377 518 479 579 nuper
501 496 578 560 Otto
601 495 811 560 Schneiderns
840 496 1000 579 supplevit
1027 498 1062 560 iu
1084 497 1216 581 egregia
1244 498 1282 560 de

145 606 344 670 Scholiorum
367 606 594 689 Aristophanis
615 606 759 669 fontibus
782 607 1050 670 commentatione
1073 629 1104 689 p.
1131 607 1190 671 119
1213 630 1281 691 sqq.

145 716 240 780 Vnde
274 721 306 779 et
337 716 471 780 metrica
503 717 539 780 in
568 717 819 800 Aristophanem
852 715 972 779 scholia
1004 716 1052 780 illi
1084 717 1284 800 potissimum

145 825 319 890 Heliodoro
341 826 464 908 deberi,
494 830 526 890 et
548 826 640 892 huius
662 828 879 907 κωλομετρίαν
901 831 969 892 τῶν
991 830 1127 906 pelium
1150 829 1283 906 Ἀριετο-

146 937 274 1020 φάνου(
297 937 455 1000 exstitisse
484 936 666 1000 didicimus:
695 959 827 1021 quorum
854 936 932 1000 illud
955 936 1138 1001 Dindorfius
1161 959 1283 1021 quoque

146 1048 327 1110 coniecerat
354 1047 455 1130 praef.
484 1047 520 1110 in
548 1046 653 1111 Sehol.
683 1047 758 1110 edit.
788 1047 890 1111 Oxou.
921 1070 952 1130 p.
982 1046 1075 1130 XVI,
1111 1049 1170 1112 hoc
1199 1048 1284 1112 idem

116 1208 118 1211 .
146 1156 295 1239 probarit
322 1156 468 1220 Addend.
493 1180 524 1239 p.
548 1156 620 1221 395.
666 1156 786 1221 Contra
814 1157 852 1219 de
877 1157 1189 1221 metrisPindaricis
1217 1180 1283 1221 non

146 1288 289 1330 seorsum
317 1269 566 1330 commentatum
599 1288 667 1330 esse
693 1266 871 1330 Boeckhius
905 1267 1013 1330 docuit
1044 1268 1146 1350 praef.
1176 1266 1291 1332 Schol.

147 1400 178 1459 p.
202 1376 337 1452 XXXII.
382 1376 553 1439 Praeterea
575 1376 637 1460 ipsi
658 1398 745 1439 nunc
766 1376 919 1440 adicimus
942 1377 1167 1461 gravissimum
1189 1377 1284 1440 Marii

147 1485 306 1550 Victorini
326 1482 546 1550 testimonium
562 1487 633 1550 Art.
656 1508 791 1571 gramm.
808 1486 850 1567 H,
873 1487 903 1569 9,
920 1487 940 1550 8
955 1510 987 1570 p.
1007 1487 1064 1550 127
1081 1486 1182 1550 Gaisf.
1199 1487 1282 1552 2541

146 1595 293 1660 Putsch.:
322 1603 360 1662 At
374 1603 453 1661 Iuba
475 1609 589 1674 noster,
615 1604 668 1675 qai
686 1605 766 1660 inter
779 1604 919 1661 metricos
934 1603 1145 1662 aaatoatotem
1161 1606 1285 1678 primae

145 1711 322 1771 eruditionis
336 1714 476 1785 obtinuit,
494 1714 632 1772 insistens
646 1712 806 1772 Heliodori
819 1714 964 1786 vestipin,
989 1716 1042 1787 qai
1055 1715 1135 1772 inter
1151 1716 1284 1774 Graecos

146 1822 271 1881 huiusce
299 1825 375 1882 artis
401 1825 526 1882 antistes
553 1829 607 1882 aar
635 1824 716 1882 solas
743 1830 797 1881 aar
817 1825 937 1898 primas
959 1823 1002 1882 e'st
1023 1840 1049 1882 e.
1075 1842 1105 1903 q.
1130 1842 1173 1901 1.,
1202 1842 1283 1902 quae

144 1927 243 1990 verba
265 1950 330 1992 non
357 1929 572 2012 praetermisit
600 1928 638 1991 de
666 1930 822 2011 ἐπιπλοκῇ
851 1929 1026 1992 ionicorum
1049 1928 1152 1993 Elem.
1180 1930 1281 1993 doctr.

145 2042 237 2101 metr.
273 2061 304 2121 p.
338 2039 401 2102 469
435 2060 536 2123 agens
569 2038 783 2102 Hermannus.
836 2037 965 2102 Vtimur
998 2043 1105 2102 autem
1141 2040 1209 2122 his,
1247 2044 1284 2103 ut

146 2149 342 2231 propositam
370 2171 388 2211 a
415 2148 507 2211 nobis
537 2172 568 2231 p.
600 2149 662 2212 140
689 2149 727 2212 de
757 2151 862 2211 aetate
890 2147 1055 2211 Heliodori
1088 2150 1282 2214 sententiam

147 2262 259 2321 1111111
295 2258 496 2341 Bernhardyi
524 2257 568 2342 (p.
598 2258 675 2343 832)
704 2258 918 2321 dubitationes
954 2257 1172 2323 defendamus.
1232 2260 1283 2324 Ne

145 2367 224 2431 illud
251 2368 377 2451 quidem
405 2369 711 2450 11111111111111111,
740 2369 893 2432 metricae
921 2368 999 2431 artie
1023 2374 1078 2432 aut
1101 2370 1203 2433 solum
1226 2375 1282 2433 aut

144 2477 282 2562 primum
304 2479 389 2542 inter
404 2479 543 2542 Graecos
570 2478 747 2542 antistitem
769 2479 889 2542 dictum
910 2500 977 2542 esse
993 2478 1151 2543 Hadriani
1168 2503 1281 2564 aequa-

144 2591 218 2653 lem.
264 2589 398 2653 Accedit
419 2588 502 2672 (quod
523 2588 609 2651 illius
625 2589 769 2672 vestigiis
789 2589 944 2652 institisse
967 2589 1062 2653 Iuba
1084 2591 1280 2673 perhibetur.

145 2699 417 2764 Commemoratur
438 2699 466 2761 is
487 2699 522 2762 in
544 2698 676 2762 metrico
697 2720 815 2781 genere
838 2698 936 2762 etiam
953 2721 972 2762 a
987 2698 1104 2764 Rufino
1127 2701 1165 2764 de
1188 2705 1280 2765 metr.

145 2832 225 2873 com.
244 2832 274 2891 p.
291 2808 374 2873 2713
390 2808 519 2871 Putsch.
545 2807 620 2891 (388
637 2808 754 2890 Gaisf.)
778 2808 822 2871 eis
844 2809 949 2872 verbis
971 2831 1052 2892 qnae
1074 2811 1282 2875 tractavimus

144 2920 236 3002 Disp.
260 2919 299 2981 de
314 2922 376 2981 vet.
393 2917 500 2981 Plauti
521 2919 655 3000 interpr.
678 2941 708 3000 p.
725 2918 746 2981 4
763 2916 904 3003 [Parerg.
922 2919 937 2982 I
953 2942 984 3002 p.
1001 2920 1092 3007 358]:
1115 2925 1281 3003 praeterea

144 3053 164 3092 a
187 3028 352 3092 Prisciano
374 3027 412 3090 de
434 3031 527 3091 metr.
551 3027 679 3090 Terent.
703 3050 735 3110 p.
751 3027 814 3091 406
837 3029 951 3091 11407
974 3028 1085 3094 Krehl.
1112 3029 1195 3115 [420.
1219 3031 1279 3093 421

143 3138 259 3225 Κ111.];
286 3138 341 3201 ubi
367 3142 477 3200 tamen
499 3136 628 3221 egregie
655 3136 812 3200 falluntur
839 3138 892 3220 qui
921 3138 987 3200 eius
1015 3161 1032 3202 e
1059 3139 1140 3203 libro
1168 3143 1317 3203 octavox

143 3250 363 3332 fragmentum
385 3247 490 3310 1111111
512 3250 680 3329 putarunt3
702 3268 779 3309 nam
800 3254 830 3310 in
852 3259 957 3312 octavo
972 3271 1037 3312 non
1059 3252 1107 3312 est
1129 3258 1282 3314 incarneo

142 3364 236 3434 libro,
266 3357 321 3420 sed
343 3365 375 3422 in
397 3369 503 3422 octavo
527 3362 605 3436 pede
626 3357 833 3420 iambicorum
856 3379 1017 3441 versuum,
1045 3358 1080 3421 in
1108 3376 1169 3446 quo
1198 3354 1282 3418 idem

143 3490 212 3532 non
226 3490 414 3551 numquam,
431 3466 514 3551 quod
529 3467 564 3530 in
579 3467 732 3548 secundo,
757 3471 869 3549 quarto
885 3471 917 3529 et
937 3473 1042 3550 sexto,
1066 3467 1135 3530 fieri
1151 3466 1281 3546 dicitur3

142 3579 291 3662 proxima
322 3581 428 3641 autern
460 3577 559 3660 ipsius
592 3582 668 3640 sunt
699 3577 856 3640 Prisciani
890 3577 996 3640 verba.
1052 3578 1147 3641 Illum
1183 3576 1282 3659 igitur

142 3688 273 3770 Iubam,
308 3688 361 3770 qui
393 3688 478 3750 inter
504 3687 653 3750 metricos
682 3687 905 3750 auctoritatem
938 3688 1061 3770 primae
1094 3685 1281 3750 eruditionis

143 3798 286 3861 obtinuit
293 3783 312 3878 ,¹
331 3798 554 3879 putabimusne
576 3797 744 3860 obscrnum
768 3797 904 3879 aliquem
927 3797 1142 3882 magistellum
1170 3796 1279 3876 fuisse,

145 3908 234 3971 cuius
263 3929 418 3989 nusquam
450 3910 615 3989 praeterea
642 3906 707 3969 ulla
735 3907 853 3970 mentio
885 3907 966 3970 fiat?
1014 3908 1068 3971 An
1095 3904 1282 3969 eruditionis

145 4017 239 4080 laude
261 4017 427 4079 florentem
448 4018 533 4078 inter
553 4020 676 4080 veteres
698 4017 868 4100 scriptores
883 4017 994 4080 Iubam
1016 4016 1115 4079 ullum
1136 4015 1281 4079 novimus

144 4130 274 4209 praeter
295 4127 575 4204 πολυμαθέετατον
598 4126 688 4188 illum
711 4127 760 4209 (ut
782 4127 941 4189 Athenaei
963 4125 1013 4189 III
1035 4148 1067 4208 p.
1084 4126 1164 4188 833
1186 4124 1282 4186 verbo

144 4236 233 4318 utar)
253 4234 422 4298 Numidiae
444 4236 530 4319 regis
552 4235 652 4298 filium
675 4258 693 4298 a
717 4234 751 4298 0.
777 4235 912 4299 Caesare
935 4235 1087 4318 captum?
1123 4234 1171 4298 De
1195 4235 1281 4297 cuius

145 4344 273 4427 seriptis
300 4350 372 4426 post
398 4344 548 4409 Vossium
576 4345 614 4408 de
643 4345 718 4408 hist.
748 4343 802 4408 Gr.
832 4344 879 4427 Π,
908 4346 930 4408 4
956 4368 987 4429 p.
1011 4344 1199 4408 22001111.
1230 4365 1281 4406 ex-
