2948 4996
297 330 344 376 DE
367 327 517 375 CANTICO
541 328 748 375 SOPEOCIAEO
773 327 894 374 camel
917 326 1081 373 COLONEl.

264 514 267 519 ,
368 484 470 547 λεῦεει
492 503 542 547 νιν
567 480 681 560 μορίου
704 482 771 545 διὸ(

369 595 397 672 χ“
419 593 439 657 ἁ
460 595 643 668 γλαυκῶπι(
666 591 776 656 ἀθάνα.

369 744 470 810 ἄλλον
493 746 528 809 δ’
549 744 643 810 αἶνον
671 745 736 822 ἔχω

369 856 563 936 ματροπόλει
585 859 672 920 reae
695 853 859 933 κράτιετον

368 970 476 1046 δῶρον
499 970 557 1030 τοῦ
580 966 721 1043 μεγάλου
744 964 895 1041 δαίμονα(
918 962 1018 1027 εἰπεῖν

283 1128 285 1130 .
368 1076 494 1154 αὔχημα
515 1077 672 1155 μέγιετον,

369 1185 507 1251 εὔιππον
531 1186 681 1251 εὔπωλον
704 1185 908 1249 εὐθάλαεεον.

370 1295 396 1359 ὠ
420 1300 478 1360 παῖ
499 1296 629 1375 κρόνου,
651 1297 688 1359 εὔ
710 1295 771 1374 γάρ
793 1316 844 1360 νιν
867 1294 910 1358 εἰ(

369 1408 443 1470 τόδ’
466 1407 549 1471 eico<
572 1407 690 1486 αὔχημ’
712 1404 792 1471 ἄναξ
814 1405 977 1480 ποεειδὰν,

368 1515 490 1580 ἵπποιει
512 1517 570 1581 τὸν
593 1516 749 1595 ἀκεετῆρα
775 1516 908 1595 χαλινὸν

368 1629 519 1706 πρώταια
541 1630 608 1691 ταῑε
631 1627 663 1689 δ’
687 1626 807 1690 ἔκτιεαε
832 1625 963 1701 ἀγυιαῑε.

370 1736 390 1801 ἁ
411 1739 445 1801 b'
468 1733 642 1815 εὐήρετμοε
663 1736 800 1812 ἔκπαγλ’
827 1735 901 1800 ἁλία
922 1756 992 1815 χερ-

370 1867 397 1910 ct
418 1847 650 1925 παραπτομένα
672 1847 777 1910 πλάτα

370 1957 513 2035 θρώιεκει
534 1961 600 2022 τῶν
623 1956 854 2036 ἑκατομπόδων

369 2067 529 2146 νηρηῖδων
551 2066 738 2132 ἀκόλουθοε.

120 2217 188 2281 Vbi
217 2239 315 2282 manu
342 2216 482 2283 secunda
511 2223 688 2283 correctum
715 2222 764 2282 est
790 2241 821 2283 v.
845 2218 907 2283 698
930 2218 1114 2300 ἀχείρητον,
1148 2239 1179 2280 u.
1203 2217 1266 2280 000

120 2356 261 2434 ἐγχέων,
282 2376 313 2418 v.
338 2355 396 2419 701
421 2318 662 2436 πῦἱδοτρόφου,
686 2356 721 2419 in
743 2354 950 2420 Triclinianis
979 2356 1084 2416 autem
1108 2353 1265 2436 exempla-

121 2464 212 2526 ribus
235 2464 346 2528 aliisve
369 2465 563 2550 apographis
586 2468 619 2531 δ’
636 2464 708 2532 οἷον
724 2488 753 2528 π.
770 2465 844 2543 694,
866 2466 992 2544 μέγιετα
1008 2463 1079 2546 700,
1104 2466 1171 2544 χερὶ
1187 2463 1259 2544 703,
1280 2475 1308 2524 lv

122 2575 244 2638 λεῦεεει
268 2575 339 2658 705,
363 2576 404 2655 χά
427 2576 499 2655 706,
519 2576 661 2642 ἵπποιειν
685 2577 757 2658 714,
783 2580 889 2641 ταῖεδε
910 2575 1014 2640 arico(
1037 2575 1109 2657 715,
1133 2577 1265 2654 θρώεκει

123 2686 197 2766 718,
222 2689 371 2770 νηρῄδων
395 2686 471 2768 710,
496 2685 624 2749 inutilia
645 2689 682 2749 ut
703 2686 830 2751 silentio
852 2685 1157 2768 praetermittamus,

210 2794 250 2858 In
272 2794 322 2858 his
350 2796 501 2880 quoniam
533 2795 701 2880 principia¹
720 2796 883 2880 utriusque
912 2796 1062 2878 strophae
1085 2794 1265 2878 discrepare

124 2906 266 2968 numeris
294 2928 323 2970 v.
347 2906 420 2970 607.
451 2907 514 2972 710
543 2907 730 2990 apparebat,
764 2910 938 2970 metrorum
965 2896 1176 2970 concinnitati
1210 2911 1266 2967 aut
1342 2891 1351 2904 ’

125 3014 272 3080 addendo
294 3016 328 3079 in
352 3016 553 3100 antistropha
577 3017 757 3081 consultum
772 3020 820 3080 est
836 3019 891 3080 aut
906 3016 940 3079 in
963 3000 1095 3099 stropha
1117 3013 1263 3078 delendo.

124 3125 195 3189 Nec
217 3147 274 3209 per
296 3147 330 3190 se
353 3131 402 3190 est
422 3126 567 3210 profecto
590 3148 645 3191 cur
668 3127 855 3190 altemtram
877 3125 1068 3191 emendandi
1090 3124 1175 3188 viam
1198 3123 1266 3187 vin-

126 3239 181 3298 cat
209 3236 327 3300 altera:
364 3237 490 3321 quando
517 3259 578 3301 nec
600 3236 799 3301 incommode
827 3237 877 3299 vel
899 3234 1053 3299 inusitate
1075 3239 1183 3314 δῶρον
1207 3238 1265 3299 τοῦ

125 3347 267 3425 μεγάλου
290 3347 442 3432 δαίμονος
464 3348 574 3426 εἰπεῖν,
598 3350 741 3428 χθονὸε
764 3348 889 3426 αὔχημα
910 3348 1055 3425 μέγιετον
1079 3345 1205 3427 dicitur,
1233 3344 1266 3407 id

126 3456 210 3539 quod
232 3456 374 3519 Porsono
397 3461 430 3520 et
451 3456 639 3521 Hermanno
665 3453 803 3540 placuit,
836 3478 896 3520 nec
918 3457 1048 3520 resectis
1071 3478 1143 3520 cum
1164 3453 1199 3518 F.
1225 3453 1264 3518 G.

126 3565 304 3630 Schmidtio
336 3570 367 3630 et
400 3566 643 3631 Schneidewino
672 3569 860 3632 Πέλοπος
893 3568 991 3631 πώ-
1023 3566 1154 3650 syllabis
1186 3585 1266 3648 quae

127 3680 267 3758 restant,
292 3678 367 3743 οὐδ’
388 3677 424 3742 ἐν
447 3682 486 3761 τᾷ
507 3679 628 3761 μεγάλᾳ
650 3678 774 3756 Δωρίδι
796 3679 883 3762 adop
905 3680 985 3742 ποτὲ
1009 3678 1155 3757 βλαπτόν,
1181 3676 1266 3760 quic·

126 3808 307 3870 quamquo
335 3786 528 3870 displiceant
548 3787 679 3852 habent.
725 3787 837 3871 ltaque
867 3809 938 3851 cum
964 3809 1030 3851 non
1057 3809 1134 3851 sane
1161 3787 1266 3850 minus

126 3896 223 3958 facile
246 3897 373 3980 aliquod
396 3896 586 3962 intercidere
607 3897 796 3961 vocabulum
815 3919 900 3983 ¹casu
927 3898 1067 3981 potnerit
1093 3919 1188 3981 quam
1211 3896 1267 3959 ali-

126 4005 203 4089 quid
226 4006 363 4070 adscribi
385 4006 620 4090 interpretandi
643 4030 764 4091 caussa,
790 4009 993 4092 consequitur
1015 4011 1060 4090 ut,
1083 4030 1160 4071 num
1183 4007 1266 4091 quod

126 4119 353 4200 argumentum
374 4117 408 4180 in
430 4121 581 4201 promptu
602 4120 645 4183 sit
671 4120 895 4184 necessitatem
916 4118 1055 4201 habena,
1084 4121 1264 4203 quaeratur.

125 4224 205 4288 Eius
225 4226 312 4290 modi
335 4232 441 4291 autem
456 4250 522 4292 non
536 4251 635 4293 unum
650 4232 778 4313 praesto
794 4250 872 4311 esse,
896 4228 950 4292 sed
966 4227 1027 4291 duo
1050 4228 1266 4313 intellegimus

126 4357 226 4423 eaque
259 4337 294 4400 in
323 4337 456 4402 eandem
483 4343 607 4423 partem
636 4339 787 4403 valentia.
833 4338 975 4410 Primum
1002 4339 1087 4404 euim
1114 4340 1266 4412 Πέλοπος
