2904 4996
461 345 584 394 sanvrs
608 343 827 394 1111111111.
1159 325 1221 391 671

73 499 170 565 hodie
199 521 265 564 non
292 500 362 564 sine
390 520 511 584 magno
545 498 624 562 artis
658 498 851 562 detrimento
864 519 1039 562 -rarescere
1066 497 1221 580 videmus,

73 611 278 695 potissimam
310 610 372 673 nisi
407 610 550 673 fallimur
580 630 725 673 caussam
753 607 839 672 hanc
869 607 982 690 habet,
1018 608 1116 691 quod,
1151 629 1221 673 cum

73 721 154 785 olim
183 720 295 804 scripti
328 720 452 785 codices
486 719 627 785 omnium
660 718 807 783 manibus
841 719 1137 803 frequentarentur,
1171 718 1222 783 his
1253 702 1257 703 ⁷

72 853 164 897 nuno
186 831 253 895 sive
273 831 423 915 sepositis
452 831 518 895 sire
546 830 677 896 remotis
705 830 931 913 impressorum
957 829 1112 893 librorum
1139 831 1221 893 trac·

74 943 158 1006 tatio
181 942 334 1006 successit
356 945 451 1026 atque
474 941 520 1004 ita
544 940 689 1024 invaluit,
713 942 831 1004 utnon
845 939 1026 1004 mehercule
1048 960 1222 1024 paucorum

74 1051 177 1117 oculis
200 1052 323 1117 librarii
347 1053 526 1136 eremplmn
548 1052 647 1116 ullum
669 1040 1065 1135 numquamapparuerit:
1100 1071 1162 1134 quo
1184 1050 1221 1114 fit

74 1168 113 1227 11
147 1166 180 1226 11
213 1162 399 1228 crudissima
433 1184 575 1247 quaeque
607 1161 770 1245 patienter
805 1160 1004 1246 quorundam
1038 1160 1220 1226 stomachus

75 1276 257 1357 concoquat
284 1276 315 1336 et
337 1272 376 1337 de
397 1276 466 1337 toto
494 1293 612 1358 genere
641 1293 712 1336 cum
736 1271 937 1356 iniquissima
959 1273 1028 1335 tunr
1050 1273 1220 1355 perversis-

73 1384 158 1448 sima
179 1383 297 1448 iudicia
319 1384 410 1447 fiant.
456 1383 597 1447 Tantum
620 1386 668 1446 est
690 1383 792 1466 enim,
823 1382 958 1467 credite,
987 1382 1070 1467 quod
1092 1403 1159 1447 non
1182 1383 1221 1446 ad

74 1495 206 1580 singula
228 1497 356 1559 tantum
378 1498 464 1558 recte
489 1494 664 1576 censenda,
695 1493 750 1559 sed
778 1493 819 1558 ad
846 1493 1013 1558 universae
1041 1493 1137 1558 fidem
1158 1516 1221 1558 111-

73 1606 197 1670 moriae
219 1605 347 1689 einsque
370 1604 512 1668 rationes
535 1609 567 1669 et
588 1603 825 1670 vicissitudines
849 1608 1014 1689 tamquam
1035 1626 1093 1689 per
1115 1626 1220 1670 saecu-

75 1716 221 1780 culorum
250 1715 423 1800 caliginem
456 1716 653 1779 contuendas
682 1719 714 1780 et
746 1716 834 1779 velut
862 1715 898 1780 in
918 1718 1036 1780 'certae
1070 1715 1221 1802 imaginis

73 1826 216 1911 speciem
240 1825 436 1911 colligendas
459 1848 476 1890 e
498 1848 596 1890 manu
618 1826 810 1910 scriptorum
833 1826 1061 1910 exemplarium
1082 1827 1220 1892 lectione
1239 1834 1256 1881 V

74 1937 253 2020 proficitur,
277 1940 323 2019 ut,
352 1937 417 2001 nisi
439 1937 493 2020 qui
516 1959 572 2000 suo
594 1936 740 2020 exemplo
763 1939 911 2020 expertus
934 1936 987 2019 sit,
1010 1938 1073 2000 rim
1098 1938 1220 2001 111111-

74 2048 200 2111 caciam
216 2047 309 2110 huius
332 2046 494 2130 praesidii,
520 2046 607 2111 cuius
630 2068 832 2132 nequaquam
850 2047 971 2112 vicaria
994 2068 1062 2111 csse
1084 2047 1149 2111 ulla
1171 2046 1221 2111 vel

74 2165 288 2223 commentatio
311 2162 577 2237 palaeoprapbica
610 2157 661 2222 vel
688 2157 795 2222 aliena
827 2179 924 2242 opera
956 2161 1070 2242 parata
1103 2158 1221 2222 codicis

73 2268 207 2333 collatio
230 2271 346 2351 potest,
371 2288 467 2352 aegre
491 2267 687 2352 cogitatione
710 2269 950 2352 complectatur.

163 2378 255 2442 Trita
289 2382 321 2440 et
353 2377 526 2442 decantata
557 2376 689 2443 na'rrare
719 2379 764 2443 eis
798 2379 991 2460 videbimur,
1025 2379 1080 2463 qui
1107 2378 1221 2443 harum

71 2510 182 2553 rerum
204 2510 296 2552 usum
318 2487 454 2552 habent:
490 2511 557 2553 111
583 2489 711 2553 inutilia
738 2492 775 2553 11
803 2511 968 2574 speramus
1000 2489 1107 2573 vobiS,
1143 2512 1220 2575 quos

72 2603 187 2664 nostra
215 2599 349 2663 interest
377 2620 469 2662 usum
497 2599 587 2663 illum
617 2602 649 2663 11
676 2600 866 2665 facultatem
895 2601 1055 2685 consequi.
1100 2589 1220 2676 Quibus

71 2710 228 2795 11111111
251 2731 317 2774 111
339 2731 507 2793 possumus
522 2711 608 2793 ipsos
624 2710 760 2795 scriptos
776 2711 875 2776 libros
890 2711 925 2776 in
940 2733 1055 2775 manus
1077 2710 1218 2776 tradere:

70 2820 204 2906 quando
226 2820 261 2883 in
289 2820 350 2884 hoc
377 2841 495 2905 genere
524 2820 696 2886 dolendum
723 2825 772 2886 est
800 2822 898 2886 nimis
925 2822 1022 2906 longo
1050 2822 1220 2886 intervallo

70 2934 207 2995 nostrae
229 2930 420 2995 tenuitatem
442 2930 655 2997 bibliothecae
676 2934 718 2997 ab
738 2932 874 2996 aliarum
897 2931 1073 2996 communis
1094 2931 1219 3015 patriae

71 3040 334 3105 universitatium
360 3041 518 3106 thesauris
547 3043 701 3127 relinqui:
738 3043 823 3106 hanc
851 3046 887 3106 nt
918 3042 1025 3127 aliqua
1058 3062 1097 3105 ex
1127 3045 1219 3125 parte

71 3152 233 3216 iacturam
264 3173 522 3236 compensemus,
555 3174 596 3216 11
624 3152 713 3216 vobis
741 3157 906 3236 tamquam
934 3152 1074 3235 aliquam
1106 3151 1219 3215 silvam

71 3261 264 3326 mendorum
292 3262 341 3325 vel
364 3261 392 3324 si
414 3262 464 3325 fas
487 3265 536 3326 est
563 3262 668 3326 dicere
695 3262 931 3348 sterquilinium
953 3261 1127 3346 quoddam,
1157 3284 1219 3347 111

71 3376 184 3437 vestra
212 3394 308 3456 opera
335 3372 562 3457 perpurgando
591 3377 624 3436 et
649 3372 798 3437 idoneam
826 3395 897 3437 cum
919 3372 1122 3437 librariorum
1143 3373 1218 3436 levi-

71 3488 144 3548 tate
175 3482 429 3547 familiaritatem
458 3481 656 3548 contrahatis
686 3486 718 3546 11
747 3484 896 3548 vitiorum
926 3483 1090 3548 commode
1123 3482 1218 3548 corri-

71 3593 254 3680 gendorum
275 3595 457 3678 promptam
478 3592 567 3658 vobis
590 3593 852 3659 consuetudinem
873 3595 1019 3680 pariatis.
1051 3592 1217 3660 (11111111-

70 3703 224 3769 citationi
252 3726 316 3768 uon
343 3726 408 3767 una
436 3704 475 3767 de
505 3723 616 3767 caussa
644 3704 802 3787 imprimis
829 3709 939 3789 aptam
966 3705 1135 3769 1111111111
1166 3705 1218 3768 hic

67 3815 163 3879 velut
192 3818 286 3877 cento
314 3835 493 3898 pannorum
526 3815 811 3898 grammaticonmr
842 3816 992 3900 praebet:
1029 3815 1219 3897 pracsertim

68 3947 147 3990 cum
170 3905 377 4010 11111111111
400 3924 536 4007 quadret
557 3925 639 4008 quod
663 3925 775 3989 iubent
799 3926 994 3990 medicorum
1015 3925 1073 3988 filii
1096 3925 1217 4008 experi-

64 4037 220 4101 mentum
241 4035 309 4098 fieri
332 4035 366 4098 in
390 4055 521 4118 corpore
542 4035 608 4098 vili.

545 4300 746 4312 ——-—-—.
