3008 5002
226 319 290 382 202
577 335 735 381 τππτπλπ
758 334 1019 382 οαοπιιαοιυπιιιι

228 490 381 568 βαςιλέως
402 490 451 552 καὶ
474 492 662 567 ςτρατηγού,
685 488 770 553 πάνυ
786 489 937 568 ἐχέφρων
952 489 1002 552 καὶ
1024 489 1189 566 νουνεχής.
1229 489 1284 550 Καὶ
1305 488 1367 565 γάρ

227 600 380 677 ἐνναετὴς
402 598 481 662 ούςα
504 598 606 663 ἐπειςε
630 599 752 678 πατέρα
773 600 833 663 τὸν
855 598 969 677 ἑαυτῆς
991 600 1031 677 μὴ
1051 602 1213 675 πειςθῆναι
1229 599 1366 676 Ἀριςτα·
1382 623 1409 659 20

225 710 309 789 γὸρᾳ
330 716 376 793 τῷ
399 707 538 773 Ἱςτιαίου
561 713 693 791 γαμβρῷ
716 710 765 772 καὶ
788 707 913 792 ἀνεψιῷ
941 708 1085 773 εἰποῡςα·
1113 708 1265 786 άπατήςει
1293 709 1368 772 ςεδ

226 820 317 886 ξένος
346 817 446 897 πάτερ
475 817 501 883 εἰ
528 819 569 897 μὴ
598 816 740 902 άποςτῇς
768 817 823 883 ἀπ’
851 819 967 883 αύτού·
994 817 1199 897 καὶῦςτερον
1222 819 1369 898 δὲπαρά

226 928 423 1007 Δημαράτου
444 928 573 1008 γράμμα
594 929 707 993 ςταλέν
728 928 836 1010 πίνακι
851 930 1064 1012 κεκηρωμένῳ
1085 929 1137 993 διὰ
1159 928 1269 1009 φόβον
1291 928 1368 993 ὁδο·

225 1038 382 1118 φυλάκων
405 1040 526 1116 δηλοῦν
547 1042 615 1102 τοῖς
639 1038 760 1102 Λάκωςι
784 1038 888 1103 πάντα
916 1039 975 1104 τὸν
998 1038 1122 1118 Ξέρξου
1149 1039 1283 1116 ςκοπὸν,
1311 1061 1368 1117 μη-

225 1149 320 1213 δενὸς
348 1149 383 1212 δέ
411 1169 440 1212 τι
466 1150 589 1223 γνῶναι
618 1147 802 1227 ἰςχύοντος,
831 1148 907 1227 αὕτη
937 1153 1007 1213 τοῖς
1035 1149 1177 1214 Λάκωςιν
1201 1147 1288 1224 εἷπε,
1315 1151 1409 1213 καλῶ

225 1260 371 1324 ξέςαντες
403 1259 461 1323 τὸν
495 1259 595 1337 κηρὸν
627 1257 725 1338 εύρον
757 1260 923 1337 γράμματα
957 1262 1119 1337 δηλοῦντα
1151 1259 1208 1323 τὸν
1240 1258 1368 1337 Ξέρξου

225 1368 354 1433 ςκοπόν.
399 1368 536 1446 Τοιαύτη
559 1369 616 1446 μὲν
639 1368 678 1446 ἠν
706 1369 725 1447 ἡ
750 1370 876 1449 Γοργὼ·
905 1369 982 1434 ὁδὲ
1004 1370 1120 1447 ταύτης
1142 1370 1245 1447 πατὴρ
1270 1370 1368 1432 Κλεο-

224 1481 320 1558 μένης
342 1479 449 1557 μανεὶς
471 1479 610 1557 μεληδὸν
633 1478 748 1543 ἑαυτὸν
772 1480 950 1557 κατέτεμεν,
980 1478 1045 1543 άπὸ
1072 1482 1200 1567 κνημῶν
1223 1478 1368 1557 ἀπαρξά-

224 1609 320 1669 μενος
342 1590 431 1668 μέχρι
453 1589 588 1666 γαςτρὸς
610 1589 660 1651 καὶ
681 1588 854 1654 ἐντοςθίων
878 1588 993 1654 αὐτῶν.
1031 1590 1167 1667 Ἱςτορία.
1204 1589 1239 1652 Ἡ
1256 1588 1367 1653 Πειθὼ

224 1701 277 1780 μία
304 1700 365 1764 ἐςτὶ
398 1705 465 1763 τῶν
495 1697 654 1777 Χαρίτων·
688 1699 707 1776 ἡ
734 1698 902 1776 Πολυμνία
935 1698 988 1778 μία
1020 1699 1083 1762 ἐςτὶ
1114 1702 1182 1762 τῶν
1213 1699 1409 1762 monem

158 1825 206 1872 113
225 1811 319 1875 Οὕτω
342 1811 398 1888 μὲν
420 1812 520 1872 ταύτα
542 1810 610 1872 καθ’
636 1808 776 1887 ἱςτορίαν
803 1810 854 1872 καὶ
876 1812 1100 1889 πραγματικῶς
1128 1809 1272 1886 έχουςιν·
1300 1808 1368 1884 ἐγὼ

224 1923 259 1985 δέ
286 1919 560 2000 χαριεντιζόμενος
591 1920 823 1997 παρακλιτικῶς
857 1919 963 1983 οὕτως
997 1918 1091 1984 είπον
1124 1919 1180 1982 τάς
1213 1920 1369 1996 τέςςαρας

224 2031 353 2110 χάριτας
375 2034 434 2093 τού
456 2029 557 2104 λόγου
580 2030 631 2092 καὶ
646 2028 777 2108 ἀρετὰς,
799 2031 856 2107 τήν
872 2050 906 2094 τε
923 2031 1029 2110 ςαφὴν
1045 2030 1094 2092 καὶ
1109 2029 1166 2106 τὴν
1183 2029 1368 2106 ςυντομίαν,

223 2142 261 2205 τὸ
288 2141 424 2204 πιθανόν
451 2161 486 2204 τε
515 2136 692 2217 καὶάύτήν
711 2130 780 2218 τὴν
807 2140 1093 2218 μεγαλοπρέπειαν.
1142 2139 1179 2202 ‘0
1207 2139 1270 2217 γάρ
1299 2142 1367 2203 τῶν

224 2250 397 2329 ὀνομάτων
425 2250 608 2328 ἑλληνιςμὸς
637 2250 687 2313 καὶ
714 2254 782 2314 τῶν
810 2250 929 2316 λέξεων
953 2249 1086 2327 ἐργάτης
1113 2252 1168 2326 τῆς
1191 2248 1393 2327 ςαφηνείαςτ

223 2361 315 2424 ἐςτίν.

308 2471 338 2530 4.
370 2470 449 2548 Περὶ
472 2473 616 2546 ποιητῶν
644 2469 797 2533 πολλάκις
826 2469 896 2545 ύμῖν
925 2469 1109 2546 ἐδιδάξαμεν
1137 2469 1188 2531 καὶ
1214 2468 1286 2546 περὶ
1310 2472 1366 2545 τῆς

225 2577 378 2656 ἀγοραίας
394 2579 443 2641 καὶ
466 2577 649 2653 ἀγυιατίδος
671 2579 840 2662 κωμῳδίας
856 2580 906 2642 καὶ
927 2579 1113 2658 άγυρτίδος,
1137 2577 1185 2642 ὅτι
1207 2582 1365 2656 γεωργῶν

224 2689 345 2767 εὕρημα
366 2689 416 2751 καὶ
438 2687 486 2752 ὅτι
509 2688 689 2770 τραγῳδίας
711 2691 810 2769 μήτηρ
833 2690 894 2753 ἐςτὶ
910 2691 960 2753 καὶ
975 2690 1136 2767 ςατύρων·
1153 2692 1213 2753 νῦν
1236 2689 1272 2751 δὲ
1293 2689 1367 2766 περὶ

224 2803 278 2876 τῆς
301 2799 433 2877 λογίμη(
455 2798 528 2875 ἡμῖν
552 2799 718 2883 κωμῳδίας
741 2800 793 2877 μοί
815 2801 877 2864 ἐςτι
900 2801 1074 2864 διδακτέον.
1119 2798 1201 2876 Αύτη
1218 2799 1236 2875 ἡ
1252 2819 1366 2881 κωμῳ-
1380 2821 1405 2858 ιο

224 2909 275 2973 δία
297 2910 400 2986 τριττή
423 2909 504 2986 ἐςτι,
532 2910 659 2987 πρώτη,
689 2910 763 2988 μέςη
787 2912 841 2974 καί
859 2909 986 2989 ύςτέρα·
1010 2909 1057 2974 ὡν
1080 2912 1134 2986 τῆς
1157 2911 1213 2988 μὲν
1236 2909 1366 2986 πρώτης

224 3019 263 3097 ἦν
284 3020 445 3098 γνῶριςμα
468 3019 613 3096 λοιδορία
630 3021 796 3099 ςυμτρανὴς
820 3021 870 3083 καὶ
892 3019 1178 3105 άπαρακάλυπτος·
1194 3022 1249 3095 τῆς
1272 3018 1365 3096 μέςης

223 3130 258 3193 δὲ
274 3130 488 3208 καὶδευτέρας
510 3128 551 3206 ἦν
573 3130 735 3208 γνῶριςμα
755 3129 792 3193 τὸ
809 3130 1099 3210 ςυμβολικωτέρως,
1121 3130 1163 3207 μὴ
1180 3129 1366 3205 καταδήλως

224 3241 327 3315 λέγειν
351 3241 390 3303 τὰ
412 3241 596 3318 ςκῶμματα,
619 3238 691 3304 οἷον
714 3240 773 3304 τὸν
797 3239 949 3318 ῥίψαςπιν
966 3239 1140 3318 ςτρατηγὸν
1164 3237 1260 3302 ἀετὸν
1284 3236 1365 3316 ὄφιν

224 3349 339 3413 άςπίδα
367 3350 564 3428 κρατήςαντα
586 3351 635 3414 καὶ
657 3350 815 3428 δηχθέντα
844 3349 898 3411 ὑπ’
919 3349 1017 3427 αὐτῆς
1039 3348 1138 3426 αὐτὴν
1167 3348 1364 3425 άπορρῑψαι·
1379 3371 1405 3408 15

223 3460 339 3538 ἐχρᾶτο
374 3461 409 3523 δέ
438 3442 570 3537 αύτηὴ
600 3461 674 3538 μέςη
708 3463 776 3524 τοῖς
802 3462 999 3539 ςυμβολικοῑς
1031 3459 1157 3522 τούτοις
1186 3458 1365 3535 ςκῶμμαειν

224 3569 342 3647 ὁμοίως
365 3570 416 3633 ἐπί
444 3590 478 3633 τε
501 3571 603 3635 ξένων
631 3572 681 3634 καὶ
703 3572 860 3634 πολιτῶν·
884 3571 932 3633 καὶ
958 3570 978 3646 ἡ
1001 3570 1086 3648 τρίτη
1115 3569 1150 3632 δὲ
1178 3569 1228 3631 καὶ
1251 3567 1367 3645 ύςτέρα

225 3681 420 3757 ςυμβολικῶς
444 3680 564 3758 δμοίως
586 3680 702 3759 ἐχρᾶτο
731 3682 798 3743 τοῑς
821 3681 992 3757 ςκῶμμαςι,
1022 3679 1104 3743 ἀλλὰ
1133 3677 1212 3741 κατά
1233 3677 1366 3740 δούλων

224 3789 274 3852 καὶ
302 3788 423 3866 ξένων,
452 3791 491 3855 ού
519 3792 628 3869 μέντοι
655 3791 793 3864 γεκατὰ
817 3792 975 3853 πολιτῶν·
1003 3789 1063 3866 ἤδη
1089 3788 1150 3864 γὰρ
1178 3787 1210 3850 οί
1237 3788 1367 3850 πολῖται

293 4077 536 4143 20.Ἀριςταγόριμ
557 4076 616 4129 οοιί.
670 4083 710 4128 24.
731 4077 835 4142 μηδένα
854 4075 914 4129 οοιί.
967 4078 1007 4127 ⁶28.
1023 4075 1142 4138 μελοδόν
1161 4070 1219 4125 cod.
1274 4077 1298 4123 2.
1315 4089 1367 4124 πα-

224 4172 407 4234 ραγκλιτικῶς
431 4168 490 4219 οοιί.
583 4170 616 4235 [3.
641 4169 813 4233 ςαφὴνειανὶ)
836 4168 866 4220 F.
890 4170 933 4236 R.]
1027 4173 1065 4220 10.
1092 4170 1106 4220 Ι.
1131 4167 1207 4230 ύμῖνῑ
1236 4163 1291 4215 nisi
1314 4181 1366 4232 pro

225 4277 282 4324 μοι,
306 4261 380 4326 quod
403 4278 458 4313 non
481 4260 549 4313 satis
573 4263 648 4314 οοτίο
672 4279 716 4313 me
739 4259 839 4327 legisse
863 4260 1027 4329 significavi,
1051 4262 1095 4312 καί
1119 4256 1296 4311 scribendum
1321 4257 1366 4309 sit.

225 4353 275 4418 [13.
296 4353 531 4418 ςυμβολικοτέρως
549 4352 608 4404 eod.
679 4355 725 4417 μὴ,
745 4371 800 4406 που
819 4357 864 4406 καλ
883 4356 929 4418 μὴ,
949 4352 1019 4419 cod]
1092 4359 1128 4405 15.
1142 4350 1286 4416 δειχθέντα
1304 4348 1367 4403 οοςὶ.
