2896 4996
460 344 508 389 aa
531 341 600 389 oso
624 343 668 388 01
691 342 833 389 01110110.
1097 302 1103 313 ’
1151 325 1209 387 611

72 497 121 559 010
144 494 330 559 emendetur
352 494 624 578 Etymologicum:
662 496 727 559 ἀπὸ
754 498 813 559 τοῦ
836 494 950 572 πείρω·
980 493 1084 557 οὕτω(
1106 492 1213 573 Ὠροε.

72 607 93 670 ὁ
116 608 152 671 δὲ
174 605 307 685 Ὠρίων,
339 607 425 683 παρὰ
448 607 485 670 τὸ
508 607 678 685 περιέχειν;
716 603 797 688 quod
821 603 924 666 habeo
946 625 1023 666 sane
1047 625 1102 666 cur
1123 625 1213 686 prae-

72 717 160 779 stare
190 717 314 798 putem:
351 715 429 778 satis
459 713 620 779 commode
649 714 825 777 Larcherus
858 714 947 776 sedes
982 713 1214 796 transposuerit

73 826 238 908 utriusque
270 823 420 888 nominis,
465 824 533 888 Nec
561 846 634 888 raro
663 847 734 888 cum
763 815 901 888 Orionea
930 823 1130 906 componitur
1157 823 1214 887 Ori

73 936 182 1019 aliqua
205 934 360 998 derivatio
383 933 417 997 in
439 933 672 1018 Etymologico,
694 937 730 997 ut
752 956 783 1017 p.
807 933 880 1016 602,
903 933 946 997 40
969 934 1039 997 coll.
1064 932 1214 996 Favorini

72 1044 146 1108 Ecl.
171 1068 202 1128 p.
226 1045 356 1126 268,16
379 1047 411 1106 01
433 1045 533 1107 tacito
556 1044 684 1109 Orionis
708 1044 836 1107 nomine
852 1067 881 1106 1.
900 1066 927 1108 0.
945 1066 976 1126 p.
993 1044 1066 1125 583,
1084 1044 1104 1106 8
1127 1043 1213 1126 (0011.

73 1154 196 1218 Adnot.
225 1177 256 1238 p.
281 1153 367 1239 965).
397 1154 475 1235 613,
509 1155 557 1217 18.
587 1155 665 1236 618,
689 1154 720 1217 5.
751 1155 827 1237 788,
851 1154 902 1218 32.
929 1153 1005 1234 792,
1030 1154 1090 1234 34,
1126 1153 1212 1215 alibi.

73 1264 178 1327 Priori
207 1268 314 1326 autem
335 1262 384 1325 illi
410 1263 448 1326 de
470 1265 618 1329 επιλὰδε(
647 1264 790 1347 exemplo
820 1285 875 1327 cur
903 1263 1013 1326 eadem
1035 1263 1216 1326 emendatio

73 1395 132 1457 per
154 1373 436 1457 transpositionem
457 1373 545 1437 facta
568 1373 712 1436 adhiberi
734 1376 889 1457 nequeat,
920 1395 1031 1436 caussa
1053 1373 1132 1436 haec
1155 1375 1214 1455 est,

73 1484 158 1566 quod
187 1484 221 1546 111
250 1488 359 1547 1100110
387 1483 515 1547 Orionis
543 1483 645 1548 lexico
672 1487 786 1547 neutra
815 1487 943 1566 recepta
970 1483 1127 1546 derivatio
1155 1487 1213 1546 est.

74 1593 188 1676 Itaque
216 1597 271 1656 aut
298 1593 355 1656 illa
384 1597 432 1657 est
460 1615 497 1657 ex
526 1593 570 1657 cis
599 1594 730 1679 glossis,
765 1616 843 1678 quas
870 1595 904 1656 in
932 1593 1080 1657 Parisino
1108 1592 1215 1656 codice

74 1725 168 1786 posse
197 1704 350 1766 excidisse
374 1704 586 1767 concessimus
608 1725 740 1767 numero
763 1726 882 1787 paucas
889 1754 898 1786 ,
929 1707 985 1766 aut
1012 1725 1070 1787 pro
1098 1704 1215 1783 Ὠρίων

73 1813 213 1878 fortasse
246 1812 478 1877 restituendum
510 1817 559 1877 est
589 1815 794 1894 Ἡρωδιανὸς.
838 1813 942 1877 Huius
975 1814 1061 1877 enirn
1094 1817 1126 1877 et
1158 1814 1215 1878 Ori

74 1923 293 2006 discrepantia
307 1924 392 1987 inter
414 1945 448 1987 se
470 1923 588 1988 iudicia
604 1925 749 2008 quotiens
765 1924 854 1986 iuxta
877 1924 981 2006 posita
1003 1922 1214 2007 reperiantur,

75 2056 147 2096 cum
171 2055 266 2116 supra
289 2033 505 2118 significatum
525 2037 583 2115 est,
607 2038 676 2097 tum
691 2034 883 2097 luculentius
900 2033 1069 2117 apparebit
1091 2036 1213 2117 postea.

74 2143 199 2206 Ibidem
226 2143 309 2227 quod
338 2144 517 2226 proferetur
549 2147 802 2227 permutatorurn
830 2144 929 2223 Ὧρος
958 2146 990 2207 01
1019 2145 1215 2223 Ἡρωδιανό(

74 2253 241 2316 nominum
264 2254 453 2337 exemplum,
477 2253 506 2316 ci
528 2276 614 2318 nuno
637 2253 718 2317 addo
741 2253 848 2338 Etym.
872 2254 917 2316 M.
941 2276 972 2336 p.
989 2253 1062 2336 520,
1081 2254 1120 2317 16
1143 2254 1214 2317 0011.

75 2362 197 2426 Adnot.
214 2386 245 2447 p.
262 2364 335 2446 922,
357 2362 410 2427 Et.
429 2362 510 2428 Gud.
527 2365 599 2447 328,
617 2365 668 2446 29,
693 2367 725 2428 01
740 2365 876 2428 alterum
891 2363 944 2427 Et.
961 2363 1006 2427 M.
1023 2386 1055 2447 p.
1071 2364 1145 2446 481,
1164 2364 1215 2447 16,

75 2471 153 2538 Zon.
178 2496 210 2556 p.
237 2474 317 2538 1138
341 2473 412 2537 coll.
437 2472 519 2537 Gud.
543 2497 574 2557 p.
598 2474 677 2557 287,
703 2475 752 2537 11.

599 2672 620 2749 ξ
644 2667 693 2734 15.

161 2802 374 2887 Posteaquam
402 2804 612 2867 fundamenta
640 2804 770 2867 icoimus
803 2803 944 2887 reliquae
977 2803 1213 2885 disputationis,

76 2915 163 2997 ipsos
187 2913 392 2997 aggredimur
414 2913 641 2998 grammaticos
664 2935 833 2996 eonimque
856 2913 976 2995 scripta
998 2916 1029 2975 et
1052 2912 1215 2975 doctrinae

76 3045 180 3108 genus
203 3023 353 3087 iudicare.
399 3023 442 3086 Et
465 3023 547 3106 quod
570 3023 688 3086 attinet
711 3024 749 3086 ad
774 3022 935 3086 Orionis
957 3022 1128 3086 lexicum
1150 3025 1214 3105 ety-
1234 3035 1266 3082 ‘28

76 3132 287 3216 mologicum,
312 3133 350 3196 de
373 3153 434 3216 quo
456 3133 582 3196 brevius
605 3154 700 3217 agere
723 3133 848 3215 licebit,
877 3135 1004 3195 tantum
1026 3132 1120 3195 hodie
1144 3153 1216 3195 con-

77 3242 148 3306 cedi
169 3263 234 3305 uno
256 3263 310 3305 ore
333 3245 425 3326 puto,
454 3242 648 3306 Graecorum
671 3243 780 3306 laudes
803 3243 1085 3326 grammaticorum
1107 3242 1217 3325 quovis

76 3353 141 3415 alio
171 3352 250 3415 artis
282 3353 353 3415 loco
387 3352 492 3436 potius
520 3375 615 3436 quarn
642 3352 863 3437 etymologicis
896 3351 1007 3415 studiis
1040 3351 1217 3415 metiendas

77 3484 165 3525 esse:
181 3461 286 3545 quode
299 3483 441 3546 congrua
456 3462 636 3546 Niebuhrii,
654 3461 856 3545 Buttmanni,
873 3461 908 3527 O.
923 3462 960 3525 Ο.
978 3461 1123 3524 Muelleri
1139 3461 1217 3525 iudi-

79 3573 132 3636 cia
156 3572 301 3654 apposite
325 3573 491 3636 contendit
513 3573 661 3636 Lehrsius
684 3573 722 3636 de
744 3572 933 3636 Aristarcho
955 3595 986 3655 p.
1010 3572 1059 3635 56.
1106 3572 1218 3655 Itaque

73 3683 177 3745 etiarn
194 3681 322 3745 Orionis
345 3682 481 3746 lexicum
504 3683 531 3746 si
553 3683 635 3746 nihil
659 3683 837 3747 contineret
859 3686 986 3767 praeter
1000 3681 1217 3765 ineptissimas

32 3770 38 3779 .
70 3813 174 3874 saepe
196 3813 328 3855 numero
349 3794 575 3857 vocabulorum
602 3793 849 3878 originationes,
878 3792 1018 3876 qualium
1047 3792 1082 3854 in
1105 3792 1217 3855 ceteris

69 3902 310 3986 Etymologicis
338 3902 550 3966 habueramus
578 3907 732 3987 quantum
754 3903 838 3980 ,satis
867 3906 965 3985 esset,
1001 3901 1055 3965 sed
1088 3901 1217 3985 optimis

66 4013 145 4078 illic
178 4011 327 4075 admixtis
360 4014 494 4076 aliorum
527 4035 680 4097 generum
718 4013 912 4097 praeceptis:
955 4011 1036 4075 nihil
1073 4013 1217 4095 profecto

64 4124 172 4203 esset,
199 4143 254 4185 cur
269 4144 287 4185 0
302 4123 366 4186 situ
387 4126 585 4206 protractum
606 4145 726 4208 magno
747 4144 842 4206 opere
864 4122 955 4186 nobis
971 4123 1214 4206 gratularemur.

62 4235 199 4299 Verum
227 4233 400 4317 singularis
430 4233 496 4296 eius
524 4234 624 4297 virtus
653 4238 685 4297 et
706 4233 906 4318 praestantia
935 4233 969 4295 111
992 4232 1041 4294 his
1065 4231 1215 4312 cernitur,

58 4364 158 4432 quac
181 4341 246 4404 illis
268 4342 401 4406 fortuito
424 4342 528 4426 magis
551 4366 647 4427 quam
671 4344 815 4407 consulto
838 4345 1056 4425 accesserunt,
1081 4341 1216 4425 insigni-

948 4445 1014 4510 39*
