3014 5010
249 321 308 383 142
477 402 480 406 ,
548 336 798 384 coaoanaarvu
821 337 1090 388 ursev‘mrrours

330 488 504 551 Attulimus
527 510 564 551 ea
587 493 793 574 argumenta,
817 491 930 573 quibus
953 514 1016 555 non
1037 492 1238 556 mediocriter
1253 493 1389 579 infringi

245 599 336 662 istius
358 601 557 678 διορθώεεω(
580 599 675 662 fidem
697 622 778 663 unus
801 600 932 684 quisque
955 602 1082 666 sentiet.
1128 601 1246 677 Quodsi
1269 604 1389 688 aliquid

245 709 342 771 etiam
357 709 391 771 in
407 709 468 773 hoc
483 731 600 793 genere
616 732 709 792 posse
721 710 940 773 Alexandrum
956 732 1027 775 cum
1039 711 1248 795 Lycophrone
1263 714 1389 796 pericli-

243 822 348 882 tatum
370 841 439 883 esse
461 820 608 882 nolumus
624 819 816 883 obstinatius
838 842 1016 904 pernegare
1031 822 1066 884 in
1087 822 1188 885 tantis
1211 823 1389 888 studiorum

244 929 371 992 illorum
392 930 549 994 tenebris:
574 929 676 993 eidem
704 931 813 993 tamen
840 920 1057 1015 intellegimus
1084 932 1200 995 mirum
1232 938 1390 1016 quantum

244 1032 336 1102 huius
358 1040 529 1102 memoriae
552 1044 584 1103 et
610 1039 801 1104 tenuitatem
831 1044 863 1103 et
885 1041 1114 1104 obscruitatem
1140 1042 1272 1105 alterius
1299 1045 1389 1107 testi·

243 1150 342 1213 monii
367 1149 590 1214 commoditate
614 1152 708 1232 atque
732 1149 892 1213 evidentia
914 1152 1068 1234 superari.
1106 1151 1196 1215 Nihil
1218 1155 1268 1216 est
1290 1154 1387 1235 enim,

243 1259 325 1343 quod
354 1261 388 1323 in
416 1260 500 1323 illius
529 1260 644 1322 aetatis
672 1260 918 1343 grammaticum
945 1261 1050 1345 magis
1080 1261 1190 1342 cadat,
1225 1284 1322 1345 quarn
1351 1287 1388 1328 ea

243 1371 313 1453 ipsa
341 1370 522 1454 provincia,
551 1391 647 1453 qutun
675 1391 746 1432 cum
776 1369 938 1434 Zenodoto
966 1370 1184 1435 Alexandrum
1207 1372 1388 1456 Lycophro-

243 1503 378 1564 nemque
401 1480 586 1544 sustinuisse
609 1479 775 1543 Plautinus
798 1481 970 1543 scholiasta
992 1481 1142 1564 prodidit.
1178 1481 1328 1566 Etenim,
1354 1490 1388 1548 ut

243 1591 283 1653 ad
299 1591 421 1674 reliqua
441 1590 549 1653 officia
569 1589 772 1674 grammatici
787 1590 919 1653 transiri
935 1595 1057 1673 posset,
1074 1591 1134 1654 hoc
1150 1590 1254 1655 estad
1271 1593 1388 1657 iustam

243 1701 482 1785 legitimamque
509 1701 693 1780 διόρθωειν,
727 1701 887 1780 ἐξήγηειν,
917 1701 1013 1779 κρὶειν
1044 1704 1076 1763 et
1101 1702 1218 1780 τέχνην
1245 1723 1387 1783 γραμμα-

117 1873 120 1878 .
241 1815 345 1891 τικήν,
368 1815 495 1895 praeter
511 1814 616 1873 cetera
633 1810 807 1873 curandum
823 1810 901 1875 illud
917 1814 1002 1892 erat,
1027 1814 1077 1892 ut,
1102 1832 1179 1894 quas
1197 1832 1388 1895 graecarum

243 1923 423 1985 litterarum
452 1921 574 2004 copias,
603 1920 719 2003 ubique
747 1925 904 1984 terrarum
932 1923 1029 1983 antea
1057 1919 1229 2002 dissipatas
1251 1923 1386 1985 necdum

243 2032 284 2094 ab
312 2054 375 2095 uuo
399 2032 527 2094 homine
554 2032 648 2114 plene
670 2052 821 2114 umquam
849 2029 995 2113 cognitas
1018 2030 1068 2093 vel
1096 2029 1190 2093 simul
1216 2034 1386 2112 tractatas,

242 2141 297 2203 illo
319 2146 461 2225 ternpore
483 2143 620 2224 primum
643 2141 732 2224 regia
754 2140 975 2203 mrmificentia
997 2160 1095 2202 unum
1118 2140 1152 2202 in
1178 2139 1285 2203 locum
1314 2163 1387 2205 con-

242 2257 401 2335 gesserat,
436 2274 492 2315 eae
525 2257 559 2315 ut
592 2273 716 2314 rursum
756 2272 794 2313 ex
828 2249 906 2312 artis
938 2249 1117 2312 rationibus
1152 2249 1386 2333 digererentur,

244 2361 429 2444 diligentius
453 2383 533 2444 quae
556 2361 726 2444 qualesque
750 2364 782 2422 et
804 2363 943 2442 quantae
965 2359 1097 2422 tandem
1112 2363 1220 2422 esseut
1243 2361 1387 2443 explora-

243 2474 370 2550 rentur,
394 2471 564 2553 generibus
586 2469 774 2553 quibusdam
797 2473 830 2532 et
852 2469 1005 2532 classibus
1032 2472 1101 2531 tum
1127 2468 1385 2552 dispescerentur

242 2584 310 2642 tuni
333 2580 608 2660 consociarentur,
633 2581 846 2663 perlustratae
869 2578 1021 2662 denique,
1046 2579 1255 2662 diiudicatae,
1283 2581 1386 2643 deter-

191 2708 224 2754 aa
243 2690 383 2752 minatae
411 2688 530 2752 chartis
558 2689 835 2773 consignarentur.
880 2687 930 2751 De
956 2710 1018 2772 quo
1045 2709 1111 2751 non
1139 2689 1264 2771 reperio
1291 2711 1386 2773 quem

242 2800 480 2883 intellegentias
503 2799 680 2882 disputasse
704 2820 799 2882 quam
821 2798 1024 2881 Rudolphum
1047 2798 1258 2862 Schmidtium
1280 2800 1386 2863 dicam

242 2908 479 2974 schediasmate
507 2910 546 2973 de
569 2899 867 2973 Alexandrinorum
887 2909 1099 2992 grammatica
1128 2907 1221 2972 Halis
1248 2930 1277 2972 a.
1304 2910 1384 2974 1837

242 3020 326 3083 edito
342 3043 373 3103 p.
394 3023 441 3084 17.
473 3020 523 3083 Ita
539 3019 594 3083 illa
610 3024 689 3083 nata
711 3022 760 3082 est
782 3019 956 3081 histo-ria
979 3018 1225 3096 litterarum,
1250 3019 1306 3081 fax
1329 3020 1385 3082 illa

241 3132 472 3214 grammaticae
500 3135 533 3194 et
560 3129 740 3193 necessaria
768 3127 923 3210 adiutrix,
958 3149 1038 3211 quae
1066 3129 1108 3191 ab
1136 3129 1277 3192 externis
1306 3151 1385 3192 sane

241 3245 273 3303 et
295 3241 491 3305 secundariis
514 3240 692 3303 rationibus
715 3240 875 3322 profecta,
905 3237 1072 3321 paullatim
1094 3239 1149 3301 sed
1172 3258 1242 3302 sero
1265 3238 1299 3302 in
1322 3239 1385 3301 dis-

242 3351 380 3433 ciplinae
414 3352 551 3414 formam
579 3355 689 3414 evecta
717 3353 776 3413 est.
822 3348 900 3411 Eius
928 3348 1139 3412 fundamenta
1165 3348 1250 3410 iacta
1273 3369 1342 3411 esse
1364 3371 1384 3411 a

240 3461 437 3524 Callimacho
465 3462 591 3543 volunt,
620 3461 658 3524 de
688 3461 775 3524 cuius
806 3464 928 3523 Tabulis
961 3458 1174 3521 celeberrimis
1207 3458 1241 3520 in
1269 3458 1384 3542 vulgus

242 3575 377 3634 constat.
410 3571 569 3634 Successit
583 3569 813 3633 Eratosthenes
837 3569 931 3631 editis
947 3571 1019 3648 περὶ
1034 3570 1202 3653 κωμῳδία(
1225 3589 1385 3631 commen-

241 3681 340 3743 tariis.
372 3681 430 3743 uui
453 3680 561 3743 nescio
583 3701 624 3742 an
648 3702 713 3743 non
736 3679 852 3742 iniuria
868 3679 1075 3762 Apollonium
1089 3677 1250 3741 Rhodium
1270 3678 1384 3762 iunga-

240 3811 325 3852 mus:
354 3812 429 3853 nam
456 3790 541 3853 hunc
564 3789 669 3872 aliquo
692 3789 773 3851 libro
795 3795 833 3852 de
853 3800 1015 3868 poetarum
1035 3799 1218 3867 praecorum
1240 3795 1384 3852 memoau

240 3910 480 3979 vetustarumque
500 3906 668 3963 cuminum
691 3905 792 3963 indole
813 3910 842 3962 et
863 3904 1041 3963 condicione
1067 3897 1195 3961 uberius
1224 3918 1383 3961 commen-

239 4014 342 4072 tatum
372 4031 455 4092 esse,
485 4009 569 4073 haud
598 4008 741 4092 profecto
769 4009 877 4091 inepte
906 4008 1104 4073 Muetzellius
1133 4007 1310 4089 disputavit
1343 4006 1384 4070 de

240 4119 363 4182 ornend.
387 4119 551 4203 Theogou.
576 4119 706 4181 Hesiod.
730 4141 761 4202 p.
785 4119 859 4182 288,
905 4118 1020 4181 Acrius
1043 4122 1149 4181 autem
1171 4117 1256 4181 hanc
1279 4121 1384 4180 artem

240 4229 398 4292 excultam
421 4233 469 4309 et,
493 4233 648 4312 quantum
670 4229 798 4312 quidem
821 4228 866 4290 illi
890 4228 989 4291 aetati
1011 4249 1211 4309 concessum,
1236 4248 1384 4291 consum-

239 4342 358 4400 matam
399 4338 568 4420 perhibent
605 4339 836 4401 immortalibus
873 4337 1099 4420 Aristophanis
1136 4337 1383 4420 Aristarchique
