3008 5002
545 338 581 384 ru
605 336 886 385 aarsrornaunu.
1224 320 1285 383 237

147 492 229 554 riam
256 490 352 554 solita
381 490 560 575 sagacitate
588 490 750 553 revocavit
777 489 976 573 Droysenus,
1006 490 1131 553 etiamsi
1157 490 1217 572 sic,
1253 494 1288 553 ut

147 602 208 684 ipsi
230 601 333 665 visum
356 604 419 681 est,
443 600 482 663 de
504 601 649 664 omnibus
673 605 850 683 constaret,
878 622 943 664 non
966 604 1159 684 pugnarent.

231 711 364 774 Praeter
379 711 633 794 expectationem
656 710 788 794 accidit,
813 714 863 792 ut,
889 732 959 774 cum
980 711 1194 774 Ambrosiana
1216 733 1287 794 pro-

148 823 351 906 legomenaa
371 820 522 884 Plautino
544 821 664 885 scholio
687 821 857 885 defendere
880 822 1092 903 studeremus,
1115 822 1288 885 maximam

148 934 272 1015 partem
294 953 418 1014 comm,
448 953 529 1015 quae
549 931 588 995 de
611 931 785 996 Ptolemaei
808 932 1011 1016 Philadelphi
1039 931 1233 996 bibliotheca
1256 936 1289 994 et

147 1042 187 1104 de
210 1042 429 1126 grammaticis
444 1042 672 1106 Alexandrinis
694 1042 814 1106 tradita
835 1046 925 1125 sunt,
949 1043 1007 1106 sub
1029 1042 1181 1106 iudicium
1197 1064 1287 1105 voca·

147 1174 262 1215 remus.
308 1152 369 1216 llla
397 1157 503 1216 autem
531 1175 612 1235 quae
639 1157 715 1216 sunt
742 1153 781 1216 de
807 1153 937 1217 Homeri
966 1153 1160 1218 carminibus
1188 1152 1289 1236 deque

147 1262 328 1325 fabulamm
362 1264 506 1346 partibus
540 1267 572 1326 et
604 1285 718 1327 scenae
752 1265 965 1347 ornamentis,
1000 1265 1026 1327 si
1060 1263 1135 1348 quid
1169 1285 1207 1326 ex
1239 1262 1289 1325 his
1356 1257 1358 1261 ’

147 1394 270 1456 quoque
293 1368 415 1436 utiliter
431 1373 539 1458 colligi
562 1377 673 1457 queat,
697 1375 848 1458 quoniam
870 1379 925 1439 aut
940 1374 1116 1438 omittenda
1137 1377 1212 1438 suut
1234 1377 1290 1436 aut

149 1483 275 1565 copiose
290 1484 476 1566 tractanda,
501 1484 556 1548 alii
571 1485 707 1567 tempori
723 1489 755 1549 et
770 1485 903 1548 aliorum
919 1485 1090 1549 eruditioni
1111 1484 1289 1567 relinquere

150 1596 302 1676 praestat.
348 1594 384 1656 ld
407 1617 505 1657 unum
527 1594 642 1658 addere
664 1595 765 1676 libet,
784 1595 938 1680 siquidem
957 1596 1048 1659 video
1070 1595 1193 1658 futuros
1210 1616 1288 1676 esse,

148 1704 202 1786 qui
219 1702 257 1766 de
272 1707 385 1787 quarto
401 1703 456 1768 illo
473 1705 688 1787 Onomacriti,
713 1706 849 1789 Orphei,
874 1705 991 1790 Zopyri
1012 1706 1047 1769 in
1063 1703 1290 1789 componendis

149 1811 282 1877 Homeri
305 1815 499 1879 carminibus
521 1817 607 1880 socio
629 1817 693 1879 iam
717 1816 833 1880 certius
856 1817 1066 1880 constitutum
1087 1815 1128 1878 iri
1147 1819 1322 1898 sperent,·2

148 1924 217 1986 eius
232 1946 349 1988 nomeu
371 1926 435 1989 iam
457 1926 491 1989 in
513 1926 569 1989 illo
590 1927 673 1990 libro
680 1977 688 2010 ,
713 1949 774 2010 quo
797 1949 871 1990 usus
886 1930 935 1990 est
950 1927 1082 2009 Tzetza,
1108 1929 1290 2009 corruptum

148 2056 252 2118 neque
268 2035 309 2098 ab
331 2034 392 2099 hoc
415 2036 484 2119 ipso
507 2037 706 2101 intellectum
728 2038 836 2101 fuisse.
878 2037 975 2102 Cuius
990 2039 1037 2101 rei
1054 2040 1175 2101 certum
1197 2035 1290 2099 docu-

149 2150 293 2208 mentum
316 2151 365 2209 est
387 2146 463 2228 hoc,
493 2147 576 2230 quod
599 2169 671 2211 cum
694 2150 744 2212 ἐπὶ
772 2148 1009 2232 praepositione
1033 2147 1290 2232 conglutinatum

149 2257 184 2318 in
214 2259 345 2339 utroque
367 2257 533 2340 'prooemio
566 2258 669 2341 primo
697 2258 767 2321 loco
795 2258 933 2341 positum
961 2262 1020 2322 est.
1079 2257 1191 2342 ltaque
1220 2278 1290 2320 cunr

149 2365 229 2428 illud
252 2367 303 2430 ἐπὶ
326 2387 364 2429 ex
392 2367 571 2461 antiquiore
599 2368 689 2432 fonte
711 2367 889 2432 derivatum
911 2390 980 2432 esse
1001 2368 1162 2450 videatur,
1192 2388 1290 2451 eoque
1396 2394 1403 2407 ·

148 2479 276 2539 servato
302 2477 355 2539 vix
379 2499 397 2539 a
421 2478 521 2541 vocali
550 2478 660 2542 littera
687 2501 796 2544 verum
823 2500 941 2543 nomen
969 2479 1110 2562 incipere
1138 2477 1289 2561 potuerit,

149 2585 200 2648 vel
223 2585 284 2649 hac
312 2586 351 2650 de
374 2608 469 2651 causa
496 2610 561 2652 non
590 2589 800 2672 probabiliter
821 2588 1064 2674 Bernhardyum
1087 2589 1206 2652 Annal.
1232 2585 1290 2649 Be-

148 2695 209 2760 rol.
239 2718 270 2778 p.
296 2696 358 2761 835
386 2701 419 2760 et
446 2697 531 2762 Hist.
561 2699 624 2762 litt.
654 2721 761 2783 graec.
792 2700 824 2763 Il
846 2723 877 2783 p.
907 2701 948 2764 68
979 2700 1018 2763 de
1045 2700 1145 2763 Euclo
1174 2697 1291 2781 Cyprio

150 2806 310 2889 cogitasse
339 2806 437 2871 dicas.
487 2808 536 2872 Eo
564 2813 671 2872 autern
704 2814 813 2894 erepto
846 2811 908 2873 nisi
941 2810 1010 2894 quis
1044 2810 1141 2873 alium
1174 2808 1290 2870 aetatis

148 2916 358 2981 Pisistrateae
373 2918 489 3002 virum,
514 2919 546 2982 id
569 2920 651 3003 quod
667 2942 731 2983 non
747 2921 844 2983 facile
859 2921 928 2983 fieri
949 2921 1083 3003 poterit,
1106 2917 1289 2997 substituat,

148 3027 204 3108 iis,
230 3027 342 3110 quibus
365 3028 404 3091 de
427 3029 579 3113 legitimis
601 3051 788 3115 graecorum
811 3031 975 3094 nominum
1001 3029 1112 3094 formis
1140 3047 1291 3111 quaerere

147 3136 273 3219 placet,
297 3159 348 3200 res
370 3139 578 3224 relinquenda
601 3145 660 3206 est.
