3014 5010
226 351 285 417 128
527 372 776 418 ‹aanomaruvu
801 369 1067 421 ursrvrarrours

223 523 306 586 Nam
329 546 390 607 quo
412 524 445 586 in
468 524 537 587 loco
561 512 595 587 iii
619 525 744 588 brevius
761 526 948 588 contrahere
965 525 1061 588 etiam
1082 526 1183 589 latino
1205 548 1364 610 gramma-

188 634 286 696 tltico
314 634 450 716 placuit,
485 634 530 696 ibi
562 634 595 696 id
624 638 656 697 et
685 636 806 698 fatetur
838 636 906 717 ipse
938 636 981 719 (v.
1011 637 1052 699 65
1079 637 1141 719 sq.)
1170 659 1187 699 e
1235 659 1364 718 prorsus

222 744 411 806 obmutescit
444 765 588 827 graecus.
648 744 675 806 E
713 767 769 807 sua
806 766 942 827 persona
980 746 1162 828 loquentem
1202 746 1365 809 hominem

222 852 501 936 deprehendimus,
537 854 590 916 ubi
620 853 709 916 addit
737 878 766 917 v.
796 856 837 918 34
864 855 942 932 dccv
971 858 1006 920 δὲ
1034 857 1082 919 καὶ
1111 862 1177 921 τῶν
1209 857 1363 935 Ἑβραίων

221 964 361 1029 αὐτῶν.
399 963 561 1027 Licentius
580 968 850 1027 commentantem
864 968 1002 1027 testatur
1017 965 1092 1045 hoc,
1113 965 1194 1048 quod
1211 943 1364 1028 omissam

221 1074 262 1134 ab
302 1074 394 1136 initio
434 1073 587 1137 Zenodoti
632 1073 818 1137 memoriam
854 1097 882 1136 v.
919 1075 1046 1137 demum
1080 1076 1120 1138 55
1155 1075 1363 1157 interposuit:

145 1171 149 1181 ἶ
220 1205 300 1266 aquae
338 1184 464 1266 quidem
500 1206 610 1247 caussa
644 1185 782 1265 exstit't,
822 1206 876 1247 cur
911 1186 955 1248 ὡ(
992 1185 1096 1264 ἔφθην
1129 1186 1229 1250 εἰπών
1257 1185 1363 1247 verbis

220 1294 393 1375 repetenda
427 1295 455 1356 ei
489 1293 527 1356 de
561 1294 745 1357 Alexandro
777 1298 809 1356 et
839 1293 1048 1376 Lycophrone
1084 1294 1227 1357 narratio
1264 1298 1362 1375 esset3

221 1403 319 1466 multo
348 1408 454 1466 autem
482 1404 586 1487 magis
615 1395 775 1467 testantur
808 1404 847 1466 de
876 1405 969 1467 rebus
1001 1403 1180 1467 Homericis
1211 1404 1363 1487 deinceps

221 1514 333 1594 posita.
394 1515 500 1596 Atque
533 1518 608 1576 sunt
641 1514 719 1577 haec
754 1514 905 1576 eiusmodi
937 1518 990 1596 ut,
1029 1514 1184 1597 quomodo
1218 1536 1234 1577 e
1267 1513 1364 1576 latini

221 1623 404 1705 interpretis
433 1625 576 1706 exeruplo
609 1645 726 1707 graeco
760 1623 876 1687 codicis
910 1624 1048 1687 Parisini
1080 1624 1176 1687 verba
1210 1628 1362 1706 excerpta

220 1733 300 1814 sint,
333 1755 460 1815 prorsus
488 1735 654 1815 pervideas
678 1738 709 1796 et
737 1756 794 1817 per
816 1734 944 1816 singula
967 1733 1128 1796 commode
1158 1754 1381 1816 persequare.-

221 1842 305 1905 Satis
329 1843 414 1905 eninr
436 1848 555 1905 temere
579 1866 616 1906 ac
639 1844 691 1906 vix
714 1843 778 1905 ullo
806 1846 901 1926 pacto
924 1843 1068 1906 discretis
1098 1842 1229 1905 diversis
1258 1842 1363 1906 diver·
1415 1930 1418 1934 A

220 1974 326 2014 sorum
348 1953 540 2015 testimoniis
563 1975 698 2037 graecus
720 1953 875 2036 magister
896 1953 1033 2035 primum
1049 1975 1065 2015 e
1082 1952 1255 2034 posteriore
1278 1954 1360 2035 locu,

220 2067 255 2123 ut
282 2062 385 2145 magis
414 2063 473 2125 sibi
503 2063 748 2146 aequalibusque
777 2062 984 2142 familiarem,
1013 2061 1178 2125 Heliodori
1206 2062 1362 2146 tabellam

220 2172 334 2235 ascivit
363 2195 381 2233 a
410 2172 504 2236 Oecio
533 2173 712 2255 explosam,
751 2172 795 2235 ita
827 2171 952 2254 quidem
980 2176 1016 2234 ut
1043 2171 1199 2234 obiectum
1228 2172 1270 2235 ab
1300 2173 1363 2235 hoc

221 2287 445 2364 argumentum
472 2284 655 2345 futilissima
684 2283 887 2345 excusatione
921 2282 1060 2344 elevaret
1093 2282 1216 2365 (ἄλλων
1250 2282 1362 2350 ὄντων

219 2393 345 2455 τούτων
367 2399 433 2457 τῶν
457 2394 507 2455 ἐπὶ
529 2394 730 2472 Πτολεμαίου
759 2393 1035 2473 διορθω(ἀντων);
1064 2391 1213 2475 deinceps
1240 2397 1360 2475 autem,

221 2500 302 2582 quod
341 2501 374 2563 in
415 2501 499 2564 illius
538 2502 708 2564 commenti
745 2502 849 2565 locrmr
889 2500 999 2566 Cecius
1042 2501 1109 2584 ipse
1151 2501 1361 2566 substituerat

220 2611 349 2693 reliquis
372 2612 598 2693 praemissum,
623 2633 782 2695 proniore
805 2612 1025 2695 graeculorum
1047 2611 1180 2674 istorum
1198 2612 1360 2696 ambiguis

219 2721 248 2784 oi
282 2723 317 2785 δέ
348 2722 467 2784 voculis
501 2722 664 2785 annexuit.
716 2723 803 2796 Quae
837 2744 908 2785 curn
939 2722 985 2784 ita
1019 2721 1099 2803 sint,
1134 2721 1223 2783 nulla
1251 2726 1360 2784 autem

219 2830 434 2912 amplificandi
463 2853 559 2915 opera
587 2853 604 2894 e
632 2832 756 2916 graecis
789 2831 944 2895 Parisinis
977 2830 1072 2893 ducta
1101 2853 1168 2893 esse
1196 2831 1246 2895 rel
1278 2830 1359 2894 haec

219 2941 361 3004 narratio
389 2943 483 3004 latini
510 2943 695 3024 interpretis
723 2942 773 3005 vel
803 2942 881 3023 alia,
917 2942 1030 3025 quibus
1061 2941 1114 3003 hic
1142 2941 1268 3003 uberior
1297 2951 1358 3023 est,

219 3051 355 3133 possint:
384 3052 619 3116 desinentiam
644 3054 796 3133 clamare,
827 3052 930 3135 siqui
958 3055 1030 3134 post
1053 3053 1212 3133 repertum
1234 3051 1359 3114 scilicet

218 3183 368 3244 graecum
390 3163 513 3225 fontem
536 3168 641 3225 actum
667 3184 733 3224 esse
756 3162 795 3225 de
818 3161 930 3224 scholii
952 3160 1045 3224 latini
1068 3160 1129 3223 fide
1144 3162 1194 3223 vel
1217 3161 1359 3224 utilitate

219 3271 278 3333 sibi
301 3273 525 3354 persuaserint.
572 3271 798 3355 Reputandum
819 3273 905 3334 enim
927 3274 1053 3354 praeter
1076 3274 1197 3352 cetera,
1221 3293 1303 3354 quae
1327 3276 1360 3334 et

218 3382 324 3463 qualia
346 3383 486 3445 tribuere
509 3383 626 3444 saeculi
643 3382 703 3445 XV
719 3382 840 3445 homini
855 3381 938 3444 Italo
960 3381 1091 3444 audeas:
1114 3402 1207 3464 quem
1229 3381 1360 3463 quidem

219 3492 296 3554 satis
329 3492 582 3555 demonstratum
618 3496 767 3575 putamus
802 3497 963 3554 auctorem
997 3513 1065 3554 esse
1102 3491 1221 3553 latinae
1259 3490 1358 3554 inter-

218 3603 416 3682 pretationis.
463 3601 580 3677 Quodsi
608 3602 643 3665 in
666 3602 726 3665 hac
749 3602 818 3684 ipsa
841 3601 1064 3684 apparuerint,
1096 3623 1176 3683 quae
1199 3600 1233 3663 in
1256 3600 1359 3683 suspi-

218 3711 338 3773 tionem
373 3713 486 3776 adduci
519 3734 707 3797 graecorum
739 3712 954 3794 discrepantia
987 3712 1171 3793 videantur,
1210 3731 1263 3791 ea,
1302 3711 1357 3773 ubi

217 3820 257 3881 ad
285 3822 454 3885 iudicanda
482 3824 609 3906 singula
640 3826 827 3904 perventum
855 3823 931 3904 erit,
964 3820 1091 3884 silentio
1120 3841 1184 3883 non
1216 3823 1357 3901 praeter—

218 3931 395 3996 mittentur.

749 4022 768 4098 §
791 4020 820 4083 3.

684 4135 738 4200 De
762 4136 886 4201 Oecio.

184 4287 197 4334 7
301 4264 584 4327 Coniunctissinms
606 4274 712 4328 autem
736 4287 806 4341 cum
830 4265 891 4345 eiS,
920 4285 1001 4345 (puae
1023 4263 1125 4325 modo¹
1138 4262 1356 4345 argumentati

218 4394 324 4435 sumas
341 4390 545 4457 rquamquam
562 4398 624 4437 nou
650 4376 695 4436 ita
719 4376 923 4442 coniunctus,
949 4377 984 4435 ut
1006 4396 1042 4435 cx
1067 4374 1112 4436 eis
1134 4373 1237 4434 omnis
1261 4393 1355 4453 urgu-
