3008 5002
544 345 660 403 00000
683 345 900 391 1100100000.
1231 329 1292 392 185

152 520 224 560 rum
247 497 279 559 10
300 496 464 559 Plutarchi
486 498 547 558 vol.
570 496 600 559 V
622 519 653 578 p.
669 497 743 560 426.
789 497 837 560 De
860 497 1060 560 librariorum
1084 501 1191 560 autem
1213 498 1292 560 vitio

153 607 205 670 vel
228 607 325 670 codex
347 606 549 669 Monacensis
572 611 695 688 monet,
725 607 759 669 in
788 628 849 690 quo
872 610 922 670 est
943 609 1024 686 πρὸ(
1047 610 1122 672 τοὺ(
1145 629 1291 687 τετρακο-

154 719 255 781 cloec:
289 737 480 799 quamquam
507 738 547 778 ne
578 717 639 779 hoc
671 717 798 799 quidem
831 717 908 779 satis
936 720 993 780 est.
1045 716 1088 780 Et
1117 717 1290 798 evidenter,

153 827 228 910 quid
257 826 421 909 scripserit
442 824 603 909 Diogenes
610 877 618 907 ,
648 826 832 889 Aristotelis
861 827 1056 909 comparatio
1084 827 1186 890 docet.
1231 828 1291 901 001

155 960 227 1001 cum
255 936 418 1020 scripsisse
447 935 486 997 ad
514 936 765 1020 quadringentos
795 937 892 999 libros
920 936 1125 1019 perhibeatur
1152 938 1187 999 in
1214 936 1292 1000 Vita

154 1047 367 1131 Menagiana,
407 1046 536 1119 cessisse
569 1050 675 1109 autem
709 1046 867 1109 scribendi
898 1047 1066 1109 fertilitate
1099 1046 1239 1129 Epicuro
1273 1071 1292 1109 a
1322 1093 1325 1099 -

154 1157 300 1241 Diogene
323 1157 462 1237 dicatur,
487 1178 552 1218 non
575 1160 623 1218 est
637 1155 810 1219 verendum
832 1179 872 1219 ne
893 1156 1158 1219 inconsideratius
1174 1156 1199 1220 τ’
1215 1162 1292 1219 nota

154 1270 279 1330 mutata
301 1267 335 1329 in
364 1265 398 1346 φ’
421 1266 591 1348 pristinam
619 1241 810 1348 scripturam
833 1266 972 1350 Diogeni
998 1266 1044 1329 sic
1072 1267 1291 1329 restituamus:

155 1380 238 1456 πρὸ(
259 1379 334 1441 τοὺ(
356 1377 583 1440 πεντακοείου(
606 1376 674 1440 elci:
703 1376 830 1459 cluendo
852 1376 950 1458 ipsius
973 1376 1099 1459 quidem
1122 1376 1293 1458 Chrysippi

154 1488 254 1551 fuisse
276 1487 497 1570 septingentos
519 1486 617 1549 libros
633 1485 745 1549 Suidas
761 1490 907 1548 testatur.
928 1486 1070 1549 —Licet
1093 1487 1192 1570 igitur
1207 1508 1293 1548 nunc

154 1598 377 1676 πολυγράφων
394 1595 588 1659 Graecorum
610 1596 695 1658 hunc
717 1596 861 1658 ordinem
885 1596 1078 1660 constituere
1101 1618 1117 1658 e
1140 1596 1293 1659 librorum

155 1705 358 1768 multitudine
380 1709 501 1787 aptum.
532 1704 668 1787 Scripsit
683 1706 837 1788 Didymus
859 1707 960 1786 βιβλία
980 1706 1073 1788 3500,
1097 1706 1291 1789 Origenes*)

155 1815 197 1877 ad
219 1816 312 1895 2000,
336 1814 549 1878 Callimachus
572 1815 655 1877 ultra
678 1816 750 1898 800,
775 1815 980 1879 Aristarchus
1002 1816 1073 1897 800,
1098 1815 1292 1898 Chrysippus

154 1925 327 2002 01100700,
352 1924 508 2008 Epicurus
531 1925 570 1987 ad
593 1926 672 2006 600,
697 1926 907 1988 Aristoxenus
919 1927 982 1988 453
990 1976 997 2007 ,
1022 1924 1238 1989 Clitomachus
1261 1930 1294 1988 01

155 2034 367 2116 Apollodoms
396 2033 570 2116 Epicureus
598 2036 682 2098 ultra
708 2036 781 2116 400,
806 2036 996 2098 Aristoteles
1025 2036 1067 2121 ad
1088 2036 1160 2115 400,
1192 2035 1291 2098 Theo-

155 2143 304 2226 phrastus
328 2144 506 2225 01100370,
530 2144 727 2208 Xenocrates
751 2146 834 2209 circa
857 2145 936 2209 215:
965 2145 1003 2207 de
1026 2145 1203 2227 Speusippo
1225 2167 1293 2207 rem
1395 2196 1398 2203 ,

154 2275 224 2316 csse
247 2254 402 2317 incertam
425 2254 561 2317 diximus
584 2278 615 2337 p.
636 2256 710 2318 132:
732 2254 952 2318 Democritum
975 2259 1098 2334 autem,
1122 2254 1292 2336 Xenopha-

154 2385 229 2426 nem
258 2368 290 2425 et
316 2363 475 2427 Zenonem
510 2364 570 2427 etsi
603 2364 767 2447 scripsisse
800 2365 921 2428 multa
953 2366 1149 2447 accepimuS,
1183 2368 1292 2427 tamen

154 2474 269 2556 quibus
299 2474 441 2556 singulos
475 2474 551 2536 locis
586 2477 658 2555 post
690 2475 896 2538 Aristotelem
930 2475 1057 2557 quidem
1092 2474 1291 2552 collocemus

154 2604 221 2645 non
243 2583 406 2646 habemns.
450 2583 476 2646 F
478 2588 601 2646 atemur
623 2586 732 2647 tamen
754 2591 935 2667 suspectum
958 2585 1057 2648 videri
1081 2585 1115 2647 in
1137 2584 1292 2668 Diogenis

154 2693 316 2774 prooemio
344 2694 536 2774 Ξενοφάνη(
567 2715 694 2756 nomen.
754 2694 822 2756 Nec
853 2695 937 2758 enirn
970 2695 1059 2757 illum
1094 2695 1293 2776 potissimum

155 2801 307 2864 credibile
329 2804 377 2864 est
398 2802 448 2864 vel
472 2803 513 2865 ab
528 2803 710 2866 Aristotelis
734 2804 893 2866 scribendi
914 2804 1083 2866 fertilitate
1105 2807 1172 2865 tam
1194 2825 1293 2885 prope

155 2910 274 2973 afuisse
290 2911 338 2974 vel
354 2912 484 2975 omnino
499 2912 584 2974 inter
599 2914 831 2994 πολυγράφου(
846 2914 949 2976 locum
966 2912 1124 2976 habuisse.
1158 2912 1293 2993 Scripsit

155 3020 332 3103 Diogenes,
357 3021 419 3083 nisi
434 3021 591 3102 fallimur,
616 3024 828 3101 Ξενοκράτηε.
866 3023 935 3097 000
951 3005 1104 3101 allicitur,
1129 3025 1163 3083 01
1178 3021 1292 3083 Demo-

156 3129 326 3193 criteorum
341 3128 345 3133 ’
359 3130 528 3194 multitudo
560 3131 713 3194 librorrmr
745 3133 831 3195 intra
864 3134 927 3195 215
954 3135 986 3194 01
1012 3132 1076 3194 400
1102 3130 1290 3193 substiterit.

156 3239 206 3301 Ad
224 3238 451 3318 Xenocratem,
474 3241 561 3303 cuius
577 3241 704 3304 224000
719 3243 817 3320 (τίχοι
831 3241 961 3304 fuerunt
967 3292 975 3321 ,
998 3241 1141 3323 proxime
1158 3241 1290 3318 accedit,

155 3348 244 3411 cuius
270 3349 394 3413 170000
416 3348 484 3435 [aut
507 3350 603 3412 etiam
626 3351 725 3438 plusl,
750 3351 983 3432 Theopompus.

241 3458 271 3520 6.
300 3457 388 3532 Quod
412 3463 518 3522 autem
545 3460 579 3522 in
603 3461 816 3543 computanda
844 3460 996 3524 librorum
1025 3458 1229 3522 multitudine
1252 3459 1292 3520 ab

154 3590 220 3630 uno
252 3567 407 3649 scriptore
440 3569 596 3632 editorum
628 3572 729 3650 βιβλία
756 3571 893 3633 diximus
926 3592 991 3632 non
1025 3590 1092 3631 esse
1125 3589 1205 3649 quae
1235 3590 1293 3630 nos
1312 3586 1340 3633 lx

154 3677 261 3738 dicere
284 3698 378 3755 opera
399 3678 551 3760 solemne,
581 3679 635 3742 sed
658 3680 801 3763 singulas
830 3680 934 3762 potius
957 3682 1063 3761 partes
1086 3677 1198 3739 talium
1220 3699 1292 3760 ope-

155 3808 227 3848 rum
243 3768 585 3871 (Barchablheiluhpen),
610 3790 641 3852 id
664 3791 759 3871 plane
780 3790 971 3872 perspicitur
987 3810 1003 3850 e
1019 3787 1172 3869 Diogenis
1188 3788 1292 3849 verbis

155 3894 215 3974 Π1,
245 3895 296 3958 57.
346 3894 408 3958 Vbi
438 3897 625 3961 Sermonum
652 3898 891 3961 Platonicorum
918 3898 964 3960 ait
992 3917 1060 3959 csse
1089 3897 1292 3974 τετραλογία(

224 4072 249 4138 *l
274 4069 342 4123 Cum
361 4072 506 4140 Origene
535 4093 549 4127 c
572 4074 665 4126 latinis
694 4075 874 4141 scriptoribus
898 4090 980 4125 unum
1008 4089 1090 4137 quem
1114 4074 1293 4139 componeret

153 4163 342 4216 Varronem
355 4164 453 4218 habuit
464 4166 576 4219 Rufinus
589 4167 636 4220 lib.
651 4168 677 4219 Il
689 4169 787 4220 contra
798 4167 956 4232 Hieronym.
970 4164 1044 4232 apud
1056 4164 1176 4216 lensium
1189 4183 1215 4233 p.
1233 4170 1291 4216 161:

153 4263 279 4309 videtisne
297 4269 321 4309 el
341 4262 452 4310 Graecos
474 4265 574 4324 pariter
591 4271 615 4312 et
635 4265 742 4312 Latinos
765 4265 836 4310 reniae
858 4262 944 4310 latore
965 4263 1117 4323 superatos?
1153 4256 1292 4324 [Ceterum

152 4349 202 4401 adi
224 4349 374 4402 doctrinae·
390 4349 484 4416 copias
501 4350 587 4404 Mam.
607 4351 752 4405 Schmidtii
768 4351 796 4402 iu
822 4349 947 4418 ‘Didymi
965 4349 1056 4402 Chalc.
1076 4351 1187 4416 fragm!
1210 4368 1236 4418 p.
1258 4351 1291 4416 71
