3014 5010
411 350 457 395 ua
480 349 573 394 nina.
596 348 700 395 anax.
724 349 768 394 ar
789 347 1004 396 ersrsrnxro.
1221 330 1277 390 141

138 506 226 568 tione
257 501 435 567 Alexandri
469 501 689 564 commentarii
718 505 860 564 veterum
893 500 1084 583 scriptorum
1116 497 1280 580 discipulis

60 667 63 670 .
138 616 172 678 in
201 613 310 677 schola
338 612 448 676 traditi
477 611 523 694 (h.
554 633 581 673 e.
610 613 739 690 (χολικὰ
769 611 979 689 ὑπομνήματα
1011 609 1180 694 quaedam)
1209 631 1279 692 pro-

138 725 266 788 dierunt
294 722 379 806 apud
401 721 668 804 Capellmannum
691 743 722 804 p.
749 723 798 803 13,
822 742 839 783 e
862 720 1030 803 pinguiore
1054 720 1151 783 etiarn
1174 741 1280 783 errore

139 833 316 898 Alexandri
332 833 366 896 in
382 834 518 896 Aratum
534 831 766 911 commentarii,
784 831 823 893 de
839 831 952 914 quibus
969 830 1122 893 videndus
1138 828 1280 893 Naelrius

138 944 252 1008 Sched.
283 943 354 1007 crit.
385 966 415 1026 p.
440 944 457 1006 'l
490 946 522 1004 et
549 941 704 1024 Capellm.
736 963 766 1024 p.
790 943 821 1005 5.
845 942 897 1005 43.
943 940 988 1003 Vt
1015 939 1115 1024 igitur
1143 940 1182 1003 ad
1211 941 1281 1022 ipsa

137 1055 236 1119 verba
258 1052 463 1138 grammatici
485 1051 684 1116 Crameriani
708 1051 838 1134 propius
862 1050 1065 1115 accedamus:
1090 1050 1197 1133 ecquis
1220 1053 1279 1132 est,

137 1165 191 1248 qui
213 1165 297 1227 serio
312 1164 374 1227 sibi
389 1162 580 1246 persuadeat
593 1164 659 1242 tot,
684 1164 760 1244 quot
776 1160 991 1224 Alexandriae
1007 1161 1166 1224 exstitisse
1182 1161 1281 1223 credi-

138 1276 202 1338 bile
226 1273 285 1355 sit,
309 1273 547 1357 tragoediarum
570 1271 866 1354 comoediarumque
894 1272 1113 1335 recensionem
1136 1271 1281 1334 criticam

139 1385 286 1448 binorum
301 1383 464 1447 hominum
486 1383 596 1446 labore
618 1381 758 1465 potuisse
780 1381 916 1464 perfici?
938 1396 1045 1444 eorum
1068 1381 1279 1464 potissimum,

138 1517 272 1578 quorum
304 1497 397 1556 tanta
432 1493 495 1556 fuit
528 1493 561 1556 in
596 1493 668 1555 aliis
700 1491 879 1555 litterarum
913 1492 1085 1575 generibus
1117 1492 1280 1572 fertilitas,

138 1625 333 1689 quorumque
356 1604 438 1666 alter
452 1603 565 1666 relicta
581 1601 778 1666 Alexandria
801 1601 999 1684 aliquantum
1022 1604 1174 1685 temporis
1197 1602 1281 1685 apud

138 1714 347 1778 Macedoniae
362 1735 470 1797 regern
494 1712 585 1796 degit
608 1712 661 1796 (de
677 1711 754 1775 bibl.
772 1711 865 1775 Alex.
883 1735 914 1795 p.
934 1712 998 1793 18).
1030 1712 1092 1776 Sed
1109 1712 1281 1775 modestius

139 1847 273 1910 agamus
296 1827 329 1887 et
352 1824 385 1886 iu
408 1822 607 1906 principibus
636 1822 738 1904 poetis
766 1823 990 1886 subsistamus:
1018 1822 1281 1906 quemadmodum
1396 1893 1400 1898 ,

138 1957 180 1998 ne
208 1933 406 1997 Zenodotum
434 1932 560 2016 quidem
589 1933 751 2015 epicorum
779 1932 937 2014 omnium,
967 1933 1083 1996 nedum
1112 1934 1281 2017 lyricorum

138 2046 316 2124 διορθωτὴν
332 2043 498 2126 quisquam
513 2043 573 2106 sibi
590 2044 702 2126 finget.
731 2042 1045 2126 Magnamne'igitur
1060 2043 1126 2105 veri
1142 2044 1281 2126 speciem

138 2155 199 2218 hoc
225 2154 325 2218 habet
352 2153 523 2216 artioribus
558 2153 674 2216 finibus
698 2153 990 2235 circumscriptum,
1019 2155 1055 2215 ut
1083 2153 1117 2215 in
1140 2153 1279 2236 Aeschy-

138 2264 214 2345 leis,
237 2263 438 2347 Sophocleis,
468 2262 649 2345 Euripideis
672 2262 790 2325 fabulis
813 2263 1028 2346 perpoliendis
1051 2263 1078 2325 is
1101 2263 1281 2328 elaborasse

139 2374 303 2456 credatur,
336 2373 423 2436 cuius
451 2395 497 2436 ne
524 2395 600 2436 una
628 2372 782 2456 quidem
809 2374 848 2436 de
877 2373 1054 2456 scripturae
1083 2374 1131 2437 vel
1160 2375 1221 2437 fide
1248 2378 1281 2437 et

138 2483 328 2568 integritate
343 2483 393 2546 vel
409 2483 589 2565 corruptela
604 2486 637 2546 et
651 2482 868 2565 discrepantia
883 2483 916 2546 in
940 2483 1136 2566 tragicorum
1151 2484 1280 2548 scholiis

138 2595 264 2657 notatio
293 2593 430 2675 supersit
459 2593 508 2657 vel
539 2592 616 2656 alibi
640 2593 854 2657 memoretur?
898 2592 1008 2677 Neque
1031 2592 1115 2656 enim
1143 2597 1278 2676 tantam,

138 2707 260 2787 quanta
293 2705 342 2766 est
373 2702 407 2765 in
435 2702 615 2766 Homericis
644 2701 913 2787 Zenodotearum,
947 2703 1183 2767 multitudinem
1216 2704 1281 2767 ullo

138 2813 233 2876 modo
264 2813 452 2896 expetimus
509 2811 633 2875 Deinde
667 2815 773 2875 autem
807 2814 882 2897 quid
910 2835 978 2876 esse
1016 2813 1093 2876 illud
1126 2814 1279 2895 dicamus,

138 2923 222 3007 quod
245 2922 429 2986 Alexandro
446 2916 710 3006 Lycophronique
734 2944 806 2986 cum
829 2923 990 2986 Zenodoto
1006 2922 1212 2986 Aristarchus
1236 2925 1280 2985 ita

137 3037 361 3116 opponuntur,
388 3037 424 3096 ut
446 3032 487 3096 ab
510 3031 559 3095 his
581 3032 640 3096 soli
664 3054 733 3096 esse
755 3033 872 3115 poetici
894 3032 926 3095 h.
951 3054 978 3095 e.
1002 3032 1084 3114 epici
1108 3033 1181 3095 libri
1204 3033 1280 3116 (for-

137 3148 226 3207 tasse
254 3166 326 3207 cunr
354 3142 476 3226 lyricis)
505 3143 655 3206 recensiti
683 3142 854 3205 dicantur?
904 3140 1048 3225 Namque
1077 3145 1125 3226 (ut
1153 3164 1281 3225 prorsus

138 3253 292 3316 omissum
314 3254 348 3316 in
375 3256 436 3316 hoo
458 3274 577 3337 genere
599 3252 850 3334 Aristophanem
873 3252 1065 3335 Byzantium
1087 3273 1173 3315 nunc
1195 3254 1280 3314 tace-

138 3364 244 3448 amus)
267 3363 336 3446 quis
358 3364 488 3446 ignorat
508 3366 636 3446 practer
658 3361 850 3443 Homerum,
880 3361 1070 3442 Hesiodum,
1094 3361 1278 3444 Pindarum,
1298 3381 1331 3427 aa

139 3472 384 3555 Archilochum,
415 3472 619 3554 Alcmauem,
651 3472 821 3552 Alcaeum,
852 3471 1106 3553 Anacreontem,
1141 3472 1175 3534 in
1203 3472 1281 3553 ipsis

138 3582 296 3646 scaenicis
318 3583 421 3665 poetis
443 3582 620 3665 Aeschylo,
645 3582 817 3664 Sophocle,
842 3581 1010 3666 Euripide,
1034 3581 1129 3662 lone,
1158 3582 1281 3645 Aristo-

137 3693 247 3775 phane
269 3692 402 3775 aliisque
431 3691 567 3756 fortasse
591 3692 719 3755 comicis
747 3692 925 3756 tractandis
949 3692 1128 3754 Aristarchi
1151 3713 1281 3775 operam

137 3805 299 3867 versatam
333 3823 400 3865 esse
432 3805 465 3864 et
498 3801 597 3865 vitam
631 3802 879 3884 consumptam?
937 3801 1018 3864 Vide
1055 3802 1082 3865 si
1118 3803 1202 3865 tanti
1239 3804 1282 3865 sit

138 3912 369 3977 Schneidernm
407 3912 446 3975 de
483 3912 564 3974 font.
605 3910 704 3975 schol.
748 3912 913 3994 Aristoph.
954 3933 985 3994 p.
1019 3914 1060 3974 86
1104 3912 1280 3995 luliumque

139 4021 326 4086 Richterum
348 4021 387 4084 de
410 4022 527 4085 Aesch.
545 4021 641 4103 Soph.
665 4021 741 4084 Eur.
766 4022 994 4105 interpretibus
1015 4023 1141 4105 graecis
1159 4022 1279 4104 (Berol.

138 4155 169 4195 a.
197 4132 291 4217 1839)
316 4154 346 4214 p.
372 4131 413 4195 75
435 4153 481 4214 sq.
506 4134 555 4211 et,
586 4136 621 4194 ut
643 4132 746 4214 qualis
774 4132 831 4195 illa
853 4154 949 4215 opera
973 4132 1071 4195 fuerit
1099 4132 1281 4197 distinctius

138 4241 363 4326 intellegatur,
388 4240 553 4303 Lehrsium
575 4242 614 4304 dc
637 4242 736 4305 Arist.
761 4241 843 4306 stud.
862 4241 956 4307 Hom.
981 4265 1012 4326 p.
1037 4243 1110 4325 258,
1134 4244 1278 4326 quamvis

138 4351 216 4413 olim
238 4352 387 4415 oblocuta
409 4349 628 4432 Bernhardyo.
