3008 5002
238 1300 381 1394 luunuls
412 1300 568 1395 l'ueluao
598 1302 818 1395 scholiorum
848 1303 883 1395 in
914 1303 1193 1420 Aristophanem

583 1454 843 1570 prolegomeno
945 1564 947 1568 ,

342 1643 425 1702 edita
447 1651 478 1701 et
500 1652 642 1703 enarrata
665 1641 704 1702 ab
726 1643 895 1703 Hernico
916 1643 1090 1723 Kainoi)

233 1924 405 2008 Postquam
427 1926 573 2009 Angelus
596 1925 699 1988 Maius
722 1925 832 2008 Spicil.
849 1925 942 1990 Rom.
960 1926 999 1991 V.
1024 1950 1056 2010 p.
1075 1927 1136 1991 247
1159 1929 1192 1992 in
1209 1931 1285 1994 Am·
1306 1950 1354 1999 108

147 2035 315 2098 bresianae
338 2034 549 2098 bibliothecae
578 2034 685 2099 codice
707 2041 855 2101 Iohannis
879 2040 1013 2100 Tzclzoe
1039 2047 1286 2105 commentarium

146 2153 295 2222 inararem
322 2152 354 2208 io
383 2149 594 2224 Aristophanis
620 2151 791 2209 comoedias
820 2148 928 2208 extare
962 2145 1132 2227 indicavit,
1166 2170 1287 2233 magna

146 2255 232 2318 inter
263 2254 348 2317 viros
380 2255 489 2317 doctos
522 2256 593 2317 orta
625 2259 673 2318 est
701 2255 855 2338 auspiciu,
889 2255 950 2319 hoc
978 2277 1045 2319 esse
1073 2256 1152 2320 illud
1181 2257 1287 2341 ipsum

147 2370 252 2428 Coccii
277 2375 472 2428 commatrum
499 2371 722 2429 comoediarum
751 2370 978 2444 Aristophanis,
1015 2387 1032 2428 e
1065 2387 1126 2449 qno
1154 2366 1197 2449 is,
1233 2369 1286 2451 qui

145 2473 302 2538 scholium
329 2473 514 2537 Plautinum
540 2497 559 2537 a
587 2473 763 2538 Riischelio
791 2497 820 2537 a.
853 2475 934 2539 1838
962 2497 979 2537 e
1009 2474 1118 2538 codice
1141 2475 1287 2542 [tonnano

145 2583 266 2646 editum
293 2583 437 2666 scripsit,
467 2584 582 2647 eximia
610 2584 649 2646 de
674 2583 928 2647 Ptolemaeorum
955 2585 1157 2650 bibliothecis
1186 2587 1287 2671 deque

145 2692 279 2756 Homeri
303 2692 496 2757 carminibus
513 2715 532 2756 a
547 2692 716 2756 Pisistrato
738 2693 773 2757 in
788 2694 932 2757 ordinem
946 2694 1084 2758 redactis
1101 2696 1286 2761 testimonia

214 2931 238 2996 ³)
258 2930 309 2998 [Ex
325 2929 415 2982 Musei
435 2927 531 2997 philol.
549 2928 676 2982 Rhenani
697 2928 762 2982 noui
780 2930 833 2983 vol.
846 2929 884 2983 VI
903 2933 937 2997 (a.
963 2931 1038 2996 1847)
1057 2947 1084 2998 p.
1110 2934 1159 2984 108
1178 2947 1238 2997 sqq.
1258 2932 1287 2985 et

144 3029 196 3077 243
214 3039 274 3089 sqq.
289 3053 321 3061 -
334 3022 413 3086 Quod
431 3021 496 3074 olim
515 3021 559 3087 (de
578 3021 644 3074 bibl.
664 3022 740 3076 Alex.
760 3040 787 3091 p.
801 3025 827 3088 7)
846 3021 953 3091 sperari
969 3038 1052 3090 posse
1071 3021 1209 3088 dixeram,
1227 3025 1286 3077 fore

145 3119 177 3168 ut
195 3132 326 3183 mooun
344 3115 449 3168 fontem
469 3113 565 3168 scholii
582 3114 703 3168 Plautini
721 3132 736 3168 e
754 3114 985 3169 bibliothecarum
1003 3115 1127 3169 tenebris
1144 3115 1173 3168 in
1196 3116 1286 3169 lucem

144 3210 321 3277 protractum
337 3207 515 3272 intueremur,
533 3207 562 3259 id
580 3224 642 3261 cum
655 3224 688 3261 ex
705 3210 786 3276 parte
803 3208 860 3260 iam
873 3204 996 3260 Crameri
1008 3206 1142 3262 beneficio
1156 3206 1285 3262 effectum

145 3304 233 3365 esset,
257 3300 342 3355 etiam
359 3300 570 3354 luculentiorem
591 3302 720 3354 euentum
742 3299 841 3354 habuit
863 3299 981 3368 repertis
999 3299 1033 3353 H.
1051 3300 1134 3355 Keilii
1157 3299 1230 3354 felici
1246 3299 1286 3353 in·

145 3393 254 3446 dustria
271 3393 390 3447 Tzetzae
407 3393 437 3445 in
448 3392 663 3461 Aristophanem
682 3391 898 3460 Prolegomenis.
928 3390 987 3455 Quo
1000 3409 1072 3446 novo
1090 3394 1166 3447 fonte
1179 3392 1285 3448 recluso

145 3505 209 3540 cum
226 3485 286 3540 lieri
298 3503 354 3540 non
371 3489 468 3554 posset
486 3485 552 3552 quin
569 3485 719 3553 quaedam,
738 3502 809 3552 quae
825 3501 876 3537 nos
894 3483 1027 3538 decennio
1046 3486 1111 3539 ante
1130 3486 1188 3538 solo
1207 3485 1285 3539 Plau-

144 3569 206 3633 tino
230 3579 334 3633 scholio
357 3580 426 3633 duce
449 3578 701 3649 disputaverimus,
719 3578 764 3632 uel
786 3577 980 3647 supplerentur
997 3578 1042 3632 vel
1062 3577 1286 3645 emendarentur,

145 3689 210 3727 ere
234 3688 294 3726 esse
317 3671 382 3724 duxi
403 3674 570 3740 gratuunqne
593 3673 714 3725 intumum
738 3670 836 3725 harum
859 3671 1016 3724 litterarum
1040 3669 1171 3724 studiosis
1194 3671 1285 3725 existi·

145 3765 233 3829 mavi,
257 3765 280 3816 si
303 3767 462 3818 accuratum
484 3764 570 3833 ipsius
593 3764 675 3819 Keilii
699 3764 927 3819 commentarium
951 3764 1020 3818 mois
1043 3763 1286 3832 disputationibus,

144 3874 202 3911 non
224 3856 311 3910 invito
335 3857 394 3922 illo,
416 3857 557 3926 integrum
579 3857 789 3926 subiungerem,
816 3874 869 3924 quo
892 3856 1034 3911 iudicandi
1056 3856 1174 3910 materia
1197 3856 1286 3910 omnis

144 3967 201 4003 nno
219 3949 249 4002 in
267 3950 328 4003 loco
346 3950 492 4019 proposita
508 3950 667 4004 haberetur.
705 3949 754 4003 Cui
771 3950 818 4003 ille
836 3948 950 4003 consilio
968 3950 1009 4002 ita
1026 3948 1172 4014 succurrit,
1198 3948 1227 4000 ut
1244 3965 1285 4002 re·

144 4043 218 4097 lecto
232 4042 334 4095 codicis
347 4043 523 4096 Ambrosiani
540 4044 703 4113 apographo
722 4060 770 4097 suo
784 4041 920 4109 quaedam
933 4042 1097 4109 corrigeret,
1117 4056 1285 4108 quamquam

144 4153 197 4190 nec
214 4135 304 4188 mnulta
320 4152 371 4188 neo
389 4136 499 4203 gravia,
510 4137 722 4190 enarrationem
733 4138 828 4189 autem
846 4151 925 4188 suam
942 4150 998 4188 non
1010 4134 1101 4202 magis
1115 4132 1285 4198 mutandam,

145 4245 230 4295 quam
254 4244 331 4280 meas
354 4245 408 4296 ego
431 4227 646 4297 disputationes,
674 4230 808 4283 censeret.
832 4259 864 4266 -
888 4226 1016 4281 Ceterum
1043 4227 1128 4281 etiam
1154 4244 1189 4281 ex
1211 4226 1301 4303 Atho

143 4321 241 4375 monte
261 4318 383 4374 codicem
400 4340 451 4375 ms.
470 4320 591 4375 Parisios
608 4321 755 4388 advectum
773 4338 847 4386 esse,
864 4320 893 4375 iu
911 4337 965 4387 quo
983 4337 1048 4390 pars
1066 4321 1285 4391 prolegomenon
