3014 5010
416 352 463 397 nn
486 352 578 398 msa.
601 351 705 398 anun.
729 352 774 398 nr
795 351 1009 400 r1s1sruaro.
1222 337 1279 401 167

140 504 220 569 illud
258 508 321 586 est,
359 507 394 566 ut
430 503 572 586 triplices
610 503 798 566 numerandi
834 508 928 567 notas
964 504 1083 568 latinus
1122 505 1280 587 interpres

141 614 345 678 conirmxisse
383 613 530 677 credatur
566 613 600 675 in
636 614 721 677 hanc
757 613 912 696 speciem:
967 617 1043 676 Nam
1076 613 1126 695 οβ’
1157 619 1286 678 LXXII
1299 628 1330 676 51

139 732 337 804 septuapmta
370 729 485 787 duobus
516 729 736 802 prommaticis:
775 744 870 805 quam
907 722 1033 805 quidem
1067 724 1281 787 coniecturam

140 834 195 897 rix
220 833 330 897 credas
353 833 485 915 abipso
507 833 674 896 inventore
690 832 904 895 commendari
927 836 963 895 ut
985 833 1051 895 veri
1074 832 1169 916 longe
1185 833 1281 896 simil-

140 943 262 1006 limam.
307 943 388 1005 Item
412 964 440 1004 r.
458 942 499 1006 56
520 943 602 1025 quod
617 936 673 1005 ¹est
696 943 853 1023 athenien,
876 941 940 1004 fuit
961 942 1015 1031 qui
1035 963 1101 1004 non
1122 947 1281 1006 Atbeuiem·

64 1104 69 1110 .
139 1060 182 1116 sic
214 1053 268 1115 sed
297 1058 520 1116 Atheniensium
550 1053 815 1134 interpretaretur
847 1054 880 1113 et
912 1051 952 1114 ad
982 1051 1156 1134 Concylum
1188 1051 1281 1114 simul

139 1162 291 1225 referret:
320 1162 403 1244 quod
431 1182 500 1225 cum
531 1165 661 1244 propter
689 1161 838 1224 omissam
871 1164 946 1223 ante
976 1164 1163 1224 Omomocriti
1188 1182 1281 1243 copu-

140 1272 207 1334 lam
241 1270 408 1353 displicere
441 1270 608 1352 debuerat,
646 1274 714 1333 tum
736 1269 948 1353 'redarguitur
975 1292 1061 1333 nunc
1094 1291 1282 1353 graecorum

142 1379 391 1463 comparatione.
453 1378 597 1462 Denique
637 1401 666 1441 v.
706 1380 748 1442 23
787 1380 958 1442 multorum
995 1380 1109 1461 plausu
1150 1383 1282 1462 excepta

141 1494 192 1553 est
214 1488 414 1573 Bernhardyi
438 1488 616 1552 emendatio
639 1501 667 1552 et
689 1494 798 1552 erra
820 1509 938 1553 semum:
968 1511 1046 1573 quas
1068 1488 1192 1552 litteras
1215 1511 1281 1552 non

141 1601 275 1663 obscure
302 1604 465 1682 tamquam
487 1598 649 1681 perlucere
671 1620 709 1662 ex
731 1597 781 1662 his
804 1598 949 1682 vestigiis
971 1599 1018 1661 ait
1038 1588 1145 1678 phaora
1166 1620 1279 1678 semum,

140 1709 297 1792 siquidem
319 1707 358 1771 de
373 1708 530 1790 scriptura
552 1707 799 1798 monachis'fere
815 1708 954 1771 librariis
969 1708 1088 1771 usitata
1113 1708 1280 1792 cogitetur.

141 1817 205 1882 Sed
216 1838 277 1881 nec
291 1822 367 1881 sunt
380 1817 442 1881 hoc
454 1818 629 1900 scripturae
644 1839 762 1902 genere
777 1817 898 1881 scholia
914 1817 1064 1881 Plautina
1080 1817 1281 1902 consignata,

140 1949 203 1990 nec
232 1927 349 1990 nostris
376 1927 502 2009 quidem
529 1926 628 1990 oculis
657 1927 719 1989 ista
748 1927 925 1990 litterarum
952 1927 1125 1991 similitudo
1153 1927 1281 2009 dilucet,

141 2057 203 2100 neo
225 2041 335 2100 LXXa
356 2036 423 2099 fere
445 2036 579 2100 vidimus
602 2057 659 2118 pro
682 2042 773 2100 LXX
792 2037 963 2119 scriptum,
992 2058 1052 2101 nec
1073 2058 1157 2102 aemes
1184 2037 1282 2101 fuisse

141 2146 214 2209 illos
241 2144 416 2208 Ptolemaei
449 2146 675 2229 grammaticos
705 2144 788 2228 apud
822 2146 920 2208 ullum
953 2149 1067 2210 testem
1096 2147 1230 2230 legimus
1238 2147 1280 2230 *1.

140 2255 239 2319 Cuius
262 2257 368 2317 autem
390 2275 592 2318 numerorum
614 2254 826 2318 notandorum
854 2255 990 2321 artificia
1017 2278 1145 2338 prorsus
1173 2255 1282 2340 singu-

141 2363 224 2426 laria
239 2363 405 2447 aliquoties
426 2364 491 2426 iam
513 2364 661 2427 demirati
684 2386 806 2447 sumus,
831 2365 858 2427 is
883 2365 1009 2447 quidem
1024 2365 1127 2428 simile
1147 2386 1281 2429 acumen

139 2454 204 2536 huc
227 2493 349 2556 quoque
372 2474 489 2537 attulit.
535 2472 620 2536 Nam
637 2473 815 2537 coniunctis
838 2474 922 2536 inter
944 2496 977 2537 se
999 2481 1107 2554 ubique
1128 2489 1281 2539 terrorum

139 2595 287 2662 quantum
316 2589 407 2646 voluit
433 2582 538 2646 verbis
566 2583 758 2666 reliquorum
787 2604 858 2646 cum
885 2583 1075 2666 scripturam
1111 2588 1179 2647 tum
1207 2606 1280 2648 con-

139 2692 350 2755 structionem
378 2694 410 2755 et
432 2693 599 2755 verborum
627 2692 870 2756 collocationem
897 2693 983 2756 hanc
1010 2695 1191 2777 proposuit:
1220 2701 1279 2759 dis-

139 2808 260 2879 quiritis⁸
278 2807 412 2880 impensa
438 2809 544 2878 reciae
564 2809 784 2877 munificentiae
805 2809 1000 2867 columinibus
1022 2824 1116 2881 opera
1138 2809 1283 2867 Demetrii

141 2916 284 2974 Ptolem·
312 2935 353 2998 ,ιη
384 2914 673 2975 celoolooMMM
705 2917 782 2976 duas
813 2917 1007 2976 bibliothecas
1036 2917 1127 2988 fecit:
1165 2933 1280 2995 easque

139 3023 236 3084 uotas
260 3042 352 3083 ausus
375 3024 423 3083 est
444 3018 537 3083 valde
561 3041 718 3104 congruas
741 3041 812 3083 cum
841 3020 959 3085 codicis
980 3021 1133 3084 memoria
1162 3021 1277 3083 dicere.

139 3129 276 3194 Possum
303 3129 341 3192 de
367 3132 428 3192 hoc
453 3133 631 3193 commento
653 3130 798 3193 acerbius
827 3129 982 3212 iudicare3
1015 3132 1100 3193 malo
1127 3151 1278 3213 quaerere

138 3238 319 3302 lenissime:
343 3260 394 3301 ars
418 3239 529 3303 critica
550 3239 596 3302 sic
617 3240 767 3302 factitata
790 3239 865 3322 quid
887 3239 1039 3322 prodest?
1075 3238 1137 3303 Sed
1156 3243 1276 3320 tamen,

137 3353 177 3411 ut
204 3348 396 3432 intellegant
423 3349 551 3431 saltem,
584 3348 610 3411 si
638 3350 692 3432 qui
724 3348 864 3411 iudicare
893 3349 962 3411 sine
995 3349 1129 3412 lenitate
1157 3348 1276 3430 volent,

137 3456 218 3541 quid
250 3457 380 3520 tandem
411 3458 471 3521 sibi
505 3458 639 3521 voluerit
673 3458 808 3521 istarum
839 3457 1015 3521 fabricator
1046 3456 1276 3538 machinarum,

137 3567 440 3649 interpretationem
468 3567 622 3630 adicimus
645 3589 767 3649 eorum,
797 3588 877 3650 quae
900 3589 965 3630 non
992 3567 1172 3630 dubitamus
1201 3567 1279 3651 quin

136 3676 234 3739 multi
268 3697 305 3738 ex
336 3676 506 3760 Aegyptiis
539 3677 686 3740 obeliscis
719 3677 820 3760 petita
855 3676 1006 3740 credituri
1033 3677 1108 3740 sint.
1158 3674 1279 3739 Valent

136 3785 242 3869 igitur
264 3784 320 3847 illa
348 3785 456 3869 signa,
486 3786 514 3849 si
536 3807 644 3866 eorum
671 3787 787 3869 pictori
810 3786 982 3869 credimus,
1012 3788 1086 3850 hoc:
1114 3792 1278 3865 disquiritis
1296 3791 1328 3838 52

136 3900 363 3958 duodevicesies
389 3902 468 3959 mille
496 3903 700 3960 voluminibus.
723 3933 767 3945 -
794 3895 861 3959 Nos
891 3898 997 3958 autem
1026 3916 1097 3958 cum
1124 3895 1277 3977 scriptum

134 4003 238 4066 fuisse
268 4024 363 4082 opero
392 4010 538 4068 Demetrii
569 4011 706 4069 Phalerii
731 4010 887 4084 prehensa
919 4026 1017 4069 secam
1051 4003 1275 4085 conteremus,

206 4257 232 4322 *)
251 4255 391 4323 [Legimus
409 4272 481 4310 nunc
499 4273 565 4310 sane
585 4256 614 4310 in
632 4257 750 4312 Tzetzaa
767 4257 976 4327 prolegomenis
993 4256 1184 4312 Ambrosianis
1202 4256 1277 4325 apud

134 4346 258 4402 Keilium
275 4365 303 4416 p.
324 4354 380 4414 117,
398 4354 426 4403 8:
446 4353 490 4403 καὶ
507 4349 661 4418 reponetur
679 4351 785 4417 ἑτέρων
803 4351 934 4418 ἀνδρῶν.]
