2970 4996
330 316 367 362 ττι
389 316 524 364 seuseu
546 315 630 364 τιον.
653 315 789 363 russas
811 297 1003 362 254-261.
1053 272 1070 283 ’μ
1136 321 1228 373 va„

97 469 202 534 ἐττία(
218 467 440 552 corrigendum
457 489 534 532 esse.
573 467 601 531 Ε
623 490 685 552 quo
706 467 796 532 fonte
818 467 1064 532 constructionis
1079 469 1240 552 perversio

96 578 290 663 gravissima
312 579 466 642 manavit.
1064 593 1084 642 ᾗ

185 687 236 751 Ad
258 688 403 771 proxima
424 688 587 772 pergimus
608 692 660 770 ut,
689 688 762 773 quid
785 688 917 752 tandem
938 683 981 752 sit
1007 687 1090 773 quod
1112 688 1240 754 effectu-

97 821 170 862 rum
185 820 219 862 se
235 797 382 863 Eteocles
397 798 601 882 polliceatur,
623 799 767 882 patefiat.
803 797 962 863 Nimirum
982 799 1120 882 primum
1135 801 1239 880 θήεειν

97 911 254 990 τρόπαια,
292 912 458 992 praeterea
490 911 598 973 autem
631 909 733 992 spolia
763 908 870 992 opima
906 909 1034 993 templis
1071 910 1241 974 affixurum

97 1019 239 1083 hostium
265 1019 466 1083 vestimenta.
517 1018 561 1082 Et
592 1018 631 1082 de
663 1020 803 1102 tropaeis
837 1018 997 1082 intellexit
1029 1019 1127 1083 etiam
1160 1042 1240 1084 unus

97 1129 359 1194 scholiastarum:
386 1130 630 1210 παρατηρητέον
658 1129 706 1194 ὅτι
729 1130 859 1194 οὐδέπω
882 1129 921 1208 ἦν
943 1131 962 1207 ἡ
985 1135 1051 1194 τῶν
1075 1131 1240 1210 τροπαίων

97 1241 255 1319 ὀνοματία
285 1242 364 1304 κατὰ
396 1242 454 1305 τὸν
483 1241 661 1304 Ἐτεοκλέα
693 1240 772 1304 dure
801 1239 966 1322 ἀνεβίβαεε
998 1242 1038 1305 τὰ
1071 1243 1150 1306 κατὰ
1182 1244 1240 1307 τὸν

96 1351 223 1429 χρόνον
245 1350 439 1430 ὁΑἰτχύλοε.
484 1348 546 1413 Sed
567 1371 605 1412 ca
626 1353 736 1413 tamen
756 1349 982 1432 interpretatio
997 1351 1100 1414 omnis
1121 1352 1241 1435 quomi-

98 1482 160 1523 nus
183 1459 278 1523 fidem
304 1458 465 1541 inveniat,
495 1481 625 1524 caussae
648 1460 779 1523 obstant
807 1460 1027 1544 gravissimae.
1072 1460 1157 1524 Nam
1178 1461 1241 1544 pri-

96 1592 187 1633 mum
214 1569 340 1653 quidem
369 1592 439 1633 cum
461 1570 559 1633 etiam
584 1573 718 1653 tropaea
745 1592 811 1633 uon
839 1570 967 1633 aliunde
995 1569 1059 1633 nisi
1087 1592 1104 1631 e
1131 1570 1241 1653 spoliis

98 1680 268 1744 hostilibus
291 1680 372 1744 fiant
379 1730 387 1761 ,
414 1681 529 1743 mirum
552 1684 600 1744 est
622 1679 735 1744 horum
757 1680 968 1762 mentionem,
998 1679 1177 1744 seiunctam
1200 1681 1241 1744 ab

97 1791 242 1874 ipsorum
276 1793 480 1873 tropaeorum
515 1791 741 1874 promissione,
780 1792 814 1854 in
847 1791 949 1853 altera
985 1792 1113 1854 tantum
1148 1793 1241 1874 parte

98 1900 271 1984 bipertitae
293 1900 525 1965 enuntiationis
547 1900 626 1983 fieri,
650 1901 842 1983 omninoque
865 1901 943 1964 satis
966 1904 1099 1964 ornatae
1122 1899 1156 1971 in
1177 1899 1240 1965 hac

98 2014 192 2094 parte
220 2011 358 2074 orationi
391 2010 553 2094 praemitti
586 2014 654 2074 tam
687 2011 821 2074 exilibus
847 2011 951 2095 verbis
985 2011 1103 2074 elatam
1136 2013 1240 2089 θήεειν

97 2123 238 2200 τρόπαια
259 2121 432 2184 notionem.
478 2119 552 2184 Non
574 2121 680 2184 minus
703 2123 810 2184 autern
832 2123 960 2204 praeter
982 2120 1156 2202 rationem,
1186 2121 1241 2184 ubi

97 2232 202 2296 δαΐων
236 2233 269 2295 δ’
302 2232 459 2309 ἐτθήματα
492 2232 596 2295 verbis
629 2232 669 2294 ad
703 2231 839 2295 alterum
871 2229 1049 2294 membrum
1081 2231 1241 2294 enuntiati

97 2341 272 2422 transitur,
311 2363 330 2404 a
362 2341 535 2423 spoliorum
571 2342 606 2405 in
642 2341 770 2425 templis
807 2340 1007 2425 figendorum
1045 2341 1241 2425 cogitatione

98 2451 247 2515 seiuncta
262 2453 310 2514 est
332 2451 560 2533 sacrificiorum
582 2452 726 2535 sponsio,
751 2473 831 2534 quae
853 2454 963 2514 tamen
986 2453 1121 2534 apparet
1141 2450 1241 2514 multo

99 2561 200 2624 etiam
223 2562 329 2645 aptius
362 2561 437 2625 illuc
459 2584 555 2645 quam
582 2565 622 2624 ad
650 2565 782 2645 tropaea
815 2561 975 2645 pertinere
1008 2561 1067 2624 sub
1093 2560 1145 2624 dio
1172 2561 1242 2625 fieri

98 2672 197 2736 solita
218 2672 254 2735 in
277 2693 389 2754 campo
418 2675 539 2755 aperto.
585 2671 629 2734 Et
650 2674 686 2734 ut
713 2671 774 2735 hoc
799 2671 1033 2735 incommodum
1060 2674 1184 2735 mutata
1206 2673 1242 2736 δὲ

98 2782 136 2845 in
163 2803 198 2846 τε
226 2781 385 2864 particula
416 2782 512 2846 facile
540 2781 674 2863 vitetur,
708 2784 818 2845 tamen
845 2781 942 2867 longe
970 2781 1242 2846 evidentissimum

99 2893 327 2976 argumentum
341 2890 401 2956 hoc
416 2895 532 2974 restat,
549 2892 632 2975 quod
648 2891 811 2955 constanti
826 2891 975 2975 loquendi
989 2912 1049 2954 usu
1064 2893 1242 2974 ‘tropaeum
1274 2945 1278 2955 .

98 3004 254 3066 statuere'
275 3023 347 3065 cum
370 3001 482 3065 ceteris
505 3001 712 3085 scriptoribus
728 3001 826 3065 etiam
848 3005 961 3085 poetae
983 3001 1100 3084 tragici
1121 3001 1243 3066 ἱττάναι

96 3115 257 3191 τροπαῖον
280 3110 429 3175 dixemnt
451 3110 502 3194 (ut
523 3111 650 3174 mittam
673 3112 809 3191 ὀρθοῦν,
832 3111 997 3196 ἐγείρειν),
1023 3133 1089 3175 non
1111 3112 1240 3175 τιθέναι.

97 3220 340 3285 Animadvertit
366 3220 427 3285 hoc
449 3221 657 3284 Marklandus
683 3221 718 3284 in
740 3220 906 3303 Supplices
928 3219 1091 3303 Euripidis
1113 3242 1142 3283 v.
1166 3220 1240 3302 657,

96 3330 204 3393 tribus
219 3332 247 3394 is
262 3331 388 3414 quidem
403 3334 521 3396 τιθέναι
536 3331 625 3395 verbi
641 3330 793 3414 exemplis
808 3330 1007 3412 memoretis,
1032 3328 1087 3393 sed
1109 3351 1242 3413 quorum
1298 3310 1300 3313 ⁵

96 3440 240 3524 primurn
261 3441 397 3523 petitum
420 3462 437 3503 e
460 3439 656 3523 Choephoris
684 3463 713 3504 ν.
739 3440 800 3503 762
823 3440 896 3505 ἀλλ’
926 3440 952 3503 εἰ
980 3441 1137 3518 τροπαίαν
1159 3441 1241 3504 Ζεὺ(

83 3555 209 3616 ’κακῶν
232 3551 315 3627 θήεει
337 3553 434 3628 ποτέ,
461 3550 516 3613 ubi
539 3551 589 3616 vel
611 3552 766 3631 τρόπαιον
788 3548 839 3613 vel
860 3550 1000 3630 τρόπαια
1021 3549 1105 3613 mule
1131 3548 1241 3612 suade-

98 3661 160 3724 bat
180 3658 354 3742 Porsonus‚
384 3682 511 3743 prorsus
540 3660 616 3724 hinc
645 3660 784 3724 alienum
811 3658 868 3723 sit:
898 3659 1034 3722 alterurn
1060 3658 1242 3736 inHelena

94 3768 264 3851 Euripidis
287 3792 316 3832 v.
343 3770 425 3834 1380
452 3772 497 3835 ὼ(
527 3773 696 3851 βαρβάρων
724 3770 863 3851 τρόπαια
888 3770 1011 3851 μυρίων
1041 3771 1108 3848 χερὶ
1136 3771 1240 3848 θήτων

95 3877 211 3942 addito
233 3880 301 3957 χερί
323 3878 464 3943 differat:
487 3881 617 3944 tertium
640 3879 867 3963 Aristophanis
888 3879 924 3943 in
939 3878 1117 3962 Lysistrata
1133 3901 1162 3941 ν.
1179 3878 1241 3943 318

93 4009 167 4053 non
196 3983 298 4053 θεῖναι
325 3988 380 4052 sed
408 3993 513 4055 θέτθαι
540 3993 685 4074 praestat
717 3989 876 4074 genetivis
904 3988 1060 4053 sociatum
1088 3990 1241 4053 δέτποινα

93 4100 178 4178 Νίκη
203 4105 357 4175 ξυγγενοῦ
380 4105 445 4165 τών
469 4103 502 4165 τ’
525 4103 560 4165 ἐν
576 4103 669 4166 πόλει
691 4105 852 4176 γυναικῶν
876 4104 934 4164 τοῦ
956 4104 1016 4164 νῦν
1039 4103 1241 4177 παρεττώτοτ

90 4210 236 4291 θράτουτ
265 4210 369 4274 θέεθαι
396 4214 554 4290 τροπαῖον
587 4212 675 4288 ἡμᾶς.
724 4210 812 4284 Quae
840 4231 911 4272 cum
943 4210 989 4272 ita
1022 4209 1103 4289 sint,
1138 4210 1242 4270 denuo

87 4322 230 4406 praesto
252 4321 302 4381 est
324 4319 436 4383 salutis
458 4321 646 4384 administer
667 4319 857 4401 scholiasta,
886 4340 951 4383 non
980 4318 1007 4382 is
1035 4318 1089 4402 qui
1117 4318 1156 4381 de
1178 4321 1241 4380 tro-

974 4419 1039 4483 24*
