2948 4996
480 327 598 373 annun
622 325 880 375 scareroarsvs.
1189 311 1252 377 459

110 505 179 547 non
201 482 241 545 ad
265 479 441 544 Alexandri
464 481 603 542 aetatem
625 480 766 562 retulit,
795 479 850 542 sed
873 483 1018 563 spectare
1047 481 1087 544 ad
1110 482 1251 565 mythica

111 597 257 676 tempora
278 589 501 674 antiquissima
516 588 728 652 Macedonum
751 590 902 653 coniecit:
924 612 1038 674 parum
1061 591 1092 654 id
1115 592 1251 674 quidem,

111 703 140 767 si
166 702 242 786 quid
270 700 376 781 video,
406 699 445 762 ad
473 697 726 781 persuadendum
756 699 910 782 apposite.
956 700 1024 774 Quo
1058 723 1129 763 euin
1162 723 1251 784 prae-

113 834 225 897 gressa
258 809 371 875 scholii
403 808 567 891 Euripidei
600 808 698 872 verba
730 808 905 891 duxerunt,
940 831 1021 893 quae
1053 809 1133 874 haee
1162 814 1251 875 sunt:

112 924 189 988 καθ’
206 921 290 1001 ἅμμα
312 917 429 1004 λύεειν]
453 920 541 998 παρὰ
562 921 621 998 τὴν
644 919 833 998 παροιμίαν,
862 920 929 998 ἥτιε
957 918 1038 985 ἐετίν
1064 921 1145 1000 «οὐχ
1168 921 1253 1000 ἅμμα

115 1034 256 1098 λιίεειε».
280 1031 399 1110 εἴρηται
415 1032 450 1094 δέ
466 1030 531 1093 ἀπό
544 1029 691 1107 τοιαύτη(
707 1028 819 1093 αἰτίαι·
842 1032 909 1093 roi<
926 1030 1023 1109 Φρυξὶ
1038 1030 1135 1106 λόγοε
1157 1031 1251 1110 ἐδόθη

113 1144 238 1208 ἐκεῖνον
262 1140 453 1221 βαειλεόεειν
483 1143 538 1217 τῆε
561 1139 678 1215 Ἀείαε,
707 1141 744 1204 δε
772 1140 812 1203 ἂν
841 1143 897 1217 τῆ(
924 1139 1048 1219 ἀπήνη(
1078 1142 1168 1205 λῡεαι
1194 1142 1252 1206 τόν

113 1254 228 1331 δεεμόν
251 1249 399 1329 δυνηθείη
421 1254 489 1328 τῆε
517 1249 883 1328 κομιεόεηεεΜίδαν
912 1249 967 1314 εἰ(
991 1249 1181 1328 Φρυγίαν,
1216 1252 1253 1315 ὃ(

113 1362 153 1441 ἠν
176 1362 365 1439 ἀμπέλινοε,
394 1361 420 1443 ᾧ
445 1359 631 1424 ευνεδέδετο
661 1358 796 1434 δζυγδε
826 1360 875 1423 καὶ
904 1359 1052 1438 δρυμότ.
1098 1360 1196 1436 λόγοε
1217 1362 1253 1424 δὲ

113 1473 324 1550 Ἀλέξανδρον
346 1472 489 1534 διαλῡεαι
511 1469 661 1535 ἐξελόντα
682 1470 739 1533 τόν
762 1469 900 1549 ἔμβολον
923 1471 949 1552 ᾧ
972 1468 1133 1548 κατείχετο
1157 1471 1176 1533 ό
1199 1470 1252 1549 ρυ-

113 1583 188 1661 μόε,
212 1581 246 1645 ἐν
275 1587 321 1664 τῷ
350 1579 524 1662 ἐγχειριδίῳ
548 1578 752 1657 ἀποτεμόντα
779 1580 856 1658 μετὰ
878 1581 937 1659 τὴν
961 1579 1012 1643 ἐπὶ
1036 1579 1176 1662 Γρανίκῳ
1198 1580 1253 1657 μά-

113 1713 183 1771 χην.
216 1692 331 1767 γέγονε
357 1692 393 1754 δὲ
421 1689 671 1768 δἈλέξανδροε
698 1689 777 1753 κατὰ
803 1690 880 1754 τοὺ(
908 1689 1077 1768 Εὐριπίδου
1105 1690 1252 1768 χρόνουε.

113 1805 327 1881 παροιμιῶδες
345 1798 404 1864 οὖν
427 1799 509 1863 ἐετιν
526 1798 578 1864 ἐπὶ
592 1802 657 1862 τῶν
674 1799 830 1864 δύελυτόν
845 1819 873 1863 τι
888 1798 1139 1878 ἐπιχειρούντων
1155 1801 1252 1883 λῦεαι.

115 1910 266 1990 Μαρεύαε
288 1910 324 1973 δὲ
345 1959 352 1972 .
376 1958 382 1972 .
407 1907 428 1996 .]

199 2018 273 2102 (xl)
310 2017 397 2082 Hinc
426 2039 618 2101 quamquam
654 2017 737 2080 nihil
773 2017 850 2081 licet
879 2016 917 2081 de
947 2017 1099 2081 mediocri
1131 2017 1253 2081 ambitu

113 2129 304 2212 scriptorum
332 2128 374 2191 ab
401 2127 529 2210 Marsya
557 2126 758 2210 Philippensi
790 2127 1020 2191 Macedonicon
1049 2130 1135 2191 certo
1167 2127 1252 2191 colli-

114 2260 208 2323 gere,
232 2238 349 2321 quippe
372 2237 426 2320 qui
448 2258 503 2319 ea,
526 2258 607 2321 quae
629 2237 693 2300 iam
714 2239 913 2320 pertractata
935 2260 954 2300 a
974 2237 1098 2301 Pellaeo
1118 2238 1251 2320 videret,

114 2348 255 2433 potuerit
281 2347 452 2411 summario
480 2348 617 2431 quodam
645 2349 805 2430 coartare,
835 2347 963 2411 uberius
991 2369 1042 2410 res
1070 2350 1111 2411 ab
1133 2348 1252 2431 olymp.

116 2459 187 2539 112,
211 2459 232 2521 2
260 2441 369 2542 gestas
395 2457 557 2541 persequi:
594 2461 703 2520 tamen
730 2459 857 2521 tantum
886 2457 1040 2540 efficitur,
1068 2458 1121 2520 vix
1149 2459 1253 2522 locum

115 2569 150 2632 in
165 2567 382 2631 Macedonicis
403 2567 548 2631 invenire
573 2565 776 2653 [quamquam
797 2567 946 2631 dissentit
960 2567 1133 2631 Muellerus
1149 2589 1182 2650 p.
1198 2567 1251 2654 45]

115 2677 306 2742 scholiastae
336 2676 371 2739 in
397 2675 542 2740 Platonis
571 2676 759 2742 Convivium
787 2700 819 2760 p.
842 2678 906 2742 373
934 2676 1035 2741 Bekk.
1067 2675 1140 2764 [958
1163 2675 1255 2765 Tun]

116 2788 154 2852 de
181 2787 355 2872 Agathone
382 2787 614 2857 testimonium:
651 2789 701 2852 καὶ
730 2789 812 2867 πρὸ(
839 2789 1012 2867 Ἀρχέλαον
1041 2788 1098 2852 τόν
1127 2788 1254 2867 βαειλέα

117 2901 231 2983 ᾤχετο,
257 2897 301 2962 ihc
318 2899 499 2978 Μαρειίαε
517 2898 559 2981 [ὁ]
576 2899 782 2978 νεώτεροι.
817 2895 970 2983 [Quocum
993 2896 1143 2960 convenit
1165 2894 1254 2959 scho-

116 3008 158 3070 lio
180 3008 341 3071 Lucianeo
360 3029 379 3070 a
397 3009 547 3071 Cramero
569 3004 655 3070 edito
677 3007 801 3070 Anecd.
825 3007 928 3071 Oxon.
959 3005 1020 3069 vol.
1044 3004 1091 3069 IV
1120 3027 1151 3088 p.
1175 3004 1253 3068 269:

115 3120 186 3196 μεθ’
210 3117 250 3182 οὗ
274 3117 462 3199 (praecessit
482 3121 541 3181 τοῦ
564 3117 729 3201 τραγικοῦ)
752 3118 833 3196 πρό(
850 3117 1023 3196 Ἀρχέλαον
1045 3114 1105 3181 τὸν
1129 3114 1255 3196 βατιλέα

116 3256 239 3335 ᾤχετο,
273 3252 318 3316 ὼε
345 3251 532 3330 Μαρεόαε
559 3251 578 3315 ὁ
608 3253 814 3330 νεώτεροεε
844 3233 971 3316 αδίιδτ
992 3213 1083 3330 popei
1104 3254 1139 3317 τέ
1161 3214 1251 3331 νεόιρ

117 3360 283 3447 codex.*)]
333 3359 419 3424 Nam
446 3363 482 3423 ut
507 3361 592 3423 hunc
619 3360 689 3442 ipso
720 3361 813 3424 initio
841 3360 937 3443 primi
971 3361 1045 3424 libri
1077 3364 1254 3425 statuamus

113 3471 259 3553 priorum
280 3490 392 3553 regum
414 3469 629 3533 successiones
652 3491 868 3552 summamque
891 3471 1080 3553 antiquioris
1102 3471 1255 3535 historiae

114 3578 343 3643 Macedonicae
365 3578 475 3662 paucis
500 3579 697 3662 complexum
721 3600 799 3661 esse,
822 3582 932 3643 tamen
955 3581 989 3643 in
1012 3581 1078 3644 eius
1095 3581 1180 3644 modi
1203 3581 1254 3644 de-

114 3689 235 3752 lectum
270 3687 531 3772 gravissimorum
564 3689 705 3771 capitum
733 3689 839 3772 ecquis
872 3688 933 3752 sibi
965 3690 1157 3773 persuadeat
1186 3695 1255 3772 tam

113 3799 219 3862 levem
242 3819 309 3860 rern
331 3819 398 3861 esse
421 3798 593 3881 adscitam,
622 3798 725 3881 qualis
748 3797 868 3881 aliquot
895 3804 1061 3882 poetarum
1084 3801 1254 3864 artificum-

112 3928 176 3990 que
200 3907 333 3991 (habuit
360 3907 446 3970 eninr
478 3908 580 3972 socios
614 3909 706 3972 istius
738 3907 1008 3991 peregrinationis
1041 3910 1186 3994 Agatho)
1221 3909 1256 3972 in

114 4014 344 4080 Macedoniam
376 4017 533 4081 adventus
565 4017 651 4081 fuit?
694 4016 755 4081 Sed
791 4017 845 4080 ubi
877 4017 1004 4100 quidem
1037 4019 1103 4082 eius
1131 4018 1256 4082 itineris

184 4247 209 4311 ⁴²)
237 4244 316 4313 [linio
333 4243 462 4312 Marsyae
479 4242 633 4298 narrationi
652 4261 702 4298 sua
719 4244 822 4299 debere
840 4243 985 4298 Aehanum
1003 4244 1068 4299 Var.
1089 4245 1152 4299 hist.
1173 4246 1206 4312 ΙΙ,
1224 4250 1255 4298 21

107 4337 274 4410 suspicatur
291 4336 454 4393 Wclokerus
473 4337 507 4392 de
526 4336 678 4408 tragoediis
696 4336 805 4408 gracds
822 4338 862 4393 III
879 4357 906 4410 p.
925 4340 994 4409 oso]
