2904 4996
213 342 275 406 718
608 353 770 404 senense
793 353 965 401 11111111.

214 512 331 573 mater:
359 508 429 592 quis
452 507 582 570 tandem
606 509 706 591 negat
728 507 888 570 diversum
909 527 977 570 esse
1000 509 1107 569 terrae
1130 510 1228 590 etque
1251 508 1359 571 mulie·

214 620 258 683 ris
286 617 477 683 interitum?
520 616 608 691 Quae
635 618 662 680 si
691 617 742 680 eui
769 616 962 680 ridebuntur
990 617 1138 701 argutius
1165 639 1234 681 esse
1258 618 1360 701 dispu-

112 754 117 763 ·
214 734 284 794 tata
317 751 412 812 quam
445 727 565 809 verina,
602 726 688 789 aliud
715 726 881 809 ,quoddam
914 731 1141 812 argumentum
1176 750 1360 812 expromam

215 839 364 923 posthac,
395 860 434 901 ex
462 838 531 921 ipso
559 837 659 900 animi
687 858 781 900 sensu
807 836 996 901 Tecmessae
1024 839 1178 922 petitum,
1210 839 1295 922 quod
1322 839 1361 902 ad

215 949 455 1033 persuasionem
478 949 660 1030 appositum
687 949 735 1009 est
756 946 923 1029 imprimis.
969 947 1104 1013 Prorsus
1128 953 1240 1013 autem
1261 950 1362 1012 inere

215 1060 313 1122 dibile
341 1062 390 1122 est
417 1059 476 1121 tris
505 1056 584 1120 adeo
611 1057 851 1121 commemorari
880 1058 1008 1140 notent,
1042 1059 1078 1122 in
1107 1081 1171 1143 qua
1200 1060 1362 1122 sententia

216 1169 388 1252 aliquando
409 1168 472 1231 11111
494 1167 714 1249 Hermannus3
738 1166 812 1251 quid
836 1153 928 1231 enim¹
943 1168 1233 1233 tandem-caussae
1255 1169 1361 1249 fuerit,

217 1300 272 1343 cur
293 1280 357 1342 tria
380 1299 480 1363 eaque
502 1277 626 1341 diversa
649 1277 709 1340 fati
732 1298 852 1362 genera
867 1279 998 1341 finxerit
1019 1283 1126 1361 poeta,
1151 1301 1235 1363 quae
1257 1279 1363 1362 qualia

217 1393 325 1452 essent
352 1411 419 1452 uon
447 1387 644 1470 exponeret?
669 1426 712 1436 -
739 1387 843 1451 Huius
871 1389 971 1472 igitur
998 1390 1169 1452 veritatem
1191 1390 1364 1453 ratiocina-

217 1498 315 1562 tionis
338 1520 410 1562 cum
431 1497 615 1581 Reisigio
637 1498 714 1560 olim
736 1498 980 1581 persuasissem,
1004 1498 1115 1562 statim
1137 1499 1212 1582 ille,
1238 1503 1272 1563 ut
1296 1503 1365 1562 erat

218 1608 499 1673 adinveniendum
522 1608 788 1691 promptissimus,
813 1609 984 1692 reprobata
1001 1630 1072 1672 mea
1094 1609 1236 1693 quadarn
1258 1632 1364 1674 emen-

217 1719 347 1782 datione
370 1719 416 1782 sio
439 1740 507 1781 esse
530 1718 734 1782 scribendum
755 1719 993 1803 pronuntiavit:

370 1923 377 1936 .
400 1922 406 1934 .
430 1922 435 1935 .
461 1873 495 1936 cd
518 1875 580 1952 γάρ
603 1893 655 1960 μοι
677 1873 805 1952 πατρίδ’
828 1874 968 1956 derata(
990 1873 1077 1955 oeni,

370 1984 420 2046 καὶ
442 1983 556 2062 μητέρ>
578 1982 675 2066 ἄλλῃ
697 1986 792 2063 μοῖρα
814 1985 873 2048 τὸν
895 1983 1043 2064 φύεαντά
1065 2005 1099 2049 τε

369 2095 514 2157 καθεῖλεν
538 2114 563 2154 e.
588 2114 618 2174 q.
646 2092 711 2177 a.*)

150 2275 155 2282 ·
217 2247 256 2308 τὲ
286 2245 372 2307 enim
401 2268 419 2307 a
447 2245 607 2308 Lobeckio
636 2245 853 2328 excogitatum
881 2245 1010 2330 egregie
1039 2246 1244 2309 confirmavit
1272 2247 1369 2310 unius

186 2354 193 2365 '
218 2355 292 2418 libri
321 2355 531 2418 Laurentiani
560 2354 714 2418 memoria
745 2352 868 2440 [imm0,
895 2359 931 2418 ut
959 2378 1046 2420 nunc
1074 2359 1219 2439 constat,
1250 2358 1369 2420 utrius-

168 2480 201 2528 14
219 2465 302 2552 quel.
347 2464 460 2549 ltaque
482 2464 543 2528 hoc
566 2464 644 2528 dicit
666 2463 850 2528 Tecmessa:
879 2476 912 2529 tu
925 2470 1001 2529 mini
1015 2473 1154 2546 patriam
1169 2472 1262 2530 hesta
1284 2490 1368 2532 ecer-

219 2583 296 2657 1111,
327 2598 385 2654 quo
409 2579 528 2652 sactum
557 2586 600 2638 est
626 2587 660 2638 ur
688 2586 718 2639 et
738 2582 844 2653 metri,
875 2583 988 2655 quippe
1015 2582 1090 2640 bello
1111 2588 1243 2656 ceptae,
1274 2590 1369 2641 extra

217 2693 353 2764 putrium
381 2697 495 2749 terrem
522 2690 709 2749 moriendum
737 2696 811 2748 esset
839 2685 885 2768 (id
908 2685 991 2768 quod
1012 2685 1235 2749 tristissimum
1264 2688 1369 2751 visum

219 2795 393 2881 veteribus)
426 2807 454 2858 et
480 2801 544 2874 ipsc
572 2805 666 2874 poter
698 2802 945 2873 exstinquererur
976 2817 1066 2860 meus.
1110 2794 1162 2858 Ita
1196 2819 1275 2861 vero
1308 2821 1369 2862 nec

219 2905 344 2969 foedum
367 2905 507 2967 mulieris
532 2905 660 2969 caedem
680 2905 760 2988 ipsis
775 2906 922 2969 manibus
938 2906 1047 2969 Aiacis
1069 2905 1195 2986 tribuit,
1208 2912 1256 2972 et
1279 2931 1368 2972 eaus-

219 3039 287 3079 sam
309 3019 418 3079 tamen
446 3016 559 3079 mortis
587 3016 627 3079 ad
654 3015 791 3080 eundem
818 3017 917 3079 refert
938 3019 1050 3099 utpote
1071 3016 1289 3099 expeditionis
1314 3020 1368 3084 du-

219 3148 297 3190 cem.
342 3126 377 3189 Id
406 3147 480 3188 vero
508 3125 604 3208 plane
633 3147 700 3190 esse
728 3127 942 3190 necessarium
972 3127 1020 3190 vis
1048 3127 1288 3192 sententiarum
1320 3153 1367 3193 ar·

218 3237 289 3319 guit
316 3235 578 3299 luculentissime.
627 3235 713 3299 Nam
744 3258 815 3301 cum
844 3237 1030 3301 Tecmessae
1059 3237 1118 3300 hoc
1147 3238 1190 3300 sit
1221 3242 1368 3322 proposi·

218 3350 303 3429 trun,
337 3351 373 3410 ut
394 3346 529 3410 Aiacem
558 3346 599 3409 ab
629 3347 752 3410 consilii
781 3347 829 3411 sui
856 3347 1038 3411 temeritate
1068 3347 1258 3432 prohibeat,
1295 3373 1368 3414 eum

219 3457 289 3520 aliis
312 3457 511 3541 argumentis
534 3456 650 3538 utitur,
679 3461 747 3519 tum
774 3457 915 3520 officium
944 3456 1118 3521 esseillius
1142 3457 1368 3524 demonstrare

218 3566 339 3649 studet,
373 3589 464 3630 suam
496 3567 597 3630 tutari
625 3589 763 3649 servam,
800 3568 917 3651 quippe
947 3567 1035 3631 euius
1061 3567 1167 3631 omnis
1197 3570 1235 3633 in
1267 3571 1368 3634 Aiace

218 3678 322 3759 posita
350 3678 392 3740 sit
419 3699 492 3759 spes
522 3681 554 3740 11
581 3677 707 3740 fiducia.
759 3678 910 3741 Officium
943 3681 1049 3741 autem
1083 3699 1151 3741 esse
1179 3685 1367 3764 propterea,

217 3787 299 3869 quod
328 3787 483 3869 postulari
505 3787 621 3850 debeat
644 3788 684 3850 ab
707 3808 758 3869 eo,
787 3788 840 3871 qni
868 3788 975 3871 patria
1003 3789 1141 3871 aliquem
1171 3791 1314 3871 privarit
1338 3796 1370 3854 11

216 3897 414 3980 parentibus,
439 3897 542 3960 eidem
564 3900 599 3959 ut
622 3899 746 3978 patriae
769 3900 801 3960 et
822 3899 1004 3980 parentium
1027 3898 1131 3961 instar
1152 3898 1207 3962 sit.
1249 3900 1369 3976 Quodsi

285 4194 309 4259 *1
338 4193 405 4261 [Nec
432 4192 493 4247 aliis
517 4209 579 4247 earu
607 4194 831 4248 emendationem
858 4193 998 4263 Reisigius
1020 4194 1157 4263 probasse
1181 4194 1296 4252 videtur
1319 4215 1370 4254 nee

219 4283 377 4339 Hermanno
396 4286 526 4354 probavit
543 4287 572 4339 iu
591 4287 712 4341 editione
730 4289 824 4341 tertia.
860 4288 914 4340 Alii
934 4288 1000 4354 quid
1019 4287 1202 4352 coniecerim,
1224 4290 1369 4345 Nauekius

218 4380 326 4441 narrat;
346 4395 442 4431 sanam
461 4397 522 4433 esso
541 4380 666 4434 codicum
683 4382 851 4450 scripturam
870 4398 952 4435 nemo
970 4380 1051 4435 facile
1069 4384 1267 4453 persuaserit]
