2924 4996
376 301 636 350 αιιοιιοιοαιιιιι
660 300 942 349 νικοοιιοιιαιιοπ.
1167 283 1230 348 565

86 477 160 536 μος·
182 460 270 523 ζῶον
294 456 454 535 πονηρὸν·
476 454 651 530 ἀναγκαῖον
674 455 781 520 κακόν.
827 455 890 519 έδει
911 455 973 534 γάρ
994 454 1074 533 ἡμᾶς
1096 461 1142 539 τῷ
1165 461 1229 537 θεῷ

42 576 72 616 ⁵⁵
87 569 193 644 θύειν,
216 567 296 632 όταν
317 567 398 644 γυνὴ
420 565 647 643 κατορύττηται
663 563 775 644 τάφω·
799 565 860 643 οὐχ
883 564 962 629 ὅταν
984 565 1142 649 γαμεῖν.*)
1175 587 1229 642 γυ-

85 681 181 743 ναῖκα
208 678 270 756 γὰρ
299 676 443 741 θάπτειν·
479 676 647 754 ἢγαμεῑν.
699 675 889 754 τυραννικὸν
917 675 1010 738 τοῦτ’
1037 674 1107 739 ε’ςτί.
1148 677 1228 753 γυνὴ

86 787 206 867 θηρίων
235 786 389 851 ἁπάντων
418 784 597 864 ἀγριωτέρα
624 783 768 864 ὑπάρχει.
820 786 967 864 Κρεῖςςον
995 784 1057 863 γάρ
1082 785 1163 849 ἐςτιν
1187 784 1230 848 είς

85 902 166 977 πῦρ·
195 899 214 975 ἢ
238 896 280 962 εἰς
303 895 392 974 ὕδωρ
414 898 539 972 πεςεῖν,
567 896 586 972 ἢ
610 894 654 959 είς
675 897 809 971 γυναῖκα
831 894 966 974 μαχίμην
995 895 1045 959 καὶ
1066 894 1229 974 πονηράν;
1264 927 1268 932 ⁷

85 1045 130 1056 —-
152 1006 358 1086 Ἀντιφάνηςε
386 1043 428 1053 -
455 1005 486 1069 αἱ
513 1004 583 1068 νέαι
611 1005 727 1084 φιλίαι,
756 1006 923 1080 ἀναγκαῖαι
949 1007 1021 1083 μὲν·
1049 1005 1081 1069 αῖ
1107 1007 1143 1070 δέ
1171 1026 1230 1068 πα-

43 1119 193 1194 εολαιαῖ,
223 1116 481 1195 ἀναγκαιοτέραιε
509 1153 551 1162 -
579 1115 704 1181 ςέξτουε
731 1153 773 1164 —-
807 1117 859 1194 Μὴ
894 1115 1048 1199 όνειδίςῃς
1082 1117 1137 1180 τὰς
1164 1121 1231 1180 τῶν

86 1227 197 1307 φίλων
220 1247 276 1292 ςου
299 1227 442 1306 χάριτας·
471 1226 523 1304 ἔςη
551 1226 613 1304 γὰρ
642 1225 686 1290 ῶς
714 1225 754 1290 ού
782 1227 941 1292 δεδωκώς.
987 1227 1167 1305 Μυςτήριον
1195 1227 1230 1291 έν

85 1338 178 1418 φιλία
202 1336 351 1401 ἀκούςας·
375 1336 506 1415 ύςτερον
529 1335 644 1415 ἐχθρὸς
665 1335 856 1416 γενόμενος,
880 1338 919 1414 μὴ
937 1337 1086 1417 ἐκφάνης.
1115 1336 1231 1402 ἀδικεῖς

84 1448 166 1527 γὰρ,
190 1446 230 1511 οὐ
251 1447 310 1511 τὸν
333 1447 463 1526 ἐχθρόν·
493 1446 576 1510 ἀλλά
602 1445 659 1510 τὰς
687 1446 810 1527 φιλίαςε
832 1483 874 1493 -
902 1447 997 1511 Ταῶν
1026 1444 1069 1511 εἰς
1097 1449 1230 1511 δεῖπνον

86 1557 377 1636 παραςκευάζεςθαι
405 1557 546 1635 μέλλων·
579 1556 730 1621 άπλύιςας
761 1557 802 1621 τὰ
828 1557 944 1635 πτερά,
977 1555 1081 1622 εἶπεν·
1115 1557 1142 1622 εί
1174 1559 1231 1635 μέν

44 1685 74 1726 ω
88 1669 224 1732 πολλῶν
248 1673 351 1747 κρεῶν
375 1666 454 1748 όρᾱς
475 1687 512 1745 με
535 1667 723 1745 μετέχοντα,
752 1667 865 1733 θύςον·
895 1665 977 1731 εἰδὲ
1005 1672 1042 1748 τῇ
1068 1672 1134 1731 τῶν
1157 1688 1231 1732 πτε-

85 1781 157 1856 ρῶν
179 1776 382 1862 ποικιλία**),
404 1780 518 1858 φεῖςον
542 1777 655 1856 ςαρκὸς
678 1775 789 1855 ὀλίγης
810 1777 1056 1855 κεκοςμημένηςε
1080 1814 1121 1824 -
1144 1776 1231 1840 Ἀδύ-

85 1887 188 1952 νατόν
211 1887 274 1951 ἐςτι
301 1889 358 1953 τόν
389 1886 495 1966 ὀρθῶς
524 1889 671 1967 βιοῦντα·
699 1886 749 1950 καί
780 1885 886 1965 ὀρθῶς
910 1890 1115 1967 φρονοῦντα,
1145 1908 1231 1966 περι-

84 1999 195 2062 πεςεῑν
227 1997 410 2075 πταίςμαςιν
444 1995 606 2078 αίςχύνης,
640 1997 659 2075 ἢ
693 1997 798 2075 πλάνη
830 1996 1001 2074 δαιμόνων.
1055 1996 1162 2076 ὥςπερ
1195 1999 1231 2061 δὲ

85 2108 210 2185 ςκῶληξ
231 2107 389 2172 ἀναλίςκει
410 2108 448 2171 τό
471 2106 569 2172 ξύλον
592 2104 677 2170 ὅπου
694 2106 878 2185 είςέρχεται,
902 2105 1007 2171 οὕτως
1021 2107 1071 2170 καὶ
1092 2106 1111 2185 ἡ
1135 2106 1231 2187 ἁμαρ-

44 2217 140 2282 τοτία
161 2216 299 2295 μένουςα
321 2218 356 2281 έν
384 2223 430 2302 τῷ
459 2217 623 2295 ποιήςαντι
645 2215 761 2293 αύτήνε
784 2253 827 2263 -
853 2216 889 2280 Ὁ
918 2215 1015 2281 αὐτὸς
1038 2216 1231 2296 θεαςάμενος

85 2327 139 2391 ἐπί
161 2328 269 2406 θύραις
293 2326 475 2407 εὐπρεποῦς
497 2326 648 2402 γυναικός
671 2326 871 2407 οἰκοφθόρον
893 2327 1071 2405 μειράκιον,
1095 2326 1175 2407 ἔφη·
1204 2327 1230 2389 ὠ

85 2436 249 2515 μειράκιον
272 2437 455 2502 ςπούδαςον
477 2437 553 2502 τοὺς
575 2439 634 2501 τοῦ
657 2437 801 2516 ςώματος
819 2436 951 2515 ἐραςτὰς
973 2437 1025 2500 ἐπὶ
1047 2438 1105 2515 τὴν
1124 2439 1231 2516 ψυχὴν

84 2550 293 2626 μεταγαγεῖν;
308 2585 350 2595 -
372 2546 580 2612 Ἀπαίδευτον
602 2547 660 2624 τὸ,
683 2547 773 2630 ἄλλω
797 2547 958 2623 ἐγκαλεῖν·
982 2547 1040 2628 ἐφ’
1062 2547 1111 2611 οίς
1134 2547 1231 2612 αὐτὸς

85 2656 209 2740 πράςςῃ
236 2662 355 2722 κακῶς;
383 2694 426 2707 —-
454 2655 628 2736 ἄνθρωπος
656 2660 878 2736 μιαρολογῶν,
913 2658 998 2721 πολὺ
1026 2657 1232 2737 ἀλογώτερος

47 2779 72 2818 ⁷⁵
85 2771 154 2830 τῶν
184 2770 309 2845 κτηνῶν
338 2764 481 2846 ὑπάρχει.
532 2768 570 2830 ού
602 2768 664 2846 γάρ
696 2772 752 2845 τῆς
783 2767 922 2846 ἀνάγκη(
950 2767 969 2831 ὁ
997 2767 1119 2845 μιςθὸς,
1151 2766 1232 2831 ἀλλὰ

85 2877 314 2955 προαιρέςεως.
414 2877 516 2941 Ὅταν
546 2880 734 2956 λοιδορηθῆς
763 2877 835 2957 περί
857 2897 945 2942 τινος
967 2876 1134 2956 ἄνθρωπε,
1164 2876 1231 2941 ςκό-

85 3007 207 3051 πευςον
231 2986 384 3067 ἀκριβῶς·
414 2988 454 3065 μή
483 3008 511 3051 τι
539 3007 587 3051 ςοι
609 2988 785 3066 πέπρακται
806 2991 863 3065 τῆς
884 2986 1046 3065 λοιδορίας
1069 2985 1174 3051 ἀξιον·
1204 2986 1232 3050 εί

85 3098 121 3160 δ’
145 3096 186 3160 ού
207 3096 401 3175 πέπρακται,
426 3096 550 3162 καπνὸν
573 3098 623 3161 καί
645 3096 766 3176 ἄνεμον
789 3098 848 3175 τὴν
871 3095 1037 3175 λοιδορίαν
1060 3095 1175 3176 νόμιζε.

172 3235 239 3295 Fol.
265 3231 356 3316 17932.

86 3347 183 3428 Ἀνὴρ
213 3349 391 3430 ἐπίφθονος
419 3351 499 3429 μέγα
527 3351 639 3416 κακόν·
673 3350 700 3415 εί
727 3350 762 3413 δὲ
790 3350 840 3412 καὶ
868 3350 905 3413 τὸ
933 3348 1047 3424 γείτων
1077 3347 1232 3433 είναι***)

11 3486 18 3496 ·
44 3475 73 3515 ⁸0
88 3459 300 3537 κεκλήρωται,
323 3460 541 3540 ἀπαραίτητον
563 3461 601 3525 τό
624 3459 817 3538 δυςτύχημα·
848 3460 965 3541 καὶτῷ
989 3458 1116 3539 θανάτῳ
1144 3459 1232 3538 μόλις

85 3567 300 3647 παυςόμενον.
394 3571 425 3634 οἱ
453 3572 522 3635 νέοι
550 3571 600 3633 καὶ
630 3573 844 3652 ςφριγῶντες,
873 3568 1059 3633 άκόλαςτοι·
1088 3569 1136 3633 καὶ
1158 3590 1230 3647 τρυ·

86 3681 215 3758 φῶντες
238 3678 312 3745 εἰςὶν
335 3680 573 3759 ἀκρατέςτεροιε
595 3717 635 3726 -
667 3679 703 3744 Τί
726 3683 809 3779 δῆτα
839 3679 877 3743 τό
900 3680 995 3743 κενόν
1018 3682 1115 3742 τοῦτο
1138 3680 1231 3745 δοξά-

86 3807 158 3866 ριον
187 3789 245 3852 τόν
274 3790 411 3867 τήλινον
440 3790 538 3854 ἀςκὸν
566 3788 769 3870 διεφύςηςεντ
797 3826 839 3836 —
861 3789 986 3854 Ὁδίτου
1010 3792 1129 3868 χεῖρες,
1157 3789 1231 3853 άκό-

85 3899 209 3961 λαςτοι·
240 3898 289 3962 καλ
318 3901 513 3977 γεωργικοὺς
539 3898 676 3979 ἱδρῶτας
699 3899 815 3965 ἀδικεῖν
847 3899 1058 3978 ἑτοιμότατοι;
1080 3937 1123 3947 —-
1143 3900 1232 3964 Πλά-

174 4133 201 4199 *)
220 4137 302 4187 omnia
318 4139 357 4188 οίο
373 4137 503 4187 habentur.

158 4224 266 4293 *ἢεία

142 4319 200 4387 ***)
219 4318 291 4374 εἶναι
308 4325 429 4389 scriptum
446 4330 578 4389 utsupra.
