2948 4996
615 1075 751 1177 XIV.

354 1261 408 1355 lle
438 1260 642 1378 agathonis
671 1259 802 1377 tragici
833 1262 1014 1379 aetates)

633 1482 732 1489 ...η-.-

571 1614 733 1669 CAPVT
763 1615 796 1669 V.

199 1736 292 1800 Nova
313 1758 400 1800 nunc
422 1736 547 1800 exsistit
574 1758 672 1820 eaque
695 1736 895 1801 subdifficilis
918 1738 1061 1820 quaestio
1068 1787 1076 1820 ,
1106 1757 1186 1820 quae
1209 1742 1258 1803 est
1277 1755 1288 1801 1

113 1848 159 1911 de
182 1849 319 1910 aetate
341 1845 578 1931 Agathonis.
624 1846 725 1922 Quam
747 1847 794 1911 sic
816 1847 1012 1932 significavit
1034 1849 1140 1931 potius
1162 1872 1256 1934 quam

114 1956 284 2039 descripsit
306 1956 527 2040 Praxiphanes
555 1957 639 2041 apud
661 1957 884 2022 Marcellinum
912 1958 946 2021 in
975 1958 1042 2022 vita
1063 1959 1256 2045 Thucydidis

182 2230 207 2296 *)
231 2228 496 2284 ‘commentationis
519 2228 553 2282 de
570 2227 726 2296 Agathonis
744 2227 814 2293 vita,
837 2229 898 2282 arte
920 2231 949 2281 et
966 2229 1175 2298 tragoediarum
1196 2231 1257 2285 reli·

114 2322 187 2390 quiis
199 2321 345 2391 particula.
369 2320 458 2385 Quam
474 2320 510 2375 ad
527 2321 637 2375 veniam
652 2321 761 2376 litteras
777 2320 807 2375 in
818 2321 971 2376 Academia
981 2322 1132 2378 Fridericia
1143 2324 1258 2378 Halensi

115 2416 234 2474 docendi
246 2415 299 2470 rite
316 2414 523 2483 impetrandam
541 2414 705 2484 amplissimi
716 2415 948 2484 Philosophorum
960 2416 1072 2469 Ordinis
1090 2417 1257 2471 auchiritate

114 2510 159 2563 die
177 2507 227 2562 XV
246 2527 282 2562 m.
299 2508 370 2577 Aug.
390 2526 414 2562 a.
436 2506 685 2561 ciclocccxxlx
701 2509 771 2563 hora
787 2509 812 2561 X
829 2509 940 2578 publice
959 2509 1091 2563 defendet
1107 2510 1136 2564 F.
1157 2511 1188 2565 R.
1208 2511 1256 2580 ph.

115 2604 141 2656 d.
167 2601 242 2657 socio
271 2601 307 2655 ad
329 2600 554 2670 respondendum
577 2604 721 2670 assumpto
744 2601 892 2671 Rudolphc
917 2603 1043 2657 Hanovio
1066 2602 1167 2657 Semin.
1196 2622 1254 2672 reg.

115 2696 209 2764 philol.
230 2695 345 2749 seniore.
383 2694 460 2748 Halis
480 2693 620 2748 Saxonum
638 2694 714 2763 typis
734 2712 895 2765 expressmn
914 2695 1102 2750 Gebauoriis.’
1120 2730 1152 2735 —
1178 2697 1273 2769 [Huic

116 2787 306 2843 dissertationi
332 2804 403 2855 quae
426 2789 486 2840 tum
509 2788 653 2856 praelatus
672 2805 744 2853 sum,
767 2788 858 2844 habeo
876 2807 950 2843 nunc
973 2807 1021 2843 cur
1037 2788 1111 2843 infra
1128 2789 1257 2844 iteranda

115 2884 240 2951 putemzl

184 2975 272 3041 vassi,
296 2991 367 3042 quae
388 2973 461 3028 ratio
484 2977 559 3028 esset
577 2975 705 3042 quodque
729 2975 873 3029 consilium
890 2975 970 3028 huius
994 2975 1166 3045 scriptionis,
1189 2976 1257 3030 satis
1275 2981 1307 3030 ΙΙΙ

115 3068 204 3122 indice
223 3068 395 3122 declaratum
413 3070 468 3132 est,
491 3070 586 3122 tamen
604 3085 659 3135 quo
678 3071 707 3122 et
724 3069 901 3123 mirationem
918 3069 1053 3135 levarem,
1077 3086 1161 3136 quam
1184 3069 1255 3122 arbi-

114 3164 174 3214 tror
191 3163 315 3216 futuram
332 3179 393 3215 esse
410 3161 605 3216 nonnullorum
624 3161 658 3215 de
677 3162 798 3215 instituti
815 3162 870 3215 mei
889 3161 1049 3231 exiguitate,
1068 3163 1097 3215 et
1114 3162 1256 3229 angustia·

115 3273 176 3307 rum
188 3272 314 3309 mearum
326 3255 495 3325 susciperem
507 3255 721 3320 excusationem,
733 3254 838 3324 placuit
850 3255 1033 3324 praelationis
1045 3255 1256 3324 opportunitate

115 3347 156 3401 uti
173 3347 290 3418 privatis
309 3348 489 3403 scribentium
507 3347 578 3402 curis
597 3348 760 3402 enarrandis
778 3347 931 3415 antiquitus
950 3347 1109 3402 constituta.
1146 3347 1256 3401 Etenim

114 3458 168 3509 ego
187 3444 217 3496 et
233 3441 363 3495 librarius
382 3458 443 3495 cum
462 3441 501 3495 sic
519 3442 631 3510 depacti
648 3458 779 3508 essemus,
797 3444 829 3495 ut
839 3441 937 3495 liceret
954 3441 1021 3494 mihi
1039 3458 1102 3496 eam
1120 3458 1256 3495 commen-

113 3535 230 3589 tationis
253 3537 376 3604 partem‚
407 3552 478 3603 quae
501 3538 545 3589 est
569 3536 603 3590 dc
625 3535 699 3589 rita
721 3535 928 3605 Agatheam,
960 3534 1135 3604 disceptandi
1158 3551 1257 3589 caussa

113 3644 271 3697 proponere
293 3628 447 3698 integram:
471 3630 567 3683 tamen
584 3628 631 3683 ille
649 3628 731 3682 simul
754 3630 838 3696 atque
860 3646 960 3697 parum
978 3628 1034 3681 suis
1056 3627 1084 3681 id
1102 3627 1256 3683 conducere

113 3721 270 3775 rationibus
289 3739 350 3776 sero
368 3722 556 3788 intellexerat,
579 3722 642 3777 ilico
660 3739 704 3776 me
723 3722 869 3777 convenire
887 3723 972 3789 atque
990 3723 1021 3774 ut
1037 3725 1176 3776 mutarem
1194 3740 1256 3775 con-

113 3813 207 3867 silium
229 3832 352 3884 poscere.
390 3814 586 3870 Obsecundare
608 3815 660 3869 viri
676 3797 865 3870 honestissimi
887 3815 1015 3884 precibus
1034 3831 1086 3883 par
1103 3816 1171 3868 erat.
1208 3815 1256 3868 At

110 3909 209 3962 tumen
233 3907 364 3976 quoniam
388 3909 445 3962 eius
464 3909 540 3963 modi
556 3908 693 3978 particula
711 3909 850 3976 quaedam
868 3907 1017 3976 deligenda
1040 3910 1113 3974 erat,
1138 3924 1209 3974 quae
1228 3910 1257 3961 et

112 4001 171 4054 suis
188 4001 252 4071 ipsa
269 4001 459 4056 contineretur
475 4001 575 4055 finibus
595 4004 623 4056 et
635 4004 679 4055 sat
696 4001 826 4057 idoneam
844 4001 959 4055 afferret
976 4000 1152 4071 disceptandi
1170 4002 1256 4055 mate·
1278 4029 1285 4044 ‚

110 4093 197 4148 riam:
216 4095 321 4148 factum
340 4097 391 4159 est,
410 4096 492 4164 culpa
510 4094 621 4162 quidem
639 4112 702 4149 mea
719 4095 803 4159 nulla,
824 4095 920 4148 dolore
937 4111 1003 4148 vero
1022 4094 1096 4148 haud
1114 4094 1255 4160 mediocri,

111 4189 145 4240 ut
167 4187 272 4241 omisso
294 4187 537 4242 commentationis
564 4187 643 4241 initio
666 4187 740 4257 typis
763 4188 819 4240 iam
841 4204 973 4257 expresso
996 4187 1088 4243 media
1117 4188 1256 4255 quaedam

109 4280 208 4350 capita
229 4279 429 4345 eximerentur,
453 4280 553 4350 quibus
571 4281 605 4335 de
624 4282 684 4336 sola
706 4284 823 4336 aetate
842 4282 985 4349 quaeritur
1001 4282 1166 4350 Agathonis.
1203 4283 1251 4337 At-
