2970 4996
628 919 727 1029 Xl.

134 1104 190 1198 llc
221 1104 388 1221 Aeschyli
419 1104 455 1196 ln
485 1102 631 1220 Septen
663 1102 843 1216 eleemos
869 1101 1017 1196 Thebas
1047 1103 1215 1197 vccsltus

419 1253 647 1349 all-all
685 1252 943 1371 disputatae)

601 1443 752 1450 ———-

190 1526 267 1589 Dies
282 1529 318 1588 ut
338 1526 422 1589 diem
437 1525 565 1606 doceat,
589 1546 671 1588 novo
694 1524 837 1608 exemplo
859 1525 1002 1588 volumus
1024 1545 1077 1587 eos
1090 1528 1242 1608 vestrum,
1263 1538 1293 1587 lll

102 1635 173 1700 cari
196 1636 438 1718 commilitones,
463 1656 654 1719 cognoscere
677 1635 730 1718 qui
746 1633 862 1698 scholis
878 1633 1059 1718 Aeschyliis
1080 1634 1244 1718 perhanc

100 1746 242 1808 hiemem
270 1767 375 1809 coram
401 1745 491 1809 vobis
513 1744 632 1808 habitis
659 1744 884 1808 interfuerunt.
929 1744 978 1807 Ibi
1006 1765 1087 1827 quae
1114 1743 1153 1807 de
1180 1744 1243 1808 illis

99 1855 248 1918 versibus
275 1856 475 1938 exposuimus
503 1854 557 1938 qui
584 1857 660 1917 sunt
686 1854 721 1917 in
744 1853 871 1937 Septem
901 1853 1050 1917 adversus
1075 1854 1243 1918 Thebasa

99 1964 168 2028 254
190 1965 230 2027 ad
252 1965 313 2029 261
343 1964 392 2027 ed.
415 1963 549 2047 Herm.,.
567 1985 605 2027 ea
627 1963 778 2048 quoniam
805 1963 951 2026 secundis
981 1964 1079 2046 curis,
1111 1987 1243 2047 quamm

99 2073 197 2137 nobis
213 2073 312 2137 otium
333 2073 414 2138 haec
429 2073 683 2138 Saturnaliorum
704 2073 851 2136 hilaritas
866 2072 1025 2136 Rhenana
1046 2072 1135 2156 facit,
1158 2074 1243 2138 haud

100 2183 218 2246 leviter
239 2205 330 2266 posse
353 2184 514 2247 emendari
543 2172 773 2265 intelleximus,
801 2205 866 2247 non
890 2204 957 2247 esse
981 2183 1242 2247 committendum

99 2293 354 2357 existimavimus
369 2297 406 2357 ut
427 2293 501 2357 novi
516 2294 640 2357 inventi
656 2296 800 2378 expertes
817 2292 937 2356 essetis.
974 2291 1019 2357 Vt
1034 2297 1150 2376 antem,
1168 2294 1242 2377 quid

98 2402 150 2465 rei
166 2406 291 2487 agatur,
316 2404 428 2467 ceteris
451 2425 573 2488 quoque
588 2403 722 2486 patefiat
736 2401 763 2465 si
779 2402 832 2486 qui
848 2403 882 2466 in
897 2402 955 2466 has
971 2403 1115 2487 pagellas
1135 2404 1242 2468 oculos

99 2512 249 2576 conicere
272 2513 445 2596 voluerint,
475 2514 612 2596 primum
641 2513 768 2597 quidem
790 2512 930 2576 Eteoclis
953 2534 1130 2577 sermonem
1153 2514 1242 2578 illum

98 2643 141 2685 ex
165 2621 338 2685 Godofredi
360 2622 541 2686 Hermanni
563 2623 722 2706 exemplo,
751 2643 812 2706 quo
840 2623 955 2687 iterato
978 2645 997 2685 a
1019 2624 1112 2687 nobis
1138 2624 1184 2687 uti
1207 2624 1240 2687 in

97 2732 346 2814 interpretando
368 2733 603 2815 consuevimus,
626 2732 855 2816 transcriptum
877 2732 963 2796 infra
985 2733 1157 2816 posuimus.

305 2870 369 2945 ἐγὼ
392 2871 428 2932 δὲ
449 2870 556 2949 χώρα(
578 2873 645 2934 τοῖς
667 2871 889 2949 πολιεεούχοι(
910 2873 1006 2951 θεοῖς,

304 2978 509 3056 πεδιονόμοι(
530 3001 564 3044 τε
586 2979 724 3058 κάγορᾶ(
747 2980 947 3058 ἐπιεκόποιε,
1191 2989 1241 3040 aaa

305 3087 425 3167 Δίρκη(
446 3110 480 3153 τε
502 3093 617 3167 πηγαῖς
640 3090 729 3154 ὕδατί
751 3091 783 3153 τ’
808 3091 949 3169 Ἰεμηνοῡ
971 3089 1067 3165 λέγω,

304 3196 340 3262 εὖ
364 3199 588 3277 ξυντυχόντων
610 3201 660 3262 καὶ
682 3199 810 3263 πόλεως
833 3199 1037 3277 (εεωεμένηε,

305 3308 445 3385 μήλοιειν
468 3307 674 3385 αἱμάεεονταε
696 3308 797 3373 {caios
819 3312 914 3389 θεῶν,

304 3422 602 3496 ταυροκτονοῦντα(
625 3422 757 3494 lisoius,
781 3417 844 3482 ὧδ’
865 3418 1038 3497 ἐπεύχομαι

304 3527 408 3603 θήεειν
430 3528 584 3605 τρόπαια,
607 3529 709 3593 δαΐων
732 3529 942 3606 δ’,ἐεθήματα
1190 3540 1241 3592 260

94 3655 305 3665 μ..-

185 3710 210 3777 *)
247 3709 436 3778 [Prooemium
464 3711 564 3766 Indicis
599 3712 755 3766 scholarum
790 3711 959 3766 aestivarum
991 3711 1179 3767 Bonnenaium
1212 3732 1238 3768 a.

93 3800 344 3856 cloloccouvss.
364 3835 396 3842 —
413 3804 476 3858 Non
499 3804 557 3858 sine
580 3805 701 3858 utilitate
720 3822 781 3858 cum
800 3805 903 3859 nostris
922 3807 1097 3860 conferentur
1115 3824 1186 3875 quae
1204 3807 1239 3862 de

92 3893 206 3948 eisdem
227 3894 354 3948 versibus
377 3913 465 3966 nuper
486 3896 630 3967 disputata
653 3897 717 3950 sunt
744 3897 838 3949 multis
860 3896 1018 3951 nominibus
1041 3898 1175 3968 disparia,
1204 3899 1238 3953 de

92 3986 200 4054 quibus
212 3985 275 4040 vide
289 3985 448 4043 Ottonem
460 3988 683 4043 Ribbeokium
701 3988 759 4042 sine
777 3987 820 4042 ira
837 3991 866 4043 et
884 3989 974 4044 studio
993 3990 1198 4046 existimantem
1209 3992 1241 4045 in

90 4079 273 4134 Fleckeiseni
294 4081 394 4134 Annal.
419 4080 515 4150 philol.
538 4084 559 4135 t.
579 4088 611 4137 85
635 4084 669 4148 (a.
692 4085 767 4148 1862)
789 4099 816 4150 p.
837 4088 886 4136 378
905 4098 964 4150 sqq.
1002 4082 1125 4138 Sanioris
1143 4083 1239 4138 iudicii

90 4172 224 4227 criticum
238 4172 270 4226 G.
283 4171 455 4227 Dindorfii
466 4172 604 4244 praefatio
617 4173 746 4228 editionis
759 4174 873 4241 quintae
886 4175 1096 4231 Teubnerianae
1111 4179 1145 4245 (a.
1161 4182 1236 4249 1865)

87 4265 222 4341 prodidit
240 4282 267 4335 p.
287 4265 348 4318 LVI
367 4265 418 4333 sq]
519 4326 522 4331 ¹
651 4276 653 4279 '
