3014 5010
224 328 283 391 132
518 343 769 392 COROLLARIVM
793 344 1061 393 DISPvrsrlonls

223 518 293 567 rum
309 496 561 579 Byzantinarum
582 496 779 560 offendamus
785 548 794 579 ‚
819 497 904 559 illius
920 496 1004 559 modi
1026 497 1149 560 nomini
1165 497 1361 579 parcendum

221 605 287 669 sit?
329 603 445 669 Exstat
472 607 507 668 in
535 607 717 670 Matritensi
749 606 855 670 codiee
883 605 1048 670 Heliodori
1077 608 1204 686 ὁριςμός
1234 612 1360 689 φωνῆς,

214 706 271 778 'his
293 716 397 778 verbis
420 716 680 798 comprehensus:
710 718 805 798 φωνή
828 718 911 783 ἐςτιν
934 718 997 797 ἀῆρ
1019 720 1259 797 πεπληγμένος,
1281 719 1301 795 ἢ
1323 719 1361 782 τὸ

219 825 303 890 ἴδιον
318 826 465 904 αἰςθητόν
482 826 597 906 ἀκοῆς,
614 827 633 904 ἢ
650 827 808 906 ἔναρθρον
822 847 851 891 τι
867 827 932 891 ἀπὸ
947 827 1091 892 διανοίας
1106 827 1362 905 ἐκπεμπόμενον.

219 935 450 999 Tribuebamus
478 937 558 999 haec
586 934 768 1019 Byzantino
796 936 1023 1020 grammatico:
1058 936 1161 1020 magis
1190 937 1363 1000 oonvenire

219 1046 254 1109 in
282 1047 328 1108 rei
357 1047 508 1109 metricae
536 1050 698 1109 auctorem
729 1045 796 1109 visa
830 1048 906 1109 sunt
933 1044 1151 1129 Bemhardyo
1192 1046 1363 1130 Largimur

220 1155 280 1219 hoc
303 1156 349 1218 ita
377 1177 491 1238 posse
518 1178 601 1219 esse:
630 1157 685 1218 sed
713 1155 797 1238 quod
824 1155 935 1218 eadem
962 1155 1080 1218 rectius
1102 1155 1198 1218 etiam
1221 1155 1363 1240 Diogeni

221 1265 414 1349 Babylonio,
438 1265 546 1330 Stoico
569 1264 773 1349 philosopho,
798 1265 844 1328 ait
866 1266 900 1327 in
920 1264 1062 1329 Drameri
1084 1266 1206 1330 Aneod.
1230 1267 1290 1329 Ox.
1314 1266 1363 1331 IV

219 1400 251 1458 p.
275 1376 337 1440 316
360 1398 406 1459 sq.
431 1375 545 1458 tribui,
576 1375 608 1437 id
637 1396 696 1438 neo
725 1397 782 1458 per
809 1397 843 1438 se
866 1375 907 1438 ab
929 1375 1016 1438 omni
1044 1379 1135 1458 parte
1157 1398 1266 1439 verum
1297 1381 1362 1440 est:

219 1508 295 1548 nam
318 1485 425 1568 priora
446 1489 573 1548 tantum
596 1485 662 1548 illic
684 1488 828 1567 exstant,
852 1485 976 1548 omissis
999 1486 1018 1563 ἢ
1042 1486 1202 1565 ἔναρθρον
1224 1508 1251 1549 e.
1269 1509 1301 1569 q.
1318 1509 1362 1549 s.:

219 1619 279 1660 nee
308 1618 363 1659 our
390 1596 538 1659 rectius
566 1596 634 1659 fieri
663 1596 803 1677 dicatur,
838 1595 902 1658 ullo
930 1599 1120 1679 argumento
1142 1595 1362 1679 intellegitur:

219 1728 279 1769 nec
302 1708 407 1769 valere
431 1706 470 1769 ad
493 1706 727 1769 sollicitandum
752 1705 915 1769 Heliodori
947 1726 1063 1768 nomen
1093 1707 1214 1787 potest:
1243 1706 1364 1789 quippe

220 1818 355 1880 eandem
382 1816 601 1880 definitionem
623 1816 808 1899 saepissime
831 1815 973 1879 videmus
999 1814 1229 1898 perplurimos
1261 1816 1363 1878 libros

170 1936 199 1982 11
221 1930 254 1989 et
268 1930 391 1990 aetates
411 1930 634 2010 propagatam.
680 1927 769 2000 Quod
786 1928 892 1988 autem
915 1925 954 1987 de
975 1924 1157 1988 Matritensi
1180 1925 1236 1987 illo
1251 1924 1363 1988 Helio-

219 2037 295 2100 doro
324 2036 435 2120 largiti
463 2059 585 2117 summ,
614 2037 646 2098 id
675 2058 716 2099 ne
743 2036 770 2099 si
798 2036 949 2099 vellemus
977 2034 1104 2117 quidem
1131 2055 1294 2116 possemus
1322 2035 1364 2099 de

219 2147 365 2230 Dionysii
399 2146 531 2210 Thracis
568 2148 681 2227 τέχνης
717 2149 928 2226 γραμματικῆς
964 2143 1137 2207 scholiasta
1173 2143 1360 2225 Heliodoro,

219 2258 308 2320 ouius
335 2281 353 2320 e
383 2258 490 2320 codiee
519 2257 683 2319 Marciano
710 2257 927 2340 fragmentum
953 2253 1148 2317 Villoisonus
1177 2255 1300 2318 Aneed.
1330 2255 1363 2318 ΙΙ

220 2391 251 2449 p.
278 2368 339 2432 125
361 2367 503 2450 protulit.
549 2367 638 2441 Quod
661 2370 696 2428 ut
718 2366 857 2448 aliquam
883 2363 1125 2427 similitudinem
1148 2363 1267 2426 habeat
1289 2386 1362 2428 oum

220 2476 300 2538 alius
323 2477 508 2558 interpretis
531 2476 634 2539 verbis
657 2476 691 2539 in
715 2474 815 2538 Beklr.
832 2474 955 2538 Aneod.
978 2497 1010 2557 p.
1033 2475 1110 2537 797:
1134 2477 1230 2557 atque
1252 2477 1302 2537 est
1323 2497 1363 2538 ea

220 2608 297 2649 sane
320 2587 450 2670 exigua:
478 2590 587 2649 tamen
610 2608 647 2648 ex
670 2607 707 2648 eo
736 2607 777 2647 ne
800 2583 1043 2668 Bernhardyum
1066 2566 1193 2667 quidem
1221 2585 1362 2667 putarim

220 2695 404 2779 quicquam,
428 2696 511 2779 quod
534 2699 645 2759 contra
660 2694 877 2778 Byzantinum
892 2694 1098 2758 Heliodorum
1114 2693 1246 2775 valeret,
1271 2694 1361 2757 oolli-

219 2827 296 2889 gere
333 2806 516 2891 voluisse*).
576 2805 695 2880 Quibus
733 2805 832 2889 igitur
875 2806 961 2867 huno
998 2808 1164 2888 praeterea
1200 2803 1362 2867 machinis

220 2917 349 2979 adortus
365 2920 428 2997 est,
452 2920 488 2979 ut
508 2916 548 2979 de
570 2915 672 2978 medio
694 2915 847 2978 tolleret?
890 2912 995 2977 Nullis
1019 2914 1072 2976 ille
1088 2913 1233 2997 quidem,
1257 2936 1362 2997 neque

219 3027 369 3090 removit:
398 3025 453 3089 sed
481 3026 582 3089 nihilo
608 3030 716 3088 tamen
745 3025 851 3088 minus
878 3023 956 3086 illud
984 3045 1101 3087 nomen
1127 3045 1146 3086 a
1168 3023 1362 3087 Christianis

219 3136 369 3200 videlicet
391 3135 581 3220 Byzantinis
604 3135 758 3198 alienum:
787 3156 825 3198 ao
853 3137 983 3217 propter
1011 3133 1071 3197 hoo
1103 3134 1206 3216 ipsum
1241 3133 1362 3197 reicula

221 3246 385 3309 Heliodori
409 3245 579 3329 Byzantini
608 3245 770 3307 memoria.
817 3243 880 3307 Vix
904 3243 1014 3307 credas
1038 3244 1248 3306 certissimum
1271 3244 1362 3307 testi·
1392 3284 1395 3289 a

219 3356 360 3420 monium
389 3355 573 3439 posthaberi
606 3355 748 3419 incertae
777 3354 808 3417 h.
839 3375 866 3416 e.
896 3356 1009 3435 suapte
1041 3358 1157 3416 natura
1190 3354 1362 3438 ambiguae

220 3467 363 3549 opinioni
387 3467 540 3549 potuisse,
571 3487 651 3548 quae
674 3465 714 3527 ad
737 3464 919 3527 universum
945 3485 1047 3547 genus
1070 3462 1196 3547 aliquod
1219 3467 1361 3546 spectat:

220 3576 321 3658 qualis
349 3576 475 3659 quidem
503 3575 611 3659 opinio
638 3575 722 3638 unde
750 3574 881 3637 tandem
909 3572 971 3635 nisi
999 3595 1037 3636 ex
1067 3576 1224 3637 certarum
1254 3596 1363 3638 rerum

220 3685 369 3767 prudenti
385 3685 608 3749 observatione
624 3684 775 3767 eapitur?
818 3682 880 3747 Sed
903 3683 980 3746 licet
1002 3683 1132 3746 ulterius
1155 3684 1304 3767 progredi
1329 3689 1363 3747 et

287 3897 430 3966 *llQuam
448 3900 541 3951 certae
560 3897 615 3950 sint
636 3897 663 3949 in
683 3896 848 3950 scholiorum
870 3894 1011 3963 farragine
1032 3894 1156 3963 Dionysii
1174 3896 1283 3962 Τέχνην
1300 3896 1361 3949 illu-

221 3991 368 4045 strantium
392 4007 530 4057 quamque
553 3991 609 4043 late
632 3991 762 4058 patentes
780 3988 921 4041 Heliodori
942 3991 1049 4057 partes,
1072 3988 1225 4041 clarissima
1242 4005 1314 4041 nimo
1332 3989 1361 4041 in

220 4086 279 4136 luce
293 4083 401 4136 Grotius
415 4083 641 4136 Wachsmnthius
659 4082 752 4151 posuit
764 4097 878 4134 excusso
898 4081 992 4134 eodioo
1004 4081 1160 4135 Borbonioo
1174 4082 1361 4148 enarratoque

222 4175 307 4229 Musei
325 4176 412 4229 Rhen.
431 4176 498 4244 phil.
512 4178 531 4228 t.
546 4176 595 4228 XX
612 4193 638 4243 p.
653 4181 710 4230 377.
725 4178 867 4228 384-388.
904 4174 981 4238 Quae
998 4173 1159 4227 testimonia
1172 4174 1195 4226 si
1208 4172 1240 4226 H.
1254 4173 1361 4227 Kailios

220 4269 275 4321 iam
288 4268 401 4335 cognita
412 4269 567 4333 habuisset,
585 4268 630 4321 vix
642 4268 738 4321 dubito
751 4267 816 4334 quin
829 4268 923 4335 paullo
936 4267 1017 4320 aliter
1030 4267 1064 4320 de
1076 4267 1195 4319 Tzetzae
1207 4265 1360 4320 Heliodoro

221 4361 365 4414 statuisset
382 4361 469 4414 Musei
486 4361 574 4415 Rhen.
593 4361 657 4413 novi
674 4360 712 4413 VI
730 4378 757 4428 p.
778 4366 825 4414 13⁶2
844 4362 895 4426 su]
