2924 4996
227 333 289 399 468
695 350 742 399 os
762 351 911 402 uassms

227 526 298 566 mur
327 503 558 586 aliquantisper
585 526 651 566 non
679 507 806 589 πρώτῃ,
836 505 890 568 sed
913 506 1037 590 πέμπτῃ
1066 505 1117 568 vel
1144 526 1372 592 quemcumque

228 635 394 679 numerum
416 613 554 677 volueris
576 612 739 697 Euripidis
761 614 967 678 scholiastam
987 615 1141 698 posuisse.
1178 616 1231 681 Ita
1246 618 1372 701 quidem

227 723 433 808 intellegisne
455 726 610 808 quantum
632 745 710 807 opus
727 724 874 807 Marsyae
896 724 1029 807 tribuas,
1055 725 1143 788 ouius
1159 726 1274 809 quinto
1292 728 1372 792 libro

227 834 401 897 secundum
423 833 550 916 imperii
566 855 686 896 annum
700 833 877 897 Alexandri
893 834 1069 918 adsignes?
1090 838 1258 920 tamquam
1273 837 1372 902 Theo

226 944 336 1027 pompi
359 943 515 1026 exemp10,
539 964 632 1027 quem
654 965 732 1006 sane
754 945 900 1007 novimus
927 944 1062 1008 totidem
1088 945 1179 1009 libris
1207 947 1372 1011 biennium

226 1053 399 1137 Philippici
422 1053 515 1136 regni
538 1053 752 1135 complexum:
777 1053 818 1117 cf.
834 1053 1050 1117 Wichersium
1065 1077 1096 1138 p.
1110 1055 1162 1119 26.
1195 1056 1246 1120 Ex
1261 1061 1372 1121 tantae

227 1167 335 1226 autem
358 1161 578 1245 amplitudinis
602 1163 839 1226 commentariis
862 1164 1120 1228 luculentissimis
1145 1170 1276 1248 praeter
1297 1189 1372 1250 pau-

227 1273 354 1337 cissima
376 1271 533 1356 quaedam
562 1274 594 1336 et
621 1272 810 1336 tenuissima
837 1273 975 1337 fmstula
1003 1274 1086 1337 nihil
1114 1279 1278 1338 servatum
1304 1297 1371 1340 esse

227 1385 336 1446 credat
358 1382 411 1466 qui
434 1385 549 1465 potest.
600 1380 720 1446 Verum
743 1383 829 1446 enim
850 1404 925 1446 vero
948 1383 1057 1447 audire
1086 1384 1232 1449 videmur
1261 1390 1371 1450 eontra

226 1493 453 1575 disputantem.
505 1491 587 1566 Quid
615 1492 717 1574 enim,
746 1492 773 1555 si
802 1515 959 1557 annorum
986 1493 1096 1557 ordine
1124 1494 1298 1578 discriptas
1324 1517 1370 1559 re

225 1624 363 1687 gnmque
391 1603 590 1665 successione
621 1601 792 1685 dispositas
821 1603 1033 1668 Macedonum
1055 1603 1208 1667 historias
1231 1627 1274 1668 ne
1297 1627 1368 1669 oon·

225 1712 342 1775 diderit
370 1712 497 1795 quidem
525 1711 606 1774 alter
634 1712 795 1796 Marsyas,
825 1712 880 1776 sed
907 1713 1068 1777 variarum
1095 1734 1202 1777 rerum
1225 1716 1267 1777 ad
1290 1716 1370 1779 anti-

225 1822 380 1905 quitates,
398 1844 518 1904 morea,
542 1821 692 1885 instituta
708 1822 917 1888 Macedonica
939 1824 1154 1906 spectantium
1170 1824 1369 1909 farraginem

225 1935 281 1996 aut
298 1932 397 1995 libero
414 1932 526 1996 ordine
549 1935 605 1994 aut
619 1953 773 2016 generum
795 1932 994 2016 quorundam
1015 1933 1200 1997 discrimine
1222 1934 1369 2018 disperti-

224 2046 291 2106 tam
315 2042 536 2127 congesserit?
577 2041 663 2105 Nam
686 2042 840 2125 profecto,
864 2042 891 2105 si
914 2043 955 2106 ab
973 2042 1036 2106 illis
1059 2043 1266 2128 fragmentis,
1291 2066 1369 2128 quae

225 2154 265 2244 apd
288 2153 450 2216 Pellaeum
473 2152 669 2234 rettulimuS,
693 2152 871 2233 recesseris,
895 2152 1087 2236 reliquorum
1110 2153 1207 2237 longe
1229 2154 1369 2217 maxima

224 2286 299 2346 pars
326 2264 393 2326 fere
421 2263 565 2326 seiuncta
594 2283 662 2325 esse
690 2260 730 2324 ab
753 2261 894 2344 ipsarum
922 2283 1027 2325 rerum
1054 2265 1219 2346 gestarum
1248 2264 1368 2346 exposi-

224 2374 312 2436 tione
334 2373 454 2455 potuit,
480 2394 517 2435 ac
539 2372 588 2435 vel
612 2370 707 2451 illud,
732 2370 814 2454 quod
837 2372 878 2434 ab
901 2371 994 2435 initio
1016 2374 1180 2455 posuimus
1203 2372 1281 2456 (X),
1304 2394 1369 2436 non

224 2483 328 2566 magis
351 2485 480 2564 propter
496 2481 672 2544 Alexandri
695 2502 752 2563 per
773 2481 885 2544 Asiam
908 2481 1125 2564 expeditiones
1147 2482 1250 2546 videri
1272 2485 1369 2566 queat

224 2593 258 2656 in
274 2591 440 2655 eiusmodi
462 2591 674 2654 miscellaneis
698 2591 934 2654 commentariis
956 2591 1060 2654 locum
1082 2591 1256 2675 invenisse,
1274 2614 1369 2676 quam

224 2706 354 2785 propter
376 2702 571 2785 singularem
595 2723 632 2764 ac
653 2700 767 2764 miram
790 2722 883 2784 quam
906 2721 964 2784 per
978 2722 1013 2764 se
1029 2701 1166 2765 Gordius
1189 2700 1246 2764 ille
1268 2702 1369 2766 nodus

224 2812 442 2876 condicionem
460 2812 582 2876 habuit.
615 2811 735 2876 Contra
757 2831 837 2894 quae
859 2810 999 2873 breviter
1020 2809 1084 2873 dici
1104 2813 1220 2893 potest.
1252 2812 1370 2876 Obstat

223 2924 308 2986 enim
324 2923 407 2986 idem
423 2922 477 2985 ille
493 2920 656 3004 Euripidis
679 2919 868 3001 scholiasta,
892 2919 1054 3003 Marsyam
1075 2923 1259 2985 antestatus
1279 2924 1314 2987 ἐν
1330 2929 1368 3006 τῇ

222 3035 335 3120 πρώτῃ
357 3039 434 3099 τῶν
454 3032 695 3097 Μακεδόνων
716 3030 959 3113 incestavit,
986 3029 1092 3092 obstat
1113 3029 1267 3113 loquendi
1295 3054 1370 3095 usus

223 3148 255 3208 et
269 3145 420 3207 similium
439 3141 634 3225 comparatio
652 3140 908 3223 inscriptionum.
940 3139 1000 3203 Illo
1016 3139 1102 3203 enim
1124 3141 1275 3224 exemplo
1298 3163 1370 3205 con-

222 3255 350 3338 scriptis
374 3251 610 3317 commentariis
638 3250 777 3313 indicem
800 3253 910 3314 auctor
931 3249 1060 3313 fecisset
1081 3249 1299 3328 ὑπομνήματα
1320 3251 1370 3315 vel

222 3367 371 3443 (ύμμικτα
392 3363 442 3426 vel
465 3384 545 3445 quae
568 3364 643 3424 sunt
663 3360 785 3443 reliqua
807 3359 938 3423 nomina
961 3358 1100 3423 eiusdem
1122 3361 1268 3441 generis.
1308 3361 1371 3424 lta·

221 3496 281 3558 que
303 3478 340 3537 ut
360 3475 558 3538 revertamur
579 3470 662 3533 unde
685 3470 822 3552 profecti
845 3491 966 3552 sumus,
992 3491 1063 3532 eum
1085 3489 1145 3531 nee
1163 3468 1290 3535 Pellaei
1312 3492 1372 3535 nec

221 3583 438 3666 Philippensis
464 3580 671 3645 Macedonica
699 3580 899 3663 significasse
921 3578 1135 3661 Harpocratio
1159 3601 1189 3641 v.
1208 3581 1373 3661 ’Aprcriurv

222 3698 254 3756 et
277 3695 438 3773 Moericus
461 3692 572 3774 possit,
597 3710 657 3753 nec
679 3689 720 3752 ad
743 3691 952 3769 Ἀλεξάνδρου
975 3689 1105 3766 ἀγωγήν
1128 3689 1250 3771 prioris
1275 3693 1373 3777 scrip

221 3803 299 3865 toris
322 3824 402 3864 sana
425 3802 549 3865 ratione
577 3800 696 3863 referre
720 3821 757 3862 ea
785 3799 896 3878 liceat,
929 3820 1010 3882 quae
1033 3798 1160 3860 adultus
1184 3800 1377 3866 Alexander

221 3916 254 3975 et
275 3933 330 3975 rex
357 3912 463 3974 factus
491 3911 704 3993 perpetravit:
735 3907 816 3971 nihil
845 3909 910 3971 iam
936 3907 1078 3970 videmus
1106 3907 1273 3991 reliquum
1296 3934 1376 3995 esse,

288 4216 313 4280 *l
337 4215 411 4281 [Nisi
432 4218 527 4268 tamen
551 4230 612 4266 cum
636 4211 769 4266 Muellcro
792 4231 818 4282 p.
839 4219 872 4266 44
890 4213 1093 4266 Μακεδονικῶν
1112 4208 1301 4270 scribendum
1327 4234 1378 4288 pro

221 4308 415 4375 Μακεδόνων]
