3136 5110
272 317 334 380 712
665 334 826 383 scannia
848 335 1021 382 carricare.

272 486 472 564 πανδάκρυτε
497 487 583 550 enim
605 488 640 551 in
664 487 755 551 bonis
771 487 892 571 aliquot
914 488 1004 554 libris
1025 488 1181 570 scriptum
1204 490 1257 550 cst
1278 507 1345 570 pro
1368 507 1431 550 πο·

272 596 457 676 λυδάκρυτε.
502 596 642 661 Tantum
670 602 778 661 autern
804 601 1073 682 praetermorem
1095 600 1182 662 recte
1205 596 1289 660 vidit
1315 594 1431 658 Blom·

271 705 413 788 baldina,
444 706 700 789 posthabendam
729 729 797 771 csse
825 708 1045 788 πολυδάκρυτε
1067 707 1263 790 scripturam
1284 708 1430 790 propter

271 815 375 878 lusum
400 815 596 899 syllabarum
619 818 673 901 qui
701 818 842 882 cernitur
864 819 898 882 in
921 820 1090 885 πανάθλιε
1116 855 1154 864 -
1176 815 1428 894 πανδάκρυτεε

270 1033 343 1119 ligo
365 1056 439 1100 vcro
462 1039 494 1099 et
516 1036 592 1102 αὖτε
615 1037 806 1122 scripturam
827 1038 969 1102 omnium
990 1038 1057 1102 fere
1079 1037 1232 1101 librorum
1255 1039 1290 1099 et
1314 1034 1426 1118 dupli-

272 1167 341 1209 cem
363 1145 401 1211 λά
424 1146 691 1211 exclamationem
713 1151 746 1211 et
767 1147 920 1212 iambicos
948 1169 1095 1214 versuum
1121 1167 1271 1210 numeros
1301 1145 1353 1210 sic
1377 1145 1425 1208 vi-

271 1255 347 1320 deor
368 1277 461 1341 posse
483 1256 599 1321 tutari:

425 1400 513 1454 ἈΝΤ.
532 1369 580 1456 Ιἰὼ
603 1392 640 1457 ἰὼ
662 1394 862 1472 πάνδυρτε
886 1393 972 1477 (ύ.*)

424 1509 502 1566 ‘tcta
539 1504 575 1568 (δ
597 1505 630 1567 δ’
653 1502 729 1569 αὖτε
751 1504 801 1568 καὶ
823 1503 986 1570 πανάθλιε.

271 1652 386 1717 Rarior
411 1654 515 1717 forma
543 1655 726 1734 πάνδυρτοτ
752 1655 872 1740 legitur
894 1654 992 1719 etiam
1017 1653 1184 1738 Sophoclis
1207 1653 1364 1717 Electrae
1389 1677 1422 1716 v.

274 1763 354 1826 1066
372 1761 466 1850 [1077
479 1763 602 1851 bincy.
634 1764 683 1828 Ea
699 1767 806 1830 autem
822 1787 877 1829 cur
890 1768 926 1829 in
941 1766 1143 1845 πανδάκρυτε
1159 1767 1420 1844 converteretur,

270 1873 388 1956 duplex
409 1876 516 1956 potest
538 1896 650 1938 caussa
672 1874 825 1959 cogitari:
862 1875 968 1958 potuit
990 1875 1075 1938 enim
1098 1875 1279 1939 litterarum
1301 1873 1421 1951 simili-

270 1984 347 2048 tudo
378 2004 491 2046 caussa
519 2005 587 2047 esse
615 1985 747 2068 erroris3
784 1986 890 2069 potuit
918 1985 1015 2049 etiam
1051 1985 1244 2070 glossemate
1273 1983 1421 2067 pristina

270 2093 430 2176 scriptura
452 2093 626 2158 obscurari.
672 2093 774 2170 Quam
797 2096 832 2158 in
853 2117 921 2159 rem
942 2098 1015 2159 utor
1037 2094 1252 2178 explicatione
1275 2092 1420 2157 scholia-

270 2206 339 2267 stae
362 2204 402 2267 ad
418 2203 570 2288 Aeschyli
593 2203 680 2267 Pers.
705 2227 733 2268 ν.
751 2205 813 2270 940
837 2203 912 2292 [944
933 2203 1062 2294 Dind.]:
1085 2202 1305 2290 πανόδυρτον]
1332 2203 1420 2280 πάγ-

269 2318 419 2380 κλαυτον.
464 2313 553 2388 Quod
582 2317 690 2378 autem
718 2314 752 2378 in
779 2314 888 2379 multis
916 2315 1006 2380 libris
1033 2315 1152 2400 legitur
1177 2314 1421 2393 πολυδάκρυτε,
1555 2325 1556 2328 ’

270 2423 303 2487 id
318 2424 411 2507 quale
426 2423 469 2487 sit
483 2424 618 2490 iudicari
640 2428 746 2509 potest
769 2447 807 2489 ex
829 2425 1073 2490 scholiastarnm
1095 2423 1200 2488 verbis
1224 2424 1262 2487 ad
1281 2423 1419 2507 Septem

221 2555 252 2602 13
271 2555 298 2597 c.
323 2532 450 2596 Thebas
477 2535 540 2600 639
570 2533 644 2622 [654
666 2533 794 2622 Dind.]:
832 2535 859 2599 ὦ
881 2534 1118 2624 πανδάκρυτον]
1144 2533 1171 2598 ὦ
1193 2537 1330 2600 πολλῶν
1360 2539 1419 2599 δα-

269 2643 377 2722 κρύων
393 2643 469 2722 ἄξιε,
493 2647 525 2707 et
542 2649 587 2708 B:
609 2645 844 2730 πανδάκρυτον]
869 2647 1088 2712 πολυπενθέα
1113 2665 1194 2728 quae
1210 2643 1419 2708 Blomficlclio

269 2773 437 2836 perperam
465 2753 533 2818 visa
561 2758 610 2818 est
636 2755 780 2819 diversae
808 2755 986 2839 scripturae
1008 2751 1180 2838 explicatio
1202 2775 1289 2818 esse:
1327 2753 1418 2816 idem

269 2863 420 2926 nimirum
448 2863 551 2928 visum
573 2869 622 2929 cst
644 2864 843 2949 Wellauem,
868 2889 887 2929 a
909 2865 1101 2930 scholiorum
1124 2863 1310 2949 cognitione
1333 2863 1417 2926 alio-

269 2972 323 3056 qui
345 2972 424 3037 satis
447 2974 562 3039 alieno.
579 2973 743 3042 -Primo
765 2985 872 3040 autern
895 2976 1050 3060 scriptum
1072 2974 1171 3038 fuisse
1194 2973 1415 3038 conieceram:

421 3111 458 3174 ἰὼ
482 3111 519 3175 ἰὼ
542 3109 728 3191 ἀριδάκρυτε
751 3112 787 3177 εύ
808 3149 851 3162 -
923 3123 934 3139 '

269 3359 401 3439 propter
423 3356 622 3420 notationem
645 3355 806 3439 quandam
828 3355 1020 3420 scholiastae
1043 3356 1083 3419 ad
1105 3355 1276 3420 Persarum
1299 3377 1328 3420 v.
1348 3355 1414 3418 als

271 3463 345 3551 [948
368 3465 496 3553 Dind.]:
520 3467 704 3550 ἀρίδακρυν]
728 3469 944 3546 πολύδακρυν.
975 3465 1037 3531 Sed
1060 3465 1212 3530 abhorret
1234 3465 1302 3528 eius
1324 3463 1410 3528 modi

271 3595 378 3639 versus
401 3576 442 3640 ab
464 3577 556 3640 huius
580 3575 730 3639 carminis
752 3597 863 3640 severa
886 3577 1115 3658 concinnitate,
1139 3575 1174 3638 in
1189 3597 1252 3659 quo
1267 3575 1411 3658 syllabae

269 3685 375 3749 solent
407 3686 538 3770 syllabis
573 3685 753 3769 exaequari.
804 3685 952 3751 Ceterum
985 3686 1073 3770 quasi
1107 3685 1307 3770 praeteriens
1339 3707 1409 3768 per-

268 3795 395 3879 stringo
418 3794 609 3859 Blomiieldii
632 3795 817 3879 opinionem
839 3795 879 3859 ad
900 3796 1030 3880 Septem
1051 3819 1080 3860 v.
1105 3795 1169 3860 363
1193 3794 1280 3882 [349]
1304 3794 1411 3879 prodi-

268 3909 353 3987 tam,
378 3905 432 3968 ubi
455 3909 671 3989 praepostero,
694 3911 732 3970 ut
753 3906 901 3989 arbitror,
925 3906 1030 3971 studio
1053 3907 1288 3972 πολυκλαάτων
1310 3906 1410 3988 scrip·

269 4015 312 4078 sit
333 4037 391 4098 pro
413 4018 634 4092 παγκλαύτων.

336 4253 361 4320 *)
376 4252 505 4320 [Probavi
523 4253 576 4308 hoc
591 4253 623 4308 G.
637 4253 788 4308 Dindorfio.
813 4253 972 4309 Hermanno
990 4251 1162 4322 probabilius
1182 4253 1272 4306 visum
1290 4256 1411 4322 δακρυπέ

269 4345 542 4414 hammoniacum]
