3014 5010
419 364 466 410 uu
490 363 582 410 amu.
605 362 709 409 auur.
732 362 777 408 ar
799 360 1015 410 Prsrsraaro.
1229 345 1286 408 147

146 537 288 596 eramus,
312 519 348 578 ut
362 515 476 577 simul
494 514 788 578 coniunctissimum
804 535 875 577 cnm
890 513 975 576 illius
989 512 1107 575 tabulis
1123 512 1288 575 litterariis

146 625 361 707 haberetur*).
424 623 606 686 Probarunt
647 624 748 686 hanc
787 621 1086 706 interpretationem
1123 624 1159 684 ut
1195 623 1288 684 unice

146 756 256 797 veram
285 755 357 797 cum
380 731 606 814 Bernhardyus
635 735 703 795 tum
726 732 896 796 Richterus
918 731 957 794 de
984 736 1069 814 trag.
1099 731 1231 813 interpr.
1256 754 1286 813 p.

146 845 199 907 60.
243 842 287 906 Et
308 843 363 905 ille
385 842 511 925 quidem
535 842 696 905 commode
719 840 781 906 huc
803 841 949 904 adhibuit
971 840 1097 903 doctam
1120 839 1289 904 Schneide-

148 953 224 1016 wini
247 952 350 1015 nostri
372 953 407 1016 in
429 950 569 1014 Exercit.
588 951 658 1015 crit.
676 973 745 1034 cap.
770 950 817 1014 IV
836 973 868 1035 p.
884 950 927 1014 20
941 950 1204 1032 disputationem,
1228 971 1289 1032 qua

148 1060 380 1125 Callimachum
408 1060 580 1125 Simonidis
606 1059 757 1143 Epinicia
785 1059 940 1143 quaedam
967 1060 1178 1140 ἐπιγράψαι
1202 1060 1289 1123 ἘΠΙ-

61 1202 68 1213 ·
149 1172 251 1236 ΝΙΚΟΙ
280 1171 456 1235 aeolico
492 1170 606 1234 effecit.
658 1169 779 1234 Eodem
812 1190 929 1254 graeca
958 1169 1055 1232 verba
1087 1169 1290 1252 grammatici

149 1280 288 1343 Parisini
311 1281 420 1343 valent
442 1279 585 1363 quamvis
607 1279 686 1343 mire
708 1279 809 1343 dicta:
834 1280 882 1343 ὧν
901 1280 976 1344 τοὺε
998 1281 1132 1344 πίνακα(
1155 1278 1290 1358 ἐπεγρά-

148 1410 243 1468 ψατο.
277 1389 341 1452 Pro
362 1390 475 1472 quibus
499 1410 570 1453 cum
593 1392 756 1471 exspectes
779 1389 827 1454 ὧν
850 1392 926 1454 τοὺ(
949 1389 1083 1453 πίνακα(
1105 1388 1290 1468 ἀνέγραψεν

150 1498 214 1580 (vel
242 1499 340 1561 etiam
361 1499 595 1583 ἀνεγράψατο),
624 1502 732 1561 tamen
760 1499 812 1563 ἐπί
840 1497 1033 1581 praepositio
1060 1497 1148 1559 tenui
1175 1497 1291 1562 veteris

149 1608 321 1670 memoriae
348 1607 484 1691 vestigio
512 1628 549 1670 eo
573 1628 631 1670 noa
654 1607 767 1671 ducere
789 1607 929 1690 videtur,
958 1611 994 1669 ut
1023 1627 1089 1669 uon
1116 1606 1186 1669 sinc
1214 1606 1291 1668 mul-

148 1716 252 1799 tiplici
268 1716 308 1779 de
330 1716 482 1780 librorum
504 1736 698 1799 quorumque
714 1717 975 1799 inscriptionibus
996 1716 1181 1799 quaestione
1198 1716 1291 1778 Calli-

150 1825 299 1888 machum
323 1826 547 1909 intellegamus
571 1825 611 1888 ad
633 1826 711 1889 illud
734 1827 935 1907 ἀναγράφειν
957 1827 1033 1891 τοὺ(
1054 1827 1188 1890 πίνακα(
1204 1846 1291 1888 acce·

150 1935 224 1998 dere
246 1935 396 2017 potuisse.
442 1934 526 1998 Nam
548 1935 588 1997 de
610 1957 647 1998 eo
670 1919 797 2017 prorsus
819 1935 928 2018 opinio
950 1934 1137 1998 Richterum
1164 1934 1290 2016 fefellit,

150 2044 233 2126 quod
261 2051 376 2108 indices
403 2044 538 2128 singulis
567 2044 657 2107 libris
684 2044 864 2112 necessario
892 2044 1032 2107 adiectos
1059 2044 1123 2106 iam
1152 2044 1193 2106 ab
1214 2043 1310 2126 ipsis„

150 2174 259 2216 eorum
282 2153 491 2236 scriptoribus
515 2154 576 2216 ait:
598 2174 660 2236 quo
682 2154 815 2217 meliora
836 2153 886 2216 vel
910 2151 1135 2235 Bernhardyus
1158 2151 1290 2235 Encycl.

151 2262 261 2344 philol.
279 2284 311 2345 p.
327 2262 388 2326 132
403 2261 516 2326 docere
531 2266 688 2345 potuerat.
721 2262 782 2327 Sed
797 2263 909 2325 titulos
924 2262 1060 2345 singulis
1079 2261 1291 2325 voluminibus
1309 2281 1342 2328 ιν

152 2370 274 2433 calamo
302 2371 545 2454 inscribentem,
573 2373 700 2454 qualem
722 2372 890 2435 Plautinus
912 2371 1084 2434 scholiasta
1107 2372 1216 2454 finxit,
1246 2372 1292 2433 sic

151 2480 256 2562 potius
278 2480 461 2564 significare
483 2502 616 2565 graecus
639 2480 775 2563 scriptor
797 2481 964 2544 debuerat:
988 2482 1036 2547 olc
1058 2482 1135 2546 τοὺ(
1156 2483 1292 2546 πὶνακαε

150 2591 351 2669 ἐπέγραψεν;
385 2591 412 2652 si
438 2590 532 2653 modo
565 2611 622 2671 pro
650 2596 744 2655 lindis
771 2612 911 2674 unquam
938 2591 1068 2658 πίνακεε
1101 2590 1178 2654 dicti
1206 2594 1296 2681 sunt?

152 2697 322 2781 Vtcunqne
344 2700 404 2761 hoc
426 2702 490 2780 est,
514 2699 739 2783 neglegentius
753 2703 920 2783 utrumque
943 2700 1188 2784 grammaticum
1208 2700 1293 2762 locu-

151 2811 220 2869 tum
243 2811 387 2890 apparet.

236 2915 352 2979 Restat
371 2920 406 2978 ut
428 2917 466 2980 de
482 2916 679 2980 Callimacho
694 2924 795 2981 aulico
810 2925 895 2996 recia
917 2924 1143 2983 bibliothecario
1157 2918 1292 2980 dicatur.

151 3024 252 3098 Quem
278 3026 408 3087 tametsi
430 3047 464 3088 re
488 3047 563 3089 vera
584 3026 761 3109 praefuisse
784 3027 996 3091 bibliothecae
1018 3027 1088 3110 ipsa
1113 3027 1159 3089 rei
1181 3028 1293 3109 proba-

152 3133 279 3196 bilitate
301 3137 406 3197 motus
433 3133 658 3218 Benrhardyus
680 3135 766 3199 Hist.
797 3135 859 3198 litt.
890 3136 985 3199 Gal
1014 3158 1045 3219 p.
1069 3137 1129 3200 367
1158 3134 1292 3217 dixerat,
1414 3147 1421 3160 '

151 3242 233 3305 miro
266 3246 375 3305 tamen
408 3243 491 3307 idem
524 3244 641 3307 iudicio
674 3266 747 3307 usus
779 3243 938 3309 Censurae
971 3268 1002 3328 p.
1032 3245 1094 3308 828
1126 3245 1293 3327 quicquam

151 3351 354 3415 auctoritatis
386 3353 520 3436 negavit
551 3353 605 3416 isti
633 3353 777 3436 opinioni
805 3374 822 3416 e
851 3359 937 3417 certo
970 3354 1128 3437 planoque
1155 3336 1294 3415 eiusdem

150 3460 199 3523 rei
220 3462 405 3525 testimonio
428 3462 588 3526 accedere.
620 3462 761 3528 Omnino
777 3466 884 3526 autem
906 3484 1018 3545 parum
1034 3465 1082 3525 est
1103 3461 1170 3525 veri
1192 3461 1294 3524 simile

150 3570 292 3652 abipso
319 3570 445 3634 demum
472 3571 644 3635 scholiasta
672 3571 822 3635 Plautino
849 3572 906 3634 illa
933 3574 1030 3636 verba
1063 3572 1187 3635 adiecta
1214 3592 1294 3653 esse,

149 3701 234 3762 quae
263 3700 341 3742 sane
369 3701 388 3742 a
417 3681 542 3764 graecis
569 3681 696 3744 absunt.
742 3681 853 3765 Longe
878 3682 964 3744 enim
990 3681 1084 3745 aliter
1111 3684 1295 3763 comparata

149 3792 244 3870 suut,
274 3809 354 3871 quae
382 3788 429 3852 illi
459 3789 629 3853 tribuenda
656 3791 825 3873 suspicere.
858 3790 954 3855 Velut
983 3813 1053 3853 cnm
1079 3790 1296 3854 Ptolemaeum

146 3903 339 3977 philosophis
360 3898 652 3983 differtissimam**)
674 3912 703 3963 ct
724 3907 832 3964 ceteris
854 3905 989 3964 omnibus
1011 3905 1187 3964 tractoribus
1203 3906 1297 3963 claris

220 4166 247 4231 *l
266 4164 317 4232 [De
330 4163 491 4218 Callimachi
505 4166 576 4219 curis
594 4167 835 4236 pinacographicis
848 4169 916 4221 satis
929 4170 1039 4222 constat
1051 4168 1173 4221 omnium
1186 4183 1295 4221 accura-

145 4257 259 4310 tissime
279 4255 520 4310 Wachsmuthium
539 4276 627 4327 nuper
645 4258 736 4326 egisse
754 4260 891 4328 Philologi
909 4263 929 4314 t.
948 4260 1012 4315 XVI
1029 4279 1056 4329 p.
1075 4266 1125 4314 653
1144 4262 1215 4328 sqq.l

218 4350 262 4416 *ἢν
275 4354 462 4416 differticrr'mus
479 4351 564 4402 etiam
582 4367 653 4402 nuuc
664 4353 782 4404 tuemur.
807 4352 895 4417 Quam
908 4355 981 4408 iuter
994 4372 1023 4407 se
1036 4354 1139 4406 similes
1152 4354 1179 4405 in
1194 4353 1295 4406 saeculi

1031 4438 1092 4502 10ss
