3008 5002
232 323 295 386 204
574 337 731 385 τούτων]
754 337 1015 385 υκουιοαοιταυκ

316 492 346 556 5.
389 493 479 571 Μέρη
510 496 566 569 τῆς
598 492 765 575 κωμῳδίας
798 492 852 557 εἰεί
881 493 1029 570 τέςςαρα,
1062 491 1241 571 πρόλογος,
1275 492 1372 568 μέλος

232 607 349 682 χορού,
377 603 484 681 τρίτον
507 602 685 667 ἐπειςόδιον
709 605 759 666 καί
780 602 933 682 τέταρτον
957 603 1078 669 ἔξοδος.
1125 603 1181 665 Καὶ
1205 601 1372 680 πρόλογος

232 715 288 790 μέν
311 714 374 777 έςτι
395 714 432 777 τὸ
455 713 545 792 μέχρι
566 716 624 776 τού
648 718 749 792 χοροῦ
772 716 826 790 τῆς
849 712 989 778 εἰςόδου·
1011 716 1030 791 ἡ
1053 714 1088 777 δὲ
1109 711 1173 791 άμα
1194 718 1232 794 τῇ
1255 711 1371 793 εἰςόδιμ
1386 736 1414 774 2⁵

231 826 289 886 τοῦ
305 827 406 902 χορού
430 822 586 902 λεγομένη
610 823 695 901 ῥῖγςις
717 824 813 901 μέλος
834 825 975 888 καλεῖται
992 826 1110 902 χορού·
1132 822 1312 887 ἐπειςόδιον
1334 822 1373 886 δέ

172 920 176 929 ’
230 933 313 997 ἐςτιν
343 932 439 1010 μέλος
466 934 580 1010 μεταξύ
609 935 716 1011 μελῶν
744 935 794 998 καῖ
817 922 940 1012 ῥήςεων
962 934 1022 997 δύο
1045 936 1169 1012 χορῶν·
1200 933 1312 997 ἔξοδος
1335 931 1373 995 δέ

231 1042 312 1107 ἐςτιν
334 1042 353 1120 ἡ
382 1043 464 1121 πρὸς
490 1049 535 1126 τῷ
564 1044 647 1107 τέλει
675 1047 732 1108 τοῖν
760 1048 862 1123 χοροῦ
891 1044 984 1122 ῥῆςις.
1030 1044 1086 1107 Καὶ
1113 1046 1212 1107 ταῦτα
1235 1043 1292 1120 μέν
1316 1041 1373 1107 εἰει

230 1153 269 1216 τά
291 1153 368 1231 μέρη
390 1155 446 1229 τῆς
469 1153 652 1235 κωμῳδίας·
675 1155 752 1232 μέρη
776 1157 811 1219 δὲ
826 1155 1038 1234 παραβάςεως
1059 1153 1147 1218 ἑπτά.
1191 1154 1314 1232 Πρῶτα
1335 1155 1374 1217 δέ

230 1263 269 1325 τὰ
291 1261 465 1326 Διονυςίου
494 1264 543 1326 καὶ
567 1264 726 1342 Κράτητος
754 1266 803 1327 καὶ
826 1265 994 1329 Εὐκλείδου
1022 1265 1137 1343 ῥητέον
1160 1283 1228 1341 μοι,
1260 1263 1373 1327 ἔπειτα
1387 1285 1414 1322 ου

231 1373 280 1434 καὶ
301 1373 340 1435 τὰ
362 1372 497 1450 ἡμέτερα
519 1376 619 1436 ταῦτα
638 1378 750 1453 ςαφῶς
770 1375 972 1440 ἐκδιδάξαντι.
1012 1374 1096 1438 Οὐδὲ
1117 1374 1179 1454 γάρ
1194 1373 1264 1437 οὐδ’
1286 1374 1373 1453 ἁβρὰ

166 1490 213 1538 115
231 1481 371 1560 τράπεζα
386 1484 426 1560 μὴ
449 1483 527 1561 μετά
541 1487 664 1563 τροφῆς
681 1483 805 1561 εὐδίαν,
827 1485 904 1548 οὐδὲ
919 1486 1040 1563 γαλήνη
1062 1487 1102 1563 μὴ
1119 1485 1195 1563 μετὰ
1209 1483 1372 1563 τρικυμίας
1388 1505 1399 1541 1

231 1593 280 1655 καῖ
309 1592 458 1656 κλύδωνα
486 1593 555 1657 οὐδ’
576 1594 595 1671 ἡ
618 1593 775 1673 ὡραιότης
796 1596 846 1658 καῖ
869 1594 964 1674 ἀρετὴ
988 1596 1038 1658 καὶ
1068 1595 1157 1673 χάρις
1179 1597 1238 1657 τού
1269 1594 1373 1668 λόγου

232 1704 337 1781 ταφὴν
360 1707 516 1768 τοςούτον
540 1702 629 1768 οίδεν
652 1704 854 1784 εὐφραίνειν,
882 1705 969 1783 εἰμὴ
992 1705 1069 1783 μετὰ
1090 1706 1149 1782 τὴν
1171 1704 1238 1766 κατ’
1260 1704 1371 1781 Ἐμπε-

230 1814 347 1877 δοκλέα
368 1814 603 1892 μελάγκουρον,
633 1815 711 1878 κατὰ
732 1817 768 1879 δέ
790 1816 927 1894 Τῑέτζην
950 1817 1077 1880 Τούλαν
1100 1815 1151 1878 καὶ
1174 1813 1372 1892 Κερκεςύραν

230 1925 476 2003 περιεπεςτάτην
510 1924 678 2004 άςαφείας·
711 1926 760 1988 καὶ
793 1927 914 2003 μάλλον
944 1925 971 1989 εἰ
1000 1927 1115 2005 ςοφοῖς
1147 1922 1255 1999 λόγοις
1289 1923 1370 2003 αὐτὴ
1398 1942 1410 1979 ⁵

231 2033 326 2115 ἑαυτῇ
355 2032 579 2113 άντιβαῖνουςα
605 2034 726 2110 γίνοιτο
755 2034 810 2099 δτέ
837 2037 894 2113 μέν
922 2035 1052 2113 ἀρνίον,
1082 2033 1137 2098 ὁτέ
1165 2036 1200 2098 δέ.
1227 2035 1371 2113 τραγίον,

230 2144 283 2207 ὁτὲ
312 2144 346 2207 δέ
369 2144 550 2223 κόνδουρον
578 2144 775 2224 άειδούριον,
809 2145 859 2208 καὶ
886 2147 924 2224 δὴ
952 2145 1187 2225 κριτικωτάταιε
1215 2145 1372 2222 ἠκροᾶςθε

229 2257 298 2317 ταῖς
320 2252 438 2317 ἀκοαῖς.
481 2254 516 2318 Ὁ
539 2255 637 2333 χορός
660 2275 755 2334 φαςιν
778 2255 796 2318 δ
820 2254 955 2333 κωμικός
977 2254 1117 2333 εἰςήγετο
1139 2260 1176 2337 τῇ
1200 2254 1373 2336 ὀρχήςτρᾳ,

230 2365 270 2440 ἣν
286 2364 335 2426 καί
350 2365 480 2438 λογεῖον
503 2366 678 2444 καλοῦμεν,
701 2366 751 2429 καὶ
773 2365 1000 2443 διαλεγόμενος
1022 2367 1079 2443 μέν
1101 2368 1169 2428 τοῖς
1187 2363 1371 2441 ὑποκριταῖς

231 2473 356 2549 μέτροις
384 2473 520 2551 ἑτέροις,
549 2474 630 2550 πρὸς
656 2476 715 2552 τὴν
738 2477 854 2553 ςκηνὴν
877 2476 963 2554 ἑώρα
991 2479 1047 2553 τῆς
1069 2474 1248 2558 κωμῳδίας·
1273 2473 1370 2538 άπελ-
1384 2500 1410 2537 10

231 2582 356 2645 θόντων
379 2583 415 2645 δέ
436 2588 502 2646 τῶν
525 2583 706 2663 ὑποκριτῶν
729 2586 811 2664 πρὸς
832 2586 890 2650 τὸν
913 2590 1015 2664 δῆμον
1037 2586 1142 2664 ὁρῶν,
1166 2585 1202 2648 ἐκ
1222 2584 1371 2662 τετραμέ-

230 2712 317 2770 τρων
347 2696 377 2765 ῖς
405 2693 528 2771 ςτίχοας
557 2693 769 2758 άναπαίςτους
797 2696 989 2775 ἐφθέγγετο,
1023 2696 1073 2759 καὶ
1100 2699 1197 2759 τούτο
1225 2695 1369 2758 ἐκαλεῖτο

232 2804 368 2883 ςτροφή·
391 2802 459 2867 εἶτα
481 2803 610 2882 ἑτέρους
633 2804 796 2869 ἑκκαίδεκα
816 2806 984 2870 τοιούτους
1006 2807 1197 2886 ἐφθέγγετο,
1225 2806 1276 2868 καὶ
1298 2804 1370 2868 ἐκα-

231 2914 315 2977 λεῖτο
338 2917 435 2977 τοῦτο
459 2913 684 2993 ἀντίςτροφος·
711 2914 793 2994 άπερ
823 2915 989 2995 ἀμφότερα
1010 2916 1041 2980 οἱ
1063 2916 1192 2979 παλαιοὶ
1214 2914 1371 2994 ἐπίρρημα

230 3024 354 3098 ἔλεγον.
407 3025 442 3087 Ἡ
471 3023 530 3101 ὅλη
564 3025 600 3088 δὲ
629 3024 772 3103 πάροδος
796 3029 854 3089 τοῖι
888 3030 990 3105 χοροῦ
1019 3028 1156 3090 καλεῖται
1184 3026 1369 3104 παράβαςις.
1384 3048 1409 3087 15

230 3134 287 3197 Ἂν
311 3133 370 3199 οὐν
393 3133 437 3196 ὡς
459 3134 494 3196 ἐκ
516 3134 644 3198 πόλεως
666 3135 788 3213 ἐβάδιζε
810 3137 892 3214 πρὸς
913 3137 951 3199 τὸ
973 3136 1125 3215 θέατρον,
1152 3136 1203 3199 διὰ
1224 3138 1280 3212 τῆς
1302 3135 1370 3214 άρι-

230 3246 339 3321 ςτεράς
369 3243 486 3321 άψῶος
514 3243 656 3323 ἔβαινεν,
685 3244 711 3308 εἰ
740 3246 773 3309 δ’
801 3246 846 3309 ὡς
872 3245 931 3309 ἀπ’
959 3245 1077 3323 ἀγροῦ,
1105 3246 1156 3309 διὰ
1184 3249 1239 3323 τῆς
1267 3248 1370 3309 δεξιάς

230 3353 265 3416 ἐν
286 3353 550 3432 τετραγωνίζοντι
575 3358 634 3418 τού
657 3359 761 3433 χοροῦ
783 3356 890 3439 τύπῳ,
918 3357 1000 3435 πρὸς
1028 3355 1146 3433 μόνους
1175 3354 1264 3433 ὁρῶν
1292 3357 1370 3418 τούς

230 3462 416 3542 ὑποκριτάς·
445 3461 492 3527 ὧν
516 3464 713 3530 ἐξελθόντων
736 3465 755 3529 δ
776 3467 874 3545 χορός
897 3464 1023 3529 ἑπτάκις
1047 3464 1261 3544 (τρεφόμενος
1284 3466 1369 3543 πρὸς

229 3571 396 3653 ἀμφότερα
410 3573 541 3651 τὰμέρη
561 3578 620 3637 τοῦ
643 3575 744 3652 δήμου
765 3576 865 3654 ἑώρα·
886 3576 924 3639 τὸ
947 3576 980 3638 δ’
1002 3574 1226 3654 ἑπτάςτροφον
1242 3573 1369 3652 ὐρχημα
1383 3596 1410 3635 20

229 3686 327 3746 τοῦτο
350 3683 525 3763 παράβαςις
553 3684 696 3750 ἐκαλεῖτο
724 3692 771 3769 τῷ
798 3685 901 3761 γένει,
933 3684 1022 3762 καὶὴ
1045 3685 1156 3762 πρώτη
1180 3684 1215 3747 δέ
1239 3683 1369 3762 όρχηςις

230 3792 409 3870 ὁμωνύμως
436 3799 482 3877 τῷ
504 3795 590 3870 γένει
612 3796 803 3875 παράβαςις,
831 3796 868 3859 τὸ
890 3794 998 3873 τρίτον
1021 3794 1142 3874 μακρὸν
1171 3795 1221 3856 καὶ
1242 3796 1370 3868 πνῖγος,

230 3903 267 3966 τό
289 3902 443 3980 τέταρτον
467 3906 534 3986 ῴδὴ
558 3907 608 3969 καῖ
631 3906 771 3985 (τροφὴ,
793 3904 830 3967 τὸ
853 3905 998 3981 πέμπτον
1022 3902 1193 3981 ἐπίρρημα,
1216 3903 1255 3966 τό
1274 3903 1369 3967 ἕκτον

297 4086 336 4134 31.
349 4081 404 4147 καί]
418 4081 447 4132 δέ
460 4080 519 4132 cod.
574 4080 808 4135 32.εὐδειανουά.
866 4081 900 4147 [3.
918 4080 1072 4145 ςαφήνειαῖ
1085 4077 1114 4130 F.
1129 4078 1172 4146 R.]
1230 4080 1371 4146 [5.περιε-

230 4174 384 4239 πεςτάτην,
407 4189 462 4225 non
486 4175 709 4240 περιεπιςτύτην,
733 4173 791 4226 οοά.
874 4178 914 4225 20.
938 4173 1061 4238 όρχημα,
1088 4188 1142 4224 non
1166 4174 1272 4238 ὁχημα,
1297 4172 1371 4240 φολλ]

231 4269 271 4314 21.
286 4266 315 4316 Ἡ
331 4267 380 4327 μέν
393 4266 444 4317 οὐν
463 4267 564 4332 πρώτη
578 4268 687 4332 ὐρχηςις
706 4267 859 4330 κομμάτιον
871 4266 996 4329 ἐλέγετο,
1016 4266 1033 4328 ἡ
1047 4266 1077 4318 δέ
1088 4266 1205 4330 δευτέρα
1217 4265 1372 4332 παράβαςις

230 4357 389 4420 ὁμωνύμως
408 4362 449 4422 τῷ
468 4358 541 4420 γένει
559 4360 687 4411 ἐκαλεῖτο
705 4357 791 4411 codex
809 4357 955 4410 Parisinus.
