3250 5098
296 395 357 462 178
703 415 751 462 nn
774 415 1033 464 smenonnram
1355 443 1378 489 ,

294 569 508 648 διεμυρίων
536 569 643 632 ἐπῶν
669 570 745 632 τοὺ(
773 571 996 633 ἐπιδεικτικυὺ(
1024 572 1091 633 τῶν
1118 568 1227 644 λόγων
1255 587 1435 647 (υγγραψο-

293 680 397 759 μένῳ,
420 677 550 742 πλείου(
572 680 608 741 δέ
630 679 649 756 ἢ
672 676 712 742 ιε’
739 679 950 757 μυριάδαε,
978 678 1014 742 ἐν
1038 678 1086 741 ol<
1108 679 1165 742 τά(
1187 699 1220 742 τε
1243 682 1308 743 τῶν
1330 679 1434 755 Ἑλλή-

293 809 362 853 νων
395 789 445 851 καὶ
479 789 649 867 βαρβάρων
682 788 811 866 πράξει(
844 789 932 868 μέχρι
966 791 1027 852 νῦν
1060 787 1345 865 ἀποΠελλομένα(
1372 788 1435 850 ἐετι

293 900 417 977 λαβεῖνῑ
441 896 553 979 quibus
576 899 649 979 post
670 895 861 978 interposita
884 896 947 960 alia
970 896 1125 979 quaedam
1147 917 1272 960 rursum
1299 896 1379 959 haec
1401 896 1432 958 in

292 1007 356 1068 fine
377 1005 590 1069 subiciuntur:
612 1010 714 1071 ταῦτα
728 1006 825 1071 αὐτὸ(
840 1008 912 1086 περὶ
938 1006 1038 1071 αὑτοῦ
1060 1008 1174 1083 λέγων.
1205 1004 1435 1069 Gravissimum

293 1115 353 1178 hoc
374 1115 474 1197 ipsius
496 1113 693 1198 Theopompi
715 1114 933 1178 testimonium
955 1118 1005 1178 est
1025 1118 1194 1197 propterea
1222 1115 1305 1197 quod
1327 1135 1434 1178 nume·

292 1225 464 1288 randorum
487 1246 633 1288 versuum
655 1245 774 1287 morem
797 1247 835 1288 ex
857 1225 913 1288 illo
941 1224 1091 1288 discimus
1115 1245 1181 1287 non
1209 1224 1251 1287 ah
1277 1225 1356 1307 ipsis
1383 1223 1434 1286 de-

292 1355 378 1397 mum
400 1333 628 1397 Alexandrinis
651 1335 883 1418 excogitatum,
908 1334 963 1397 sed
982 1355 1020 1397 ex
1042 1333 1221 1416 antiquiore
1236 1337 1342 1398 aetate
1364 1355 1434 1417 pro

291 1447 462 1528 pagatim,
487 1465 591 1526 aqua
612 1443 686 1506 talis
709 1443 894 1528 diligentia,
918 1444 1035 1527 absque
1058 1443 1114 1506 illo
1134 1443 1319 1507 testimonio
1340 1447 1433 1525 asset,

292 1574 358 1617 non
386 1556 494 1636 posset
521 1574 587 1616 non
614 1553 692 1616 satis
720 1553 826 1616 aliena
854 1553 963 1616 videri.
1015 1551 1065 1617 Ne
1095 1553 1274 1637 attigenmt
1295 1552 1433 1636 quidem,

292 1663 345 1746 qui
368 1662 407 1726 de
430 1662 635 1746 Theopompo
656 1666 767 1726 nostra
789 1664 941 1726 memoria
957 1664 1164 1726 commentati
1179 1666 1264 1726 sunt.
1305 1660 1434 1748 [Quodsi

291 1775 348 1837 τά(
374 1795 409 1838 τε
431 1777 498 1838 τῶν
520 1774 680 1850 Ἑλλήνων
702 1775 752 1837 καὶ
774 1774 945 1852 βαρβάρων
973 1775 1100 1852 πράξει(
1122 1773 1195 1835 illas
1217 1772 1300 1836 solos
1323 1774 1434 1836 Φιλιπ-

291 1887 393 1946 πικῶν
415 1881 513 1945 libros
535 1881 642 1946 LVIII
669 1882 933 1965 interpretamur,
962 1881 1082 1965 singuli
1104 1881 1178 1944 libn'
1201 1881 1329 1945 circiter
1350 1881 1434 1945 2586

290 2012 437 2054 versuum
463 1991 608 2072 fuerunt3
640 1990 690 2054 sin
723 1991 859 2055 sociatos
886 1994 1076 2071 Ἑλληνικῶν
1109 1995 1203 2075 atque
1233 1994 1434 2056 Φιλιππικῶν

290 2099 388 2163 libros
411 2099 514 2182 LXX,
538 2122 685 2164 versuum
708 2100 834 2164 circiter
856 2101 950 2164 2143.
995 2100 1067 2164 Hoc
1092 2101 1251 2183 probabat
1273 2101 1308 2164 C.
1332 2099 1432 2163 Muel-

291 2208 374 2272 lerus
396 2210 497 2292 praef.
521 2209 650 2294 Fragm.
674 2209 749 2273 hist.
774 2209 887 2274 Gracc.
911 2210 927 2274 Ι
954 2233 986 2293 p.
1010 2209 1115 2274 LXIX
1137 2210 1210 2273 adn.
1237 2211 1270 2292 13
1292 2211 1433 2292 priorem

289 2319 447 2382 rationem
474 2321 638 2402 amplexus
672 2342 775 2402 nuper
802 2319 996 2404 Bernaysius
1030 2320 1088 2382 ‘de
1116 2318 1328 2401 Theophrasti
1362 2321 1434 2399 περὶ

289 2429 446 2508 εὐεεβεία(
470 2429 567 2491 libro'
590 2451 623 2512 p.
640 2429 691 2492 69.
710 2429 771 2494 176
786 2450 851 2493 non
874 2430 1024 2513 assequor
1046 2429 1099 2512 qui
1120 2428 1276 2512 potuerit,
1301 2428 1433 2491 calculis

289 2541 374 2599 recte
403 2536 564 2600 subductis
571 2587 580 2620 ,
616 2539 665 2600 vel
694 2538 740 2602 sic
773 2539 822 2602 bis
855 2538 1002 2602 millenos
1031 2560 1139 2601 versus
1172 2537 1308 2621 singulis
1341 2538 1432 2600 libris
1518 2597 1524 2606 .

289 2645 439 2708 tribuere.
468 2683 510 2692 -
537 2645 683 2710 Ceterum
712 2650 916 2731 quantumvis
943 2648 976 2710 hi
1004 2647 1129 2711 numeri
1157 2646 1315 2710 modicam
1344 2667 1431 2710 men-

290 2775 396 2816 suram
423 2753 512 2817 illam
541 2756 711 2840 excedant,
746 2781 842 2841 quam
874 2759 941 2822 fere
970 2778 1123 2842 regnasse
1150 2757 1187 2820 in
1219 2756 1280 2820 hoc
1313 2777 1432 2840 genere

289 2862 434 2944 exempla
460 2861 576 2927 docent
604 2887 699 2948 supra
727 2866 779 2951 (de
805 2866 883 2930 bibl.
913 2866 965 2929 Al.
989 2889 1021 2950 p.
1053 2868 1111 2931 131
1137 2864 1222 2954 [108]
1247 2868 1331 2951 sqq.)
1359 2887 1431 2949 pro-

288 2972 409 3055 posita,
444 2976 553 3037 tamen
582 2995 622 3038 ne
652 2975 727 3058 quid
755 2977 894 3059 scrupuli
928 2976 1081 3059 resideat,
1118 2976 1197 3040 satis
1226 2979 1354 3040 cautum
1381 2981 1432 3038 est

288 3079 442 3145 Herodoti
465 3086 497 3146 et
519 3083 645 3167 Iosephi
668 3085 820 3167 exemplis
841 3107 922 3168 quae
937 3085 1022 3148 infra
1044 3086 1296 3169 perscripsimus.
1334 3085 1429 3148 Prae-

287 3194 376 3255 terea
397 3214 515 3255 novum
530 3192 749 3258 animadverte
772 3195 831 3274 ἔπη
854 3195 940 3258 vocis
956 3196 1135 3277 exemplum
1156 3216 1270 3277 prosae
1292 3196 1429 3258 orationi

288 3299 473 3389 adhibitae]
502 3339 544 3350 —
570 3303 624 3386 96)
653 3302 834 3385 Stephanus
862 3303 997 3388 Byzant.
1014 3327 1044 3368 ν.
1074 3304 1210 3383 Φά(ηλι(
1239 3305 1278 3368 de
1306 3304 1430 3367 Theo·

286 3410 417 3475 decta:
453 3413 490 3476 ὃ(
525 3413 653 3490 ἐποίη(ε
685 3413 864 3498 τραγῳδία(
897 3413 925 3479 ν’
957 3415 1006 3478 καὶ
1035 3415 1204 3492 ῥητορικὰ(
1231 3415 1347 3494 τέχνα(
1380 3418 1430 3478 καὶ

288 3522 405 3597 λόγου(
428 3521 613 3601 ῥητορικοῦ(
637 3524 743 3588 ἐπῶν
767 3549 821 3586 ιι.
860 3522 908 3586 De
931 3543 992 3606 quo
1015 3523 1226 3586 Ruhnkenius
1247 3521 1333 3586 Hist.
1357 3524 1427 3587 crit.

287 3633 366 3692 orat.
385 3651 416 3712 p.
433 3630 495 3694 367
513 3630 629 3713 Opusc.
648 3630 696 3694 ed.
713 3631 814 3716 Lugd.
832 3631 905 3695 alt:
927 3639 975 3696 ‘in
991 3645 1136 3712 corrupto
1153 3632 1245 3697 ἐπῶν
1256 3641 1429 3698 orationum

286 3737 426 3803 numerus
452 3746 550 3804 latet!
594 3739 694 3803 Immo
717 3739 871 3803 excidisse
894 3742 1034 3823 ipsorum
1061 3763 1226 3806 numerum
1250 3743 1341 3809 ἐπῶν
1363 3743 1428 3806 iarn

241 3862 268 3910 vr
287 3844 477 3930 Salmasius,
501 3848 666 3913 Berkelius
689 3853 721 3912 et
742 3847 929 3913 Holstenius
954 3855 1193 3934 perspexerant.
1239 3851 1319 3916 Cum
1341 3875 1427 3934 vera,

286 3977 367 4038 quae
389 3957 452 4020 illis
474 3959 570 4043 vulgo
594 3960 835 4023 continuantur:
858 3961 956 4026 ἐπῶν.
987 3962 1126 4027 ἀπέθανε
1148 3965 1176 4026 δ’
1198 3963 1359 4042 Ἀθήνηα,
1381 3963 1428 4028 sic

285 4065 405 4148 scripta
426 4066 461 4129 in
483 4067 709 4154 Rehdigerano
732 4073 871 4133 exstent:
900 4071 990 4136 ἐπῶν
1014 4075 1063 4136 καὶ
1085 4072 1192 4150 arce„
1220 4071 1254 4135 in
1278 4071 1428 4136 Salmasii

285 4177 392 4238 autem
406 4175 556 4239 Palatino
572 4177 650 4241 adeo
666 4179 700 4242 in
715 4177 800 4243 hanc
815 4180 968 4261 speciem:
991 4181 1081 4249 ἐπῶν
1104 4188 1153 4248 καί
1175 4182 1283 4256 duell„
1306 4182 1429 4264 planis-

285 4282 363 4346 sime
390 4289 525 4367 apparet
551 4286 585 4349 in
612 4287 681 4370 ipso
708 4288 763 4352 illo
791 4311 840 4353 και
873 4291 1086 4374 quaerendam
1116 4313 1185 4355 esse
1217 4290 1429 4374 depravatam

285 4393 407 4454 numeri
429 4394 642 4460 notationem:
671 4398 757 4461 velut
785 4396 851 4484 stoi
877 4396 909 4461 h.
934 4421 961 4462 c.
985 4399 1105 4465 21010:
1133 4423 1208 4464 nam
1238 4400 1329 4482 ipsae
1353 4402 1431 4466 illae
