<?xml version="1.0" encoding="UTF-8"?>
<!DOCTYPE html PUBLIC "-//W3C//DTD XHTML 1.0 Transitional//EN"
    "http://www.w3.org/TR/xhtml1/DTD/xhtml1-transitional.dtd">
<html xmlns="http://www.w3.org/1999/xhtml" xml:lang="en" lang="en">
 <head>
  <title>
</title>
<meta http-equiv="Content-Type" content="text/html;charset=utf-8" />
  <meta name='ocr-system' content='tesseract 3.04.00' />
  <meta name='ocr-capabilities' content='ocr_page ocr_carea ocr_par ocr_line ocrx_word'/>
</head>
<body>
  <div class='ocr_page' id='page_1' title='image "./fridericiritsch04wachgoog_0548.png"; bbox 0 0 2924 4996; ppageno 0'>
   <div class='ocr_carea' id='block_1_1' title="bbox 426 292 1261 357">
    <p class='ocr_par' dir='ltr' id='par_1_1' title="bbox 426 292 1261 357">
     <span class='ocr_line' id='line_1_1' title="bbox 426 292 1261 357; baseline 0.001 -3"><span class='ocrx_word' id='word_1_1' title='bbox 426 308 584 357; x_wconf 84' lang='lat' dir='ltr'>nroursu</span> <span class='ocrx_word' id='word_1_2' title='bbox 605 307 959 357; x_wconf 74' lang='lat' dir='ltr'>unnrcaasassnusrs.</span> <span class='ocrx_word' id='word_1_3' title='bbox 1197 292 1261 355; x_wconf 81' lang='lat'>533</span> 
     </span>
    </p>
   </div>
   <div class='ocr_carea' id='block_1_2' title="bbox 113 460 1312 3847">
    <p class='ocr_par' dir='ltr' id='par_1_2' title="bbox 113 460 1312 3847">
     <span class='ocr_line' id='line_1_2' title="bbox 116 460 1259 545; baseline -0.005 -16"><span class='ocrx_word' id='word_1_4' title='bbox 116 462 323 529; x_wconf 88' lang='lat' dir='ltr'>consentiunt</span> <span class='ocrx_word' id='word_1_5' title='bbox 329 463 433 545; x_wconf 83' lang='lat' dir='ltr'>‚cap</span> <span class='ocrx_word' id='word_1_6' title='bbox 443 461 491 525; x_wconf 74' lang='lat'>&#39;82</span> <span class='ocrx_word' id='word_1_7' title='bbox 514 460 627 538; x_wconf 83' lang='grc' dir='ltr'>ὀλίγον</span> <span class='ocrx_word' id='word_1_8' title='bbox 651 461 783 541; x_wconf 88' lang='grc' dir='ltr'>ὕςτερον</span> <span class='ocrx_word' id='word_1_9' title='bbox 807 460 994 524; x_wconf 72' lang='lat' dir='ltr'>exhibentia</span> <span class='ocrx_word' id='word_1_10' title='bbox 1015 481 1073 544; x_wconf 91' lang='lat' dir='ltr'>pro</span> <span class='ocrx_word' id='word_1_11' title='bbox 1096 460 1207 538; x_wconf 86' lang='grc' dir='ltr'>ὀλίγου</span> <span class='ocrx_word' id='word_1_12' title='bbox 1229 460 1259 524; x_wconf 76' lang='lat' dir='ltr'>t.</span> 
     </span>
     <span class='ocr_line' id='line_1_3' title="bbox 115 569 1262 655; baseline -0.006 -16"><span class='ocrx_word' id='word_1_13' title='bbox 115 579 149 639; x_wconf 87' lang='lat' dir='ltr'>ct</span> <span class='ocrx_word' id='word_1_14' title='bbox 171 575 216 638; x_wconf 84' lang='grc' dir='ltr'>ὡς</span> <span class='ocrx_word' id='word_1_15' title='bbox 239 574 381 653; x_wconf 84' lang='grc' dir='ltr'>ἐπράχθη</span> <span class='ocrx_word' id='word_1_16' title='bbox 403 593 462 655; x_wconf 93' lang='lat' dir='ltr'>pro</span> <span class='ocrx_word' id='word_1_17' title='bbox 490 571 549 638; x_wconf 86' lang='grc' dir='ltr'>ὅςα</span> <span class='ocrx_word' id='word_1_18' title='bbox 572 572 731 652; x_wconf 83' lang='grc' dir='ltr'>ἐπράχθη,</span> <span class='ocrx_word' id='word_1_19' title='bbox 761 592 832 635; x_wconf 91' lang='lat' dir='ltr'>cum</span> <span class='ocrx_word' id='word_1_20' title='bbox 854 575 884 634; x_wconf 91' lang='lat' dir='ltr'><em>B</em></span> <span class='ocrx_word' id='word_1_21' title='bbox 912 572 1020 634; x_wconf 89' lang='lat' dir='ltr'>autem</span> <span class='ocrx_word' id='word_1_22' title='bbox 1043 573 1156 634; x_wconf 85' lang='lat' dir='ltr'>contra</span> <span class='ocrx_word' id='word_1_23' title='bbox 1179 576 1205 633; x_wconf 77' lang='grc' dir='ltr'><em>Α</em></span> <span class='ocrx_word' id='word_1_24' title='bbox 1226 569 1262 632; x_wconf 90' lang='lat' dir='ltr'>in</span> 
     </span>
     <span class='ocr_line' id='line_1_4' title="bbox 115 680 1261 764; baseline -0.006 -16"><span class='ocrx_word' id='word_1_25' title='bbox 115 684 181 748; x_wconf 87' lang='lat' dir='ltr'>his:</span> <span class='ocrx_word' id='word_1_26' title='bbox 206 689 233 747; x_wconf 82' lang='grc' dir='ltr'>α’.</span> <span class='ocrx_word' id='word_1_27' title='bbox 250 683 291 748; x_wconf 87' lang='grc'>83</span> <span class='ocrx_word' id='word_1_28' title='bbox 314 682 412 763; x_wconf 86' lang='grc' dir='ltr'>ὅςπερ</span> <span class='ocrx_word' id='word_1_29' title='bbox 435 681 567 748; x_wconf 85' lang='grc' dir='ltr'>ἐκείνων</span> <span class='ocrx_word' id='word_1_30' title='bbox 589 703 647 764; x_wconf 92' lang='lat' dir='ltr'>pro</span> <span class='ocrx_word' id='word_1_31' title='bbox 664 682 771 762; x_wconf 91' lang='grc' dir='ltr'>ὥςπερ</span> <span class='ocrx_word' id='word_1_32' title='bbox 795 680 942 757; x_wconf 80' lang='grc' dir='ltr'>ἐκείνων,</span> <span class='ocrx_word' id='word_1_33' title='bbox 970 682 1049 760; x_wconf 77' lang='grc' dir='ltr'>παρ’</span> <span class='ocrx_word' id='word_1_34' title='bbox 1072 680 1180 745; x_wconf 85' lang='grc' dir='ltr'>αὐτῶν</span> <span class='ocrx_word' id='word_1_35' title='bbox 1202 700 1261 762; x_wconf 89' lang='lat' dir='ltr'>pro</span> 
     </span>
     <span class='ocr_line' id='line_1_5' title="bbox 115 791 1260 874; baseline -0.008 -12"><span class='ocrx_word' id='word_1_36' title='bbox 115 797 175 862; x_wconf 82' lang='grc' dir='ltr'>ὑπ’</span> <span class='ocrx_word' id='word_1_37' title='bbox 197 794 323 871; x_wconf 89' lang='grc' dir='ltr'>αὐτῶν,</span> <span class='ocrx_word' id='word_1_38' title='bbox 345 796 400 871; x_wconf 89' lang='grc' dir='ltr'>τῆς</span> <span class='ocrx_word' id='word_1_39' title='bbox 423 795 488 870; x_wconf 80' lang='grc' dir='ltr'>τῆς</span> <span class='ocrx_word' id='word_1_40' title='bbox 509 791 703 871; x_wconf 90' lang='grc' dir='ltr'>θυγατρὸς</span> <span class='ocrx_word' id='word_1_41' title='bbox 726 812 784 874; x_wconf 90' lang='lat' dir='ltr'>pro</span> <span class='ocrx_word' id='word_1_42' title='bbox 799 795 855 870; x_wconf 88' lang='grc' dir='ltr'>τῆς</span> <span class='ocrx_word' id='word_1_43' title='bbox 876 792 1070 870; x_wconf 87' lang='grc' dir='ltr'>θυγατρὸς</span> <span class='ocrx_word' id='word_1_44' title='bbox 1091 794 1157 870; x_wconf 88' lang='grc' dir='ltr'>τῆς</span> <span class='ocrx_word' id='word_1_45' title='bbox 1179 793 1260 867; x_wconf 83' lang='grc' dir='ltr'>τῆς,</span> 
     </span>
     <span class='ocr_line' id='line_1_6' title="bbox 115 899 1261 985; baseline -0.009 -13"><span class='ocrx_word' id='word_1_46' title='bbox 115 908 193 972; x_wconf 85' lang='grc' dir='ltr'>τοὺς</span> <span class='ocrx_word' id='word_1_47' title='bbox 215 906 333 969; x_wconf 80' lang='grc' dir='ltr'>παῖδας</span> <span class='ocrx_word' id='word_1_48' title='bbox 353 923 413 985; x_wconf 92' lang='lat' dir='ltr'>pro</span> <span class='ocrx_word' id='word_1_49' title='bbox 435 903 512 966; x_wconf 87' lang='grc' dir='ltr'>τοὺς</span> <span class='ocrx_word' id='word_1_50' title='bbox 534 905 651 966; x_wconf 84' lang='grc' dir='ltr'>παῖδας</span> <span class='ocrx_word' id='word_1_51' title='bbox 677 900 756 977; x_wconf 89' lang='grc' dir='ltr'>ἐγώ</span> <span class='ocrx_word' id='word_1_52' title='bbox 764 950 773 984; x_wconf 84' lang='grc'>,</span> <span class='ocrx_word' id='word_1_53' title='bbox 803 900 914 984; x_wconf 85' lang='grc' dir='ltr'>εὐνοίᾳ</span> <span class='ocrx_word' id='word_1_54' title='bbox 940 922 999 984; x_wconf 90' lang='lat' dir='ltr'>pro</span> <span class='ocrx_word' id='word_1_55' title='bbox 1026 899 1153 982; x_wconf 81' lang='grc' dir='ltr'>ἐννοίᾳ,</span> <span class='ocrx_word' id='word_1_56' title='bbox 1181 899 1261 963; x_wconf 88' lang='grc' dir='ltr'>ἑταί-</span> 
     </span>
     <span class='ocr_line' id='line_1_7' title="bbox 115 1010 1312 1097; baseline -0.005 -17"><span class='ocrx_word' id='word_1_57' title='bbox 115 1038 184 1097; x_wconf 87' lang='grc' dir='ltr'>ρων</span> <span class='ocrx_word' id='word_1_58' title='bbox 217 1034 276 1096; x_wconf 91' lang='lat' dir='ltr'>pro</span> <span class='ocrx_word' id='word_1_59' title='bbox 308 1013 446 1092; x_wconf 89' lang='grc' dir='ltr'>ἑτέρων,</span> <span class='ocrx_word' id='word_1_60' title='bbox 481 1014 665 1091; x_wconf 89' lang='grc' dir='ltr'>περιβολαῖς</span> <span class='ocrx_word' id='word_1_61' title='bbox 698 1010 847 1089; x_wconf 91' lang='grc' dir='ltr'>ἑαυτῶν</span> <span class='ocrx_word' id='word_1_62' title='bbox 880 1011 954 1092; x_wconf 89' lang='grc' dir='ltr'>ξίφη</span> <span class='ocrx_word' id='word_1_63' title='bbox 987 1032 1045 1094; x_wconf 89' lang='lat' dir='ltr'>pro</span> <span class='ocrx_word' id='word_1_64' title='bbox 1078 1012 1261 1090; x_wconf 91' lang='grc' dir='ltr'>περιβολαῖς</span> <span class='ocrx_word' id='word_1_65' title='bbox 1281 1026 1312 1074; x_wconf 80' lang='lat'>18</span> 
     </span>
     <span class='ocr_line' id='line_1_8' title="bbox 116 1121 1261 1208; baseline -0.009 -16"><span class='ocrx_word' id='word_1_66' title='bbox 116 1128 205 1208; x_wconf 76' lang='grc' dir='ltr'>ξίφηῑ</span> <span class='ocrx_word' id='word_1_67' title='bbox 240 1145 309 1205; x_wconf 88' lang='lat' dir='ltr'>cap.</span> <span class='ocrx_word' id='word_1_68' title='bbox 327 1121 369 1186; x_wconf 87' lang='lat'>84</span> <span class='ocrx_word' id='word_1_69' title='bbox 390 1124 458 1201; x_wconf 89' lang='grc' dir='ltr'>τὴν</span> <span class='ocrx_word' id='word_1_70' title='bbox 480 1127 546 1186; x_wconf 88' lang='grc' dir='ltr'>τῶν</span> <span class='ocrx_word' id='word_1_71' title='bbox 571 1125 702 1202; x_wconf 89' lang='grc' dir='ltr'>βρεφῶν</span> <span class='ocrx_word' id='word_1_72' title='bbox 724 1142 782 1205; x_wconf 92' lang='lat' dir='ltr'>pro</span> <span class='ocrx_word' id='word_1_73' title='bbox 804 1127 871 1187; x_wconf 92' lang='grc' dir='ltr'>τῶν</span> <span class='ocrx_word' id='word_1_74' title='bbox 895 1125 1044 1203; x_wconf 83' lang='grc' dir='ltr'>βρεφῶν,</span> <span class='ocrx_word' id='word_1_75' title='bbox 1073 1122 1261 1200; x_wconf 83' lang='grc' dir='ltr'>δραματικῆς</span> 
     </span>
     <span class='ocr_line' id='line_1_9' title="bbox 116 1230 1261 1320; baseline -0.007 -20"><span class='ocrx_word' id='word_1_76' title='bbox 116 1255 174 1320; x_wconf 93' lang='lat' dir='ltr'>pro</span> <span class='ocrx_word' id='word_1_77' title='bbox 201 1236 381 1315; x_wconf 84' lang='grc' dir='ltr'>δραςτικῆς,</span> <span class='ocrx_word' id='word_1_78' title='bbox 409 1230 558 1311; x_wconf 86' lang='grc' dir='ltr'>Ἰλουίαν,</span> <span class='ocrx_word' id='word_1_79' title='bbox 590 1231 721 1295; x_wconf 89' lang='grc' dir='ltr'>Ἰλουίας</span> <span class='ocrx_word' id='word_1_80' title='bbox 754 1252 812 1314; x_wconf 92' lang='lat' dir='ltr'>pro</span> <span class='ocrx_word' id='word_1_81' title='bbox 839 1231 948 1309; x_wconf 90' lang='grc' dir='ltr'>Ἰλίαν,</span> <span class='ocrx_word' id='word_1_82' title='bbox 977 1231 1083 1308; x_wconf 87' lang='grc' dir='ltr'>Ἰλίας,</span> <span class='ocrx_word' id='word_1_83' title='bbox 1112 1230 1261 1294; x_wconf 83' lang='grc' dir='ltr'>δέδωκε</span> 
     </span>
     <span class='ocr_line' id='line_1_10' title="bbox 115 1340 1262 1425; baseline -0.009 -14"><span class='ocrx_word' id='word_1_84' title='bbox 115 1349 200 1411; x_wconf 86' lang='grc' dir='ltr'>τοῖς</span> <span class='ocrx_word' id='word_1_85' title='bbox 223 1343 462 1425; x_wconf 88' lang='grc' dir='ltr'>φυλάττουςι</span> <span class='ocrx_word' id='word_1_86' title='bbox 485 1341 552 1405; x_wconf 89' lang='grc' dir='ltr'>τὰς</span> <span class='ocrx_word' id='word_1_87' title='bbox 575 1342 721 1405; x_wconf 85' lang='grc' dir='ltr'>ὠδῖνας</span> <span class='ocrx_word' id='word_1_88' title='bbox 742 1362 800 1423; x_wconf 88' lang='lat' dir='ltr'>pro</span> <span class='ocrx_word' id='word_1_89' title='bbox 822 1344 905 1406; x_wconf 90' lang='grc' dir='ltr'>τοῖς</span> <span class='ocrx_word' id='word_1_90' title='bbox 927 1343 1173 1422; x_wconf 89' lang='grc' dir='ltr'>φυλάττουςι</span> <span class='ocrx_word' id='word_1_91' title='bbox 1195 1340 1262 1402; x_wconf 86' lang='grc' dir='ltr'>τὰς</span> 
     </span>
     <span class='ocr_line' id='line_1_11' title="bbox 116 1448 1261 1538; baseline -0.009 -17"><span class='ocrx_word' id='word_1_92' title='bbox 116 1457 261 1521; x_wconf 84' lang='grc' dir='ltr'>ὠδῖνας</span> <span class='ocrx_word' id='word_1_93' title='bbox 289 1452 456 1529; x_wconf 82' lang='grc' dir='ltr'>ἔδωκεν,</span> <span class='ocrx_word' id='word_1_94' title='bbox 489 1451 508 1514; x_wconf 86' lang='grc' dir='ltr'>ὁ</span> <span class='ocrx_word' id='word_1_95' title='bbox 537 1451 681 1538; x_wconf 89' lang='grc' dir='ltr'>Ἀμόλιος</span> <span class='ocrx_word' id='word_1_96' title='bbox 713 1472 772 1534; x_wconf 91' lang='lat' dir='ltr'>pro</span> <span class='ocrx_word' id='word_1_97' title='bbox 800 1452 958 1530; x_wconf 77' lang='grc' dir='ltr'>Ἀμάλιοςε</span> <span class='ocrx_word' id='word_1_98' title='bbox 992 1450 1025 1515; x_wconf 93' lang='grc' dir='ltr'><strong><em>Π</em></strong></span> <span class='ocrx_word' id='word_1_99' title='bbox 1053 1473 1080 1514; x_wconf 90' lang='lat' dir='ltr'>c.</span> <span class='ocrx_word' id='word_1_100' title='bbox 1109 1448 1151 1513; x_wconf 80' lang='grc'>32</span> <span class='ocrx_word' id='word_1_101' title='bbox 1179 1449 1261 1527; x_wconf 90' lang='grc' dir='ltr'>πρὸς</span> 
     </span>
     <span class='ocr_line' id='line_1_12' title="bbox 117 1560 1261 1647; baseline 0 -17"><span class='ocrx_word' id='word_1_102' title='bbox 117 1567 219 1647; x_wconf 89' lang='grc' dir='ltr'>ὀργὴν</span> <span class='ocrx_word' id='word_1_103' title='bbox 242 1584 299 1647; x_wconf 91' lang='lat' dir='ltr'>pro</span> <span class='ocrx_word' id='word_1_104' title='bbox 321 1564 366 1626; x_wconf 76' lang='grc' dir='ltr'>δι’</span> <span class='ocrx_word' id='word_1_105' title='bbox 388 1561 502 1641; x_wconf 85' lang='grc' dir='ltr'>ὀργῆς,</span> <span class='ocrx_word' id='word_1_106' title='bbox 525 1560 569 1625; x_wconf 86' lang='grc' dir='ltr'>εἰς</span> <span class='ocrx_word' id='word_1_107' title='bbox 592 1561 610 1625; x_wconf 90' lang='grc' dir='ltr'><strong><em>ὃ</em></strong></span> <span class='ocrx_word' id='word_1_108' title='bbox 633 1562 727 1625; x_wconf 89' lang='grc' dir='ltr'>τέλος</span> <span class='ocrx_word' id='word_1_109' title='bbox 749 1582 807 1644; x_wconf 87' lang='lat' dir='ltr'>pro</span> <span class='ocrx_word' id='word_1_110' title='bbox 830 1561 873 1626; x_wconf 87' lang='grc' dir='ltr'>εἰς</span> <span class='ocrx_word' id='word_1_111' title='bbox 895 1562 1003 1639; x_wconf 89' lang='grc' dir='ltr'>τέλος,</span> <span class='ocrx_word' id='word_1_112' title='bbox 1032 1565 1118 1645; x_wconf 78' lang='grc' dir='ltr'>εἶχεν</span> <span class='ocrx_word' id='word_1_113' title='bbox 1142 1566 1261 1646; x_wconf 86' lang='grc' dir='ltr'>ἀχθό-</span> 
     </span>
     <span class='ocr_line' id='line_1_13' title="bbox 115 1669 1259 1758; baseline -0.001 -17"><span class='ocrx_word' id='word_1_114' title='bbox 115 1694 229 1755; x_wconf 88' lang='grc' dir='ltr'>μεναι</span> <span class='ocrx_word' id='word_1_115' title='bbox 254 1679 292 1757; x_wconf 81' lang='grc' dir='ltr'>τῇ</span> <span class='ocrx_word' id='word_1_116' title='bbox 319 1670 412 1737; x_wconf 88' lang='grc' dir='ltr'>κτίςει</span> <span class='ocrx_word' id='word_1_117' title='bbox 434 1691 492 1753; x_wconf 89' lang='lat' dir='ltr'>pro</span> <span class='ocrx_word' id='word_1_118' title='bbox 515 1669 582 1749; x_wconf 82' lang='grc' dir='ltr'>εἶχε</span> <span class='ocrx_word' id='word_1_119' title='bbox 603 1677 641 1753; x_wconf 78' lang='grc' dir='ltr'>τῇ</span> <span class='ocrx_word' id='word_1_120' title='bbox 663 1670 771 1748; x_wconf 93' lang='grc' dir='ltr'>κτίςει,</span> <span class='ocrx_word' id='word_1_121' title='bbox 799 1692 869 1754; x_wconf 88' lang='lat' dir='ltr'>cap.</span> <span class='ocrx_word' id='word_1_122' title='bbox 885 1672 927 1736; x_wconf 85' lang='lat'>33</span> <span class='ocrx_word' id='word_1_123' title='bbox 950 1673 1009 1736; x_wconf 79' lang='grc' dir='ltr'>ἕνα</span> <span class='ocrx_word' id='word_1_124' title='bbox 1036 1679 1120 1755; x_wconf 81' lang='grc' dir='ltr'>τρεῖς</span> <span class='ocrx_word' id='word_1_125' title='bbox 1143 1697 1201 1758; x_wconf 89' lang='lat' dir='ltr'>pro</span> <span class='ocrx_word' id='word_1_126' title='bbox 1224 1677 1259 1740; x_wconf 84' lang='grc' dir='ltr'>ἓν</span> 
     </span>
     <span class='ocr_line' id='line_1_14' title="bbox 116 1779 1256 1865; baseline -0.001 -15"><span class='ocrx_word' id='word_1_127' title='bbox 116 1785 148 1850; x_wconf 83' lang='grc' dir='ltr'>αἱ</span> <span class='ocrx_word' id='word_1_128' title='bbox 170 1787 261 1863; x_wconf 87' lang='grc' dir='ltr'>τρεῖς.</span> <span class='ocrx_word' id='word_1_129' title='bbox 296 1780 389 1845; x_wconf 89' lang='lat' dir='ltr'>Vnde</span> <span class='ocrx_word' id='word_1_130' title='bbox 411 1780 471 1844; x_wconf 94' lang='lat' dir='ltr'>hoc</span> <span class='ocrx_word' id='word_1_131' title='bbox 488 1782 573 1844; x_wconf 85' lang='lat' dir='ltr'>certe</span> <span class='ocrx_word' id='word_1_132' title='bbox 588 1779 798 1865; x_wconf 71' lang='lat' dir='ltr'>intellegitcu,</span> <span class='ocrx_word' id='word_1_133' title='bbox 822 1781 948 1845; x_wconf 91' lang='lat' dir='ltr'>saeculo</span> <span class='ocrx_word' id='word_1_134' title='bbox 970 1780 1147 1848; x_wconf 85' lang='lat' dir='ltr'>Xineunto</span> <span class='ocrx_word' id='word_1_135' title='bbox 1161 1784 1256 1849; x_wconf 87' lang='lat' dir='ltr'>fidem</span> 
     </span>
     <span class='ocr_line' id='line_1_15' title="bbox 116 1889 1260 1978; baseline 0 -19"><span class='ocrx_word' id='word_1_136' title='bbox 116 1891 346 1978; x_wconf 83' lang='lat' dir='ltr'>exemplarium</span> <span class='ocrx_word' id='word_1_137' title='bbox 360 1889 631 1974; x_wconf 84' lang='lat' dir='ltr'>Dionysianorum</span> <span class='ocrx_word' id='word_1_138' title='bbox 646 1889 681 1954; x_wconf 93' lang='lat' dir='ltr'>in</span> <span class='ocrx_word' id='word_1_139' title='bbox 696 1911 734 1955; x_wconf 88' lang='lat' dir='ltr'>ca</span> <span class='ocrx_word' id='word_1_140' title='bbox 753 1891 956 1975; x_wconf 85' lang='lat' dir='ltr'>potissimum</span> <span class='ocrx_word' id='word_1_141' title='bbox 978 1894 1163 1959; x_wconf 85' lang='lat' dir='ltr'>recensione</span> <span class='ocrx_word' id='word_1_142' title='bbox 1186 1917 1260 1959; x_wconf 87' lang='lat' dir='ltr'>con·</span> 
     </span>
     <span class='ocr_line' id='line_1_16' title="bbox 118 2000 1262 2086; baseline -0.001 -17"><span class='ocrx_word' id='word_1_143' title='bbox 118 2004 239 2070; x_wconf 85' lang='lat' dir='ltr'>stitisse</span> <span class='ocrx_word' id='word_1_144' title='bbox 261 2023 357 2086; x_wconf 89' lang='lat' dir='ltr'>quam</span> <span class='ocrx_word' id='word_1_145' title='bbox 388 2002 610 2084; x_wconf 83' lang='lat' dir='ltr'>repraesentat</span> <span class='ocrx_word' id='word_1_146' title='bbox 631 2005 670 2064; x_wconf 89' lang='lat' dir='ltr'>B.</span> <span class='ocrx_word' id='word_1_147' title='bbox 686 2039 728 2051; x_wconf 88' lang='lat'><em>-</em></span> <span class='ocrx_word' id='word_1_148' title='bbox 749 2000 860 2086; x_wconf 81' lang='lat' dir='ltr'>Longe</span> <span class='ocrx_word' id='word_1_149' title='bbox 883 2006 991 2066; x_wconf 89' lang='lat' dir='ltr'>autem</span> <span class='ocrx_word' id='word_1_150' title='bbox 1012 2004 1154 2068; x_wconf 90' lang='lat' dir='ltr'>omnium</span> <span class='ocrx_word' id='word_1_151' title='bbox 1175 2003 1262 2068; x_wconf 91' lang='lat' dir='ltr'>lucu-</span> 
     </span>
     <span class='ocr_line' id='line_1_17' title="bbox 116 2109 1259 2198; baseline -0.001 -19"><span class='ocrx_word' id='word_1_152' title='bbox 116 2112 330 2179; x_wconf 88' lang='lat' dir='ltr'>lentissimum</span> <span class='ocrx_word' id='word_1_153' title='bbox 352 2110 576 2175; x_wconf 76' lang='lat' dir='ltr'>documentum</span> <span class='ocrx_word' id='word_1_154' title='bbox 591 2109 667 2174; x_wconf 91' lang='lat' dir='ltr'>licet</span> <span class='ocrx_word' id='word_1_155' title='bbox 689 2132 706 2174; x_wconf 92' lang='lat' dir='ltr'>e</span> <span class='ocrx_word' id='word_1_156' title='bbox 730 2110 904 2196; x_wconf 84' lang='lat' dir='ltr'>Georgio</span> <span class='ocrx_word' id='word_1_157' title='bbox 926 2111 1118 2196; x_wconf 83' lang='lat' dir='ltr'>Syncello</span> <span class='ocrx_word' id='word_1_158' title='bbox 1140 2117 1259 2198; x_wconf 83' lang='lat' dir='ltr'>petere.</span> 
     </span>
     <span class='ocr_line' id='line_1_18' title="bbox 113 2220 1262 2307; baseline -0.001 -17"><span class='ocrx_word' id='word_1_159' title='bbox 113 2223 249 2290; x_wconf 85' lang='lat' dir='ltr'>Etenim</span> <span class='ocrx_word' id='word_1_160' title='bbox 269 2221 365 2286; x_wconf 91' lang='lat' dir='ltr'>Dion.</span> <span class='ocrx_word' id='word_1_161' title='bbox 388 2220 420 2304; x_wconf 85' lang='grc' dir='ltr'>Ι,</span> <span class='ocrx_word' id='word_1_162' title='bbox 445 2221 486 2285; x_wconf 80' lang='grc'>72</span> <span class='ocrx_word' id='word_1_163' title='bbox 509 2242 580 2285; x_wconf 91' lang='lat' dir='ltr'>cum</span> <span class='ocrx_word' id='word_1_164' title='bbox 603 2242 642 2284; x_wconf 84' lang='lat' dir='ltr'>ex</span> <span class='ocrx_word' id='word_1_165' title='bbox 664 2225 772 2285; x_wconf 81' lang='lat' dir='ltr'><em>ACDP</em></span> <span class='ocrx_word' id='word_1_166' title='bbox 795 2222 875 2286; x_wconf 86' lang='lat' dir='ltr'>hacc</span> <span class='ocrx_word' id='word_1_167' title='bbox 902 2223 1092 2307; x_wconf 74' lang='lat' dir='ltr'>vulgentur:</span> <span class='ocrx_word' id='word_1_168' title='bbox 1127 2224 1262 2289; x_wconf 85' lang='grc' dir='ltr'>Καλλίας</span> 
     </span>
     <span class='ocr_line' id='line_1_19' title="bbox 115 2331 1262 2417; baseline -0.002 -17"><span class='ocrx_word' id='word_1_169' title='bbox 115 2337 154 2400; x_wconf 80' lang='grc' dir='ltr'>δὲ</span> <span class='ocrx_word' id='word_1_170' title='bbox 168 2335 187 2399; x_wconf 88' lang='grc' dir='ltr'>ὁ</span> <span class='ocrx_word' id='word_1_171' title='bbox 202 2334 260 2399; x_wconf 86' lang='grc' dir='ltr'>τὰς</span> <span class='ocrx_word' id='word_1_172' title='bbox 274 2331 504 2410; x_wconf 79' lang='grc' dir='ltr'>Ἀγαθοκλέους</span> <span class='ocrx_word' id='word_1_173' title='bbox 519 2331 648 2412; x_wconf 82' lang='grc' dir='ltr'>πράξεις</span> <span class='ocrx_word' id='word_1_174' title='bbox 662 2331 868 2413; x_wconf 86' lang='grc' dir='ltr'>ἀναγράψας,</span> <span class='ocrx_word' id='word_1_175' title='bbox 891 2334 1015 2414; x_wconf 84' lang='grc' dir='ltr'>Ῥώμην</span> <span class='ocrx_word' id='word_1_176' title='bbox 1033 2335 1106 2401; x_wconf 87' lang='grc' dir='ltr'>τινὰ</span> <span class='ocrx_word' id='word_1_177' title='bbox 1123 2335 1262 2417; x_wconf 83' lang='grc' dir='ltr'>Τρῳάδα</span> 
     </span>
     <span class='ocr_line' id='line_1_20' title="bbox 114 2440 1261 2524; baseline 0 -15"><span class='ocrx_word' id='word_1_178' title='bbox 114 2449 184 2509; x_wconf 87' lang='grc' dir='ltr'>τῶν</span> <span class='ocrx_word' id='word_1_179' title='bbox 206 2443 455 2523; x_wconf 87' lang='grc' dir='ltr'>ἀφικνουμένων</span> <span class='ocrx_word' id='word_1_180' title='bbox 477 2440 541 2521; x_wconf 78' lang='grc' dir='ltr'>ἅμα</span> <span class='ocrx_word' id='word_1_181' title='bbox 568 2445 636 2512; x_wconf 87' lang='grc' dir='ltr'>τοῖς</span> <span class='ocrx_word' id='word_1_182' title='bbox 658 2442 768 2507; x_wconf 84' lang='grc' dir='ltr'>ἄλλοις</span> <span class='ocrx_word' id='word_1_183' title='bbox 790 2443 913 2523; x_wconf 89' lang='grc' dir='ltr'>Τρωςὶν</span> <span class='ocrx_word' id='word_1_184' title='bbox 942 2443 985 2509; x_wconf 87' lang='grc' dir='ltr'>εἰς</span> <span class='ocrx_word' id='word_1_185' title='bbox 1009 2445 1139 2509; x_wconf 78' lang='grc' dir='ltr'>Ἰταλίαν</span> <span class='ocrx_word' id='word_1_186' title='bbox 1162 2445 1261 2524; x_wconf 90' lang='grc' dir='ltr'>γήμα-</span> 
     </span>
     <span class='ocr_line' id='line_1_21' title="bbox 115 2553 1261 2638; baseline -0.001 -19"><span class='ocrx_word' id='word_1_187' title='bbox 115 2560 187 2619; x_wconf 85' lang='grc' dir='ltr'>ςθαι</span> <span class='ocrx_word' id='word_1_188' title='bbox 214 2553 339 2638; x_wconf 86' lang='grc' dir='ltr'>Λατίνῳ</span> <span class='ocrx_word' id='word_1_189' title='bbox 366 2557 412 2636; x_wconf 86' lang='grc' dir='ltr'>τῷ</span> <span class='ocrx_word' id='word_1_190' title='bbox 441 2555 558 2632; x_wconf 91' lang='grc' dir='ltr'>βαςιλεῖ</span> <span class='ocrx_word' id='word_1_191' title='bbox 589 2557 656 2619; x_wconf 87' lang='grc' dir='ltr'>τῶν</span> <span class='ocrx_word' id='word_1_192' title='bbox 685 2554 890 2633; x_wconf 87' lang='grc' dir='ltr'>Ἀβοριγίνων</span> <span class='ocrx_word' id='word_1_193' title='bbox 924 2555 974 2619; x_wconf 87' lang='grc' dir='ltr'>καὶ</span> <span class='ocrx_word' id='word_1_194' title='bbox 1005 2559 1155 2633; x_wconf 87' lang='grc' dir='ltr'>γεννῆται</span> <span class='ocrx_word' id='word_1_195' title='bbox 1189 2555 1261 2619; x_wconf 81' lang='grc' dir='ltr'>δύο</span> 
     </span>
     <span class='ocr_line' id='line_1_22' title="bbox 115 2663 1261 2742; baseline -0.001 -13"><span class='ocrx_word' id='word_1_196' title='bbox 115 2666 261 2729; x_wconf 80' lang='grc' dir='ltr'>παῖδας</span> <span class='ocrx_word' id='word_1_197' title='bbox 288 2664 434 2742; x_wconf 88' lang='grc' dir='ltr'>Ῥῶμον</span> <span class='ocrx_word' id='word_1_198' title='bbox 462 2664 523 2727; x_wconf 87' lang='grc' dir='ltr'>καὶ</span> <span class='ocrx_word' id='word_1_199' title='bbox 550 2664 761 2742; x_wconf 81' lang='grc' dir='ltr'>Ῥωμύλον·</span> <span class='ocrx_word' id='word_1_200' title='bbox 798 2663 975 2730; x_wconf 89' lang='grc' dir='ltr'>οἰκίςαντας</span> <span class='ocrx_word' id='word_1_201' title='bbox 1003 2668 1038 2730; x_wconf 80' lang='grc' dir='ltr'>δὲ</span> <span class='ocrx_word' id='word_1_202' title='bbox 1066 2666 1161 2730; x_wconf 89' lang='grc' dir='ltr'>πόλιν</span> <span class='ocrx_word' id='word_1_203' title='bbox 1196 2665 1261 2729; x_wconf 87' lang='grc' dir='ltr'>ἀπὸ</span> 
     </span>
     <span class='ocr_line' id='line_1_23' title="bbox 114 2772 1261 2864; baseline -0.002 -25"><span class='ocrx_word' id='word_1_204' title='bbox 114 2779 174 2853; x_wconf 84' lang='grc' dir='ltr'>τῆς</span> <span class='ocrx_word' id='word_1_205' title='bbox 195 2774 312 2854; x_wconf 86' lang='grc' dir='ltr'>μητρὸς</span> <span class='ocrx_word' id='word_1_206' title='bbox 333 2772 413 2856; x_wconf 86' lang='grc' dir='ltr'>αὐτῇ</span> <span class='ocrx_word' id='word_1_207' title='bbox 429 2774 535 2837; x_wconf 92' lang='grc' dir='ltr'>θέςθαι</span> <span class='ocrx_word' id='word_1_208' title='bbox 556 2772 714 2852; x_wconf 70' lang='grc' dir='ltr'>τοῦνομα</span> <span class='ocrx_word' id='word_1_209' title='bbox 737 2772 808 2857; x_wconf 90' lang='lat' dir='ltr'>quis</span> <span class='ocrx_word' id='word_1_210' title='bbox 830 2795 947 2858; x_wconf 84' lang='lat' dir='ltr'>quaeso</span> <span class='ocrx_word' id='word_1_211' title='bbox 970 2774 1008 2864; x_wconf 86' lang='lat' dir='ltr'>de</span> <span class='ocrx_word' id='word_1_212' title='bbox 1023 2775 1140 2839; x_wconf 87' lang='lat' dir='ltr'>lacuna</span> <span class='ocrx_word' id='word_1_213' title='bbox 1161 2775 1261 2857; x_wconf 90' lang='lat' dir='ltr'>suspi-</span> 
     </span>
     <span class='ocr_line' id='line_1_24' title="bbox 116 2882 1259 2967; baseline -0.001 -20"><span class='ocrx_word' id='word_1_214' title='bbox 116 2883 232 2948; x_wconf 76' lang='lat' dir='ltr'>cetur?</span> <span class='ocrx_word' id='word_1_215' title='bbox 274 2882 318 2946; x_wconf 86' lang='lat' dir='ltr'>Et</span> <span class='ocrx_word' id='word_1_216' title='bbox 343 2885 453 2946; x_wconf 87' lang='lat' dir='ltr'>tamen</span> <span class='ocrx_word' id='word_1_217' title='bbox 480 2882 560 2946; x_wconf 89' lang='lat' dir='ltr'>haec</span> <span class='ocrx_word' id='word_1_218' title='bbox 592 2904 659 2946; x_wconf 92' lang='lat' dir='ltr'>non</span> <span class='ocrx_word' id='word_1_219' title='bbox 690 2887 819 2948; x_wconf 86' lang='lat' dir='ltr'>tautum</span> <span class='ocrx_word' id='word_1_220' title='bbox 851 2884 994 2967; x_wconf 84' lang='lat' dir='ltr'>graviter</span> <span class='ocrx_word' id='word_1_221' title='bbox 1024 2883 1147 2948; x_wconf 85' lang='lat' dir='ltr'>afflicta</span> <span class='ocrx_word' id='word_1_222' title='bbox 1174 2887 1259 2966; x_wconf 80' lang='lat' dir='ltr'>sunt,</span> 
     </span>
     <span class='ocr_line' id='line_1_25' title="bbox 115 2975 1260 3078; baseline -0.003 -20"><span class='ocrx_word' id='word_1_223' title='bbox 115 2993 293 3058; x_wconf 84' lang='lat' dir='ltr'>sedetiam</span> <span class='ocrx_word' id='word_1_224' title='bbox 315 2992 452 3077; x_wconf 82' lang='lat' dir='ltr'>vestigia</span> <span class='ocrx_word' id='word_1_225' title='bbox 479 2991 635 3075; x_wconf 84' lang='lat' dir='ltr'>pristinae</span> <span class='ocrx_word' id='word_1_226' title='bbox 661 2975 859 3078; x_wconf 73' lang='lat' dir='ltr'>integritatis</span> <span class='ocrx_word' id='word_1_227' title='bbox 887 2993 984 3058; x_wconf 89' lang='lat' dir='ltr'>solius</span> <span class='ocrx_word' id='word_1_228' title='bbox 1007 2998 1035 3056; x_wconf 88' lang='lat' dir='ltr'><em>B</em></span> <span class='ocrx_word' id='word_1_229' title='bbox 1060 2992 1260 3076; x_wconf 81' lang='lat' dir='ltr'>praestantia</span> 
     </span>
     <span class='ocr_line' id='line_1_26' title="bbox 116 3100 1260 3183; baseline -0.001 -16"><span class='ocrx_word' id='word_1_230' title='bbox 116 3106 317 3167; x_wconf 84' lang='lat' dir='ltr'>conservata.</span> <span class='ocrx_word' id='word_1_231' title='bbox 362 3102 416 3167; x_wconf 82' lang='lat' dir='ltr'>Sic</span> <span class='ocrx_word' id='word_1_232' title='bbox 439 3102 526 3166; x_wconf 88' lang='lat' dir='ltr'>enim</span> <span class='ocrx_word' id='word_1_233' title='bbox 546 3100 616 3166; x_wconf 92' lang='lat' dir='ltr'>hic:</span> <span class='ocrx_word' id='word_1_234' title='bbox 639 3103 689 3167; x_wconf 87' lang='grc' dir='ltr'>καὶ</span> <span class='ocrx_word' id='word_1_235' title='bbox 710 3109 860 3182; x_wconf 77' lang='grc' dir='ltr'>γεννῆται</span> <span class='ocrx_word' id='word_1_236' title='bbox 881 3108 986 3183; x_wconf 91' lang='grc' dir='ltr'>τρεῖς</span> <span class='ocrx_word' id='word_1_237' title='bbox 1008 3106 1149 3168; x_wconf 83' lang='grc' dir='ltr'>παῖδας</span> <span class='ocrx_word' id='word_1_238' title='bbox 1171 3103 1260 3166; x_wconf 87' lang='grc' dir='ltr'>Ῥῶ-</span> 
     </span>
     <span class='ocr_line' id='line_1_27' title="bbox 115 3213 1261 3296; baseline -0.001 -18"><span class='ocrx_word' id='word_1_239' title='bbox 115 3234 192 3294; x_wconf 93' lang='grc' dir='ltr'>μον</span> <span class='ocrx_word' id='word_1_240' title='bbox 213 3214 272 3278; x_wconf 89' lang='grc' dir='ltr'>καί</span> <span class='ocrx_word' id='word_1_241' title='bbox 293 3213 493 3291; x_wconf 85' lang='grc' dir='ltr'>Ῥωμύλον</span> <span class='ocrx_word' id='word_1_242' title='bbox 521 3215 584 3278; x_wconf 88' lang='grc' dir='ltr'>καὶ</span> <span class='ocrx_word' id='word_1_243' title='bbox 612 3235 693 3276; x_wconf 91' lang='lat' dir='ltr'>cum</span> <span class='ocrx_word' id='word_1_244' title='bbox 722 3234 843 3276; x_wconf 89' lang='lat' dir='ltr'>vacuo</span> <span class='ocrx_word' id='word_1_245' title='bbox 872 3213 1004 3296; x_wconf 84' lang='lat' dir='ltr'>spatio</span> <span class='ocrx_word' id='word_1_246' title='bbox 1031 3213 1261 3277; x_wconf 89' lang='grc' dir='ltr'>οἰκίςαντας</span> 
     </span>
     <span class='ocr_line' id='line_1_28' title="bbox 115 3321 1260 3407; baseline -0.003 -19"><span class='ocrx_word' id='word_1_247' title='bbox 115 3326 161 3388; x_wconf 82' lang='grc' dir='ltr'>δὲ</span> <span class='ocrx_word' id='word_1_248' title='bbox 184 3344 211 3387; x_wconf 84' lang='grc' dir='ltr'>ο.</span> <span class='ocrx_word' id='word_1_249' title='bbox 235 3344 266 3405; x_wconf 88' lang='lat' dir='ltr'>q.</span> <span class='ocrx_word' id='word_1_250' title='bbox 289 3344 315 3385; x_wconf 85' lang='lat' dir='ltr'>s.</span> <span class='ocrx_word' id='word_1_251' title='bbox 365 3321 496 3407; x_wconf 82' lang='lat' dir='ltr'>Ergone</span> <span class='ocrx_word' id='word_1_252' title='bbox 528 3322 672 3386; x_wconf 83' lang='lat' dir='ltr'>diversae</span> <span class='ocrx_word' id='word_1_253' title='bbox 702 3322 872 3386; x_wconf 84' lang='lat' dir='ltr'>memoriae</span> <span class='ocrx_word' id='word_1_254' title='bbox 905 3322 1176 3406; x_wconf 86' lang='lat' dir='ltr'>significationem</span> <span class='ocrx_word' id='word_1_255' title='bbox 1209 3342 1260 3384; x_wconf 83' lang='lat' dir='ltr'>ex-</span> 
     </span>
     <span class='ocr_line' id='line_1_29' title="bbox 114 3432 1261 3516; baseline -0.001 -20"><span class='ocrx_word' id='word_1_256' title='bbox 114 3432 276 3497; x_wconf 85' lang='lat' dir='ltr'>trinsecus</span> <span class='ocrx_word' id='word_1_257' title='bbox 302 3432 467 3516; x_wconf 86' lang='lat' dir='ltr'>irrepsisse</span> <span class='ocrx_word' id='word_1_258' title='bbox 494 3432 530 3495; x_wconf 88' lang='lat' dir='ltr'>in</span> <span class='ocrx_word' id='word_1_259' title='bbox 557 3437 586 3495; x_wconf 88' lang='lat' dir='ltr'><em>B</em></span> <span class='ocrx_word' id='word_1_260' title='bbox 614 3432 796 3516; x_wconf 88' lang='lat' dir='ltr'>putabimus</span> <span class='ocrx_word' id='word_1_261' title='bbox 803 3483 812 3515; x_wconf 84' lang='lat'><strong><em>,</em></strong></span> <span class='ocrx_word' id='word_1_262' title='bbox 845 3455 888 3496; x_wconf 90' lang='lat' dir='ltr'>an</span> <span class='ocrx_word' id='word_1_263' title='bbox 920 3454 991 3495; x_wconf 88' lang='lat' dir='ltr'>eam</span> <span class='ocrx_word' id='word_1_264' title='bbox 1022 3432 1209 3496; x_wconf 86' lang='lat' dir='ltr'>memoriam</span> <span class='ocrx_word' id='word_1_265' title='bbox 1241 3454 1261 3494; x_wconf 85' lang='lat' dir='ltr'>a</span> 
     </span>
     <span class='ocr_line' id='line_1_30' title="bbox 114 3541 1261 3625; baseline -0.003 -18"><span class='ocrx_word' id='word_1_266' title='bbox 114 3541 274 3625; x_wconf 87' lang='lat' dir='ltr'>Dionysio</span> <span class='ocrx_word' id='word_1_267' title='bbox 295 3542 488 3625; x_wconf 84' lang='lat' dir='ltr'>profectam,</span> <span class='ocrx_word' id='word_1_268' title='bbox 517 3542 626 3606; x_wconf 87' lang='lat' dir='ltr'>fallaci</span> <span class='ocrx_word' id='word_1_269' title='bbox 649 3547 757 3608; x_wconf 86' lang='lat' dir='ltr'>autem</span> <span class='ocrx_word' id='word_1_270' title='bbox 784 3542 953 3607; x_wconf 89' lang='lat' dir='ltr'>sedulitate</span> <span class='ocrx_word' id='word_1_271' title='bbox 976 3542 1074 3606; x_wconf 89' lang='lat' dir='ltr'>ctiam</span> <span class='ocrx_word' id='word_1_272' title='bbox 1101 3542 1135 3604; x_wconf 89' lang='lat' dir='ltr'>in</span> <span class='ocrx_word' id='word_1_273' title='bbox 1158 3546 1185 3605; x_wconf 80' lang='grc'>,4</span> <span class='ocrx_word' id='word_1_274' title='bbox 1207 3541 1261 3605; x_wconf 90' lang='lat' dir='ltr'>ob-</span> 
     </span>
     <span class='ocr_line' id='line_1_31' title="bbox 113 3650 1259 3737; baseline -0.001 -21"><span class='ocrx_word' id='word_1_275' title='bbox 113 3650 320 3716; x_wconf 84' lang='lat' dir='ltr'>litteratam?</span> <span class='ocrx_word' id='word_1_276' title='bbox 382 3652 536 3717; x_wconf 84' lang='lat' dir='ltr'>Decernit</span> <span class='ocrx_word' id='word_1_277' title='bbox 572 3651 712 3736; x_wconf 81' lang='lat' dir='ltr'>Syncclli</span> <span class='ocrx_word' id='word_1_278' title='bbox 753 3652 988 3737; x_wconf 82' lang='lat' dir='ltr'>apertissimum</span> <span class='ocrx_word' id='word_1_279' title='bbox 1030 3651 1259 3732; x_wconf 84' lang='lat' dir='ltr'>testimonium,</span> 
     </span>
     <span class='ocr_line' id='line_1_32' title="bbox 114 3760 1261 3847; baseline -0.002 -21"><span class='ocrx_word' id='word_1_280' title='bbox 114 3761 285 3826; x_wconf 83' lang='lat' dir='ltr'>translatis</span> <span class='ocrx_word' id='word_1_281' title='bbox 300 3762 335 3825; x_wconf 90' lang='lat' dir='ltr'>in</span> <span class='ocrx_word' id='word_1_282' title='bbox 351 3760 649 3847; x_wconf 65' lang='lat' dir='ltr'>chronographiam</span> <span class='ocrx_word' id='word_1_283' title='bbox 664 3785 755 3826; x_wconf 87' lang='lat' dir='ltr'>suam</span> <span class='ocrx_word' id='word_1_284' title='bbox 768 3785 801 3846; x_wconf 88' lang='lat' dir='ltr'>p.</span> <span class='ocrx_word' id='word_1_285' title='bbox 819 3762 878 3827; x_wconf 85' lang='lat'>193</span> <span class='ocrx_word' id='word_1_286' title='bbox 890 3762 938 3827; x_wconf 85' lang='lat' dir='ltr'>ed.</span> <span class='ocrx_word' id='word_1_287' title='bbox 955 3762 1029 3826; x_wconf 90' lang='lat' dir='ltr'>Par.</span> <span class='ocrx_word' id='word_1_288' title='bbox 1042 3762 1103 3825; x_wconf 81' lang='lat' dir='ltr'>vol.</span> <span class='ocrx_word' id='word_1_289' title='bbox 1120 3761 1136 3824; x_wconf 89' lang='lat' dir='ltr'>I</span> <span class='ocrx_word' id='word_1_290' title='bbox 1150 3785 1182 3844; x_wconf 93' lang='lat' dir='ltr'>p.</span> <span class='ocrx_word' id='word_1_291' title='bbox 1199 3762 1261 3824; x_wconf 86' lang='grc'>363</span> 
     </span>
    </p>
   </div>
   <div class='ocr_carea' id='block_1_3' title="bbox 109 4040 1262 4393">
    <p class='ocr_par' dir='ltr' id='par_1_3' title="bbox 109 4040 1262 4393">
     <span class='ocr_line' id='line_1_33' title="bbox 112 4040 1262 4109; baseline -0.005 -11"><span class='ocrx_word' id='word_1_292' title='bbox 112 4040 207 4098; x_wconf 76' lang='lat' dir='ltr'>Gaias.</span> <span class='ocrx_word' id='word_1_293' title='bbox 224 4040 368 4109; x_wconf 77' lang='lat' dir='ltr'>legrmtur:</span> <span class='ocrx_word' id='word_1_294' title='bbox 393 4043 438 4094; x_wconf 85' lang='grc' dir='ltr'>καί</span> <span class='ocrx_word' id='word_1_295' title='bbox 460 4040 488 4094; x_wconf 83' lang='grc' dir='ltr'>τί</span> <span class='ocrx_word' id='word_1_296' title='bbox 510 4043 564 4108; x_wconf 82' lang='grc' dir='ltr'>γάρ</span> <span class='ocrx_word' id='word_1_297' title='bbox 584 4041 703 4109; x_wconf 83' lang='grc' dir='ltr'>Ἐφόρου</span> <span class='ocrx_word' id='word_1_298' title='bbox 721 4043 805 4106; x_wconf 83' lang='grc' dir='ltr'>ίδιον,</span> <span class='ocrx_word' id='word_1_299' title='bbox 829 4043 899 4108; x_wconf 78' lang='grc' dir='ltr'>ἔφη,</span> <span class='ocrx_word' id='word_1_300' title='bbox 923 4043 952 4094; x_wconf 91' lang='grc' dir='ltr'>ἐκ</span> <span class='ocrx_word' id='word_1_301' title='bbox 974 4047 1035 4094; x_wconf 91' lang='grc' dir='ltr'>τῶν</span> <span class='ocrx_word' id='word_1_302' title='bbox 1052 4041 1198 4106; x_wconf 83' lang='grc' dir='ltr'>Δαῖμάχου</span> <span class='ocrx_word' id='word_1_303' title='bbox 1217 4041 1262 4092; x_wconf 85' lang='grc' dir='ltr'>καί</span> 
     </span>
     <span class='ocr_line' id='line_1_34' title="bbox 112 4133 1260 4202; baseline -0.006 -10"><span class='ocrx_word' id='word_1_304' title='bbox 112 4136 320 4192; x_wconf 85' lang='grc' dir='ltr'>Καλλιςθένυυς</span> <span class='ocrx_word' id='word_1_305' title='bbox 342 4136 388 4187; x_wconf 80' lang='grc' dir='ltr'>καὶ</span> <span class='ocrx_word' id='word_1_306' title='bbox 412 4135 605 4199; x_wconf 74' lang='grc' dir='ltr'>Ἀναξιμένους</span> <span class='ocrx_word' id='word_1_307' title='bbox 627 4136 727 4188; x_wconf 87' lang='grc' dir='ltr'>αάταῑς</span> <span class='ocrx_word' id='word_1_308' title='bbox 755 4136 858 4190; x_wconf 83' lang='grc' dir='ltr'>λέξεςιν</span> <span class='ocrx_word' id='word_1_309' title='bbox 881 4136 955 4188; x_wconf 87' lang='grc' dir='ltr'>ἐςτιν</span> <span class='ocrx_word' id='word_1_310' title='bbox 977 4136 1026 4188; x_wconf 86' lang='grc' dir='ltr'>ὅτε</span> <span class='ocrx_word' id='word_1_311' title='bbox 1048 4153 1065 4188; x_wconf 93' lang='grc' dir='ltr'>τ</span> <span class='ocrx_word' id='word_1_312' title='bbox 1071 4133 1260 4202; x_wconf 81' lang='grc' dir='ltr'>ριςχιλῖους</span> 
     </span>
     <span class='ocr_line' id='line_1_35' title="bbox 109 4224 1262 4297; baseline -0.005 -11"><span class='ocrx_word' id='word_1_313' title='bbox 109 4232 221 4286; x_wconf 85' lang='grc' dir='ltr'>ὅλους</span> <span class='ocrx_word' id='word_1_314' title='bbox 245 4227 442 4292; x_wconf 85' lang='grc' dir='ltr'>μετατιθέντος</span> <span class='ocrx_word' id='word_1_315' title='bbox 465 4226 615 4292; x_wconf 83' lang='grc' dir='ltr'>ςτίχους;</span> <span class='ocrx_word' id='word_1_316' title='bbox 644 4245 678 4281; x_wconf 84' lang='lat' dir='ltr'>cx</span> <span class='ocrx_word' id='word_1_317' title='bbox 701 4227 741 4282; x_wconf 86' lang='lat' dir='ltr'>eis</span> <span class='ocrx_word' id='word_1_318' title='bbox 769 4243 872 4281; x_wconf 87' lang='lat' dir='ltr'>novum</span> <span class='ocrx_word' id='word_1_319' title='bbox 899 4228 1055 4297; x_wconf 84' lang='lat' dir='ltr'>exemplum</span> <span class='ocrx_word' id='word_1_320' title='bbox 1077 4226 1132 4280; x_wconf 84' lang='lat' dir='ltr'>illis</span> <span class='ocrx_word' id='word_1_321' title='bbox 1153 4224 1262 4281; x_wconf 84' lang='lat' dir='ltr'>accedit</span> 
     </span>
     <span class='ocr_line' id='line_1_36' title="bbox 109 4317 955 4393; baseline -0.002 -16"><span class='ocrx_word' id='word_1_322' title='bbox 109 4338 192 4393; x_wconf 85' lang='lat' dir='ltr'>quae</span> <span class='ocrx_word' id='word_1_323' title='bbox 210 4336 296 4389; x_wconf 87' lang='lat' dir='ltr'>supra</span> <span class='ocrx_word' id='word_1_324' title='bbox 313 4317 516 4390; x_wconf 79' lang='lat' dir='ltr'>composuimus</span> <span class='ocrx_word' id='word_1_325' title='bbox 533 4339 560 4391; x_wconf 90' lang='lat' dir='ltr'>p.</span> <span class='ocrx_word' id='word_1_326' title='bbox 581 4327 612 4375; x_wconf 74' lang='lat'>70</span> <span class='ocrx_word' id='word_1_327' title='bbox 631 4337 672 4388; x_wconf 90' lang='lat' dir='ltr'>sq.</span> <span class='ocrx_word' id='word_1_328' title='bbox 690 4319 770 4374; x_wconf 80' lang='lat' dir='ltr'>huius</span> <span class='ocrx_word' id='word_1_329' title='bbox 788 4319 955 4391; x_wconf 76' lang='lat' dir='ltr'>voluminis}</span> 
     </span>
    </p>
   </div>
   <div class='ocr_carea' id='block_1_4' title="bbox 0 0 1466 4996">
    <p class='ocr_par' dir='ltr' id='par_1_4' title="bbox 0 0 1466 4996">
     <span class='ocr_line' id='line_1_37' title="bbox 0 0 1466 4996; baseline 0 0"><span class='ocrx_word' id='word_1_330' title='bbox 0 0 1466 4996; x_wconf 95' lang='lat' dir='ltr'> </span> 
     </span>
    </p>
   </div>
  </div>
 </body>
</html>
