2904 4996
230 334 292 398 720
621 346 781 396 sosanna
805 346 978 393 carrione.

229 507 296 565 tum
319 502 401 583 scio,
430 500 483 585 qui
512 499 745 563 nominativum
773 498 953 562 absolutum
981 499 1044 561 sibi
1066 499 1127 562 visi
1156 501 1289 563 suntin
1312 501 1372 563 illis

228 613 384 695 reperire,
420 633 473 674 eos
500 632 614 694 parum
649 613 850 693 perspectam
884 608 1033 673 habuisse
1067 609 1188 673 istius
1217 611 1372 673 rationem

230 720 490 785 constructionis:
521 742 616 803 quam
639 720 789 803 qnoniam
813 740 900 782 nunc
922 741 988 783 non
1010 719 1087 783 licet
1109 719 1301 804 diligentius
1323 720 1373 783 de

229 831 332 913 finire,
356 853 420 894 uno
443 833 528 894 certe
552 830 712 913 exemplo,
736 828 811 913 quid
834 828 912 892 mihi
935 829 1041 910 velim,
1065 829 1251 893 declarabo.
1297 829 1374 893 Rec-

228 942 352 1005 tissime
381 941 467 1004 enim
495 961 529 1003 se
557 939 656 1003 habet
682 940 717 1002 in
740 924 977 1002 Eumenidibns
994 962 1023 1001 v.
1050 940 1111 1002 100
1133 945 1284 1005 παθοῦεα
1306 961 1375 1023 par-

229 1052 391 1135 ticipium,
421 1049 504 1134 quod
533 1050 592 1113 etsi
620 1044 717 1112 verbo
745 1049 837 1113 finito
861 1052 965 1131 earet,
993 1052 1103 1112 tamen
1127 1053 1160 1113 et
1183 1049 1226 1113 ad
1250 1054 1375 1113 antece

229 1161 339 1224 dentia
362 1159 524 1223 commode
547 1159 739 1241 adnectitur,
764 1159 931 1241 inquibus
953 1158 1037 1222 idem
1060 1159 1243 1223 subiectum
1265 1160 1374 1223 eodan

230 1275 278 1333 est
301 1293 377 1334 casu
398 1269 536 1353 positum
560 1268 668 1351 (ἔχω),
698 1273 730 1331 et
752 1268 793 1331 ad
816 1269 1058 1352 consequentia,
1089 1269 1206 1352 quibus
1237 1270 1377 1333 eiusdem

230 1380 365 1444 subiecti
388 1379 542 1462 cogitatio
565 1377 804 1462 redintegratur
826 1400 1018 1462 quamquam
1040 1378 1104 1441 alio
1128 1400 1207 1443 casu
1232 1380 1377 1463 usurpati

230 1491 329 1572 (μού).
360 1489 510 1573 Idemque
532 1489 567 1552 in
590 1487 755 1571 Sophoclis
777 1490 873 1552 verba
890 1489 976 1553 cadit
991 1488 1104 1571 Oedipi
1121 1488 1227 1573 Regis
1243 1490 1287 1553 60
1310 1493 1378 1574 (νο-

231 1605 311 1666 (εῑτε
333 1600 452 1665 πάντες
474 1600 524 1664 καὶ
546 1602 733 1677 νοεοῦντεε,
758 1599 802 1663 ὡ(
825 1600 910 1677 ἐγὼ,
931 1599 989 1664 οὐκ
1011 1598 1093 1663 {cuv
1117 1599 1211 1678 ὑμῶν
1236 1600 1323 1665 amc
1346 1602 1377 1667 ἐξ

231 1712 301 1775 troo
337 1712 436 1791 νοεεῖ)
468 1708 671 1792 Euripidisve
704 1706 874 1791 Hippolyti
901 1708 943 1772 23
977 1708 1030 1792 (τὰ
1062 1711 1170 1773 πολλὰ
1205 1714 1242 1775 δὲ
1276 1712 1375 1775 πάλαι

231 1820 427 1901 apocopae,
451 1819 492 1882 οὐ
514 1819 621 1883 πόνου
642 1821 769 1882 πολλοῦ
792 1838 829 1896 με
851 1820 920 1899 δεῖ).
953 1856 996 1867 -
1028 1817 1090 1881 Sed
1117 1818 1156 1881 de
1186 1818 1376 1903 Epicharmi

231 1952 323 1993 versu
345 1929 566 2011 praetermitto
589 1928 711 2010 reliqua
739 1928 921 1991 criticorum
944 1927 1131 2010 conamina,
1160 1950 1247 2012 quae
1279 1931 1377 1993 babes

232 2039 315 2123 apud
339 2038 495 2102 Thomam
526 2038 724 2101 Gataherum
747 2037 1010 2100 Adversariorum
1039 2038 1173 2101 miscell.
1206 2044 1294 2122 post.
1319 2040 1378 2122 (ed.

231 2149 435 2213 Traiectinae
454 2170 483 2210 a.
505 2147 599 2231 1698)
616 2168 685 2229 cap.
705 2147 744 2210 12
758 2169 790 2231 p.
807 2147 886 2228 516,
910 2147 979 2230 ipse
1002 2151 1108 2218 autem
1131 2152 1269 2232 propter
1291 2154 1378 2234 opta·

230 2261 333 2324 tivum
362 2258 499 2322 Axioohi
528 2257 689 2321 codicibus
713 2258 937 2341 consignatum
965 2259 1050 2320 hanc
1076 2257 1176 2320 fuisse
1206 2260 1379 2342 pristinam

231 2369 380 2434 versiculi
400 2369 538 2431 formam
562 2388 690 2430 censeo:

233 2508 253 2570 ἁ
275 2509 317 2571 δὲ
339 2507 423 2585 χεὶρ
445 2506 517 2570 τὰν
544 2507 658 2584 χεῖρα
681 2504 793 2570 viler·
815 2504 882 2568 boc
904 2524 939 2568 τι
961 2505 1030 2569 κᾶν
1052 2525 1086 2568 τι
1108 2506 1379 2588 λαμβάνοι(.*)

233 2658 354 2721 Eodem
382 2656 511 2720 artificii
534 2678 652 2741 genere
674 2655 815 2719 diversas
839 2655 921 2738 apud
945 2654 1177 2738 Euripidem
1202 2660 1380 2742 scripturas

233 2767 542 2831 Phoenissarum
557 2789 586 2830 v.
603 2766 665 2829 266
682 2766 860 2830 coniunctis
880 2765 993 2829 studiis
1008 2788 1069 2850 ego
1081 2757 1117 2829 'et
1133 2769 1261 2832 amicus
1278 2770 1380 2834 conei-

232 2879 379 2943 liavimus
396 2877 457 2940 hae
472 2878 613 2940 ratione:
638 2877 682 2942 εἰ(
697 2877 809 2954 ἀγῶνα
824 2878 919 2942 τόνδ’
935 2877 1075 2944 ἔνοπλος
1090 2877 1194 2962 ὁρμᾷ
1210 2884 1309 2945 παῖ(
1331 2902 1380 2960 με·

231 2992 373 3070 τὲρχεται
389 2988 519 3067 δόμους.
529 2987 578 3071 **)
607 2989 636 3052 τὶ
651 2991 757 3051 autem
772 3009 947 3071 pronomen
964 3009 1034 3051 cum
1050 2987 1128 3050 alibi
1152 3010 1254 3072 saepe
1277 2991 1380 3055 locum

181 3119 213 3167 ‘26
231 3098 383 3180 mutavit,
417 3101 486 3160 tum
508 3097 643 3160 Taetzae
672 3119 763 3160 versu
786 3097 967 3162 Chiliadum
989 3097 1037 3179 ll,
1062 3098 1122 3160 13ss
1152 3098 1201 3162 sic
1233 3106 1270 3163 ut
1293 3107 1381 3185 patet

231 3208 414 3274 scribendo:
442 3208 482 3286 ἦν
505 3210 653 3289 κεκυφὼ(
675 3209 852 3288 διάγραμμα
874 3210 1045 3289 μηχανικόν
1068 3230 1095 3272 τι
1117 3209 1273 3290 γράφων.

332 3381 430 3390 ,μψ-

298 3531 323 3598 *)
347 3529 457 3600 [Lenius
480 3532 509 3584 et
533 3532 657 3596 servato,
681 3529 727 3597 qui
746 3529 898 3584 servandus
921 3533 995 3597 erat,
1019 3530 1123 3584 aoristo
1149 3529 1381 3588 Schneidewinus

230 3622 348 3678 Exercit.
374 3624 432 3678 on‘t.
453 3641 513 3692 cap.
533 3622 598 3676 Vlll
621 3627 753 3691 (a.1837)
775 3641 803 3692 p.
823 3631 868 3679 50:
889 3626 945 3677 'boc
969 3641 995 3677 τι
1019 3625 1064 3677 καί
1087 3642 1112 3677 τι
1136 3627 1207 3680 hob<
1234 3630 1305 3693 λάβε
1331 3629 1381 3695 (rel

231 3719 302 3784 κᾷτα
321 3719 386 3771 δοὺς
404 3720 449 3785 l).
476 3715 529 3769 Sed
548 3715 720 3784 probabilius
745 3716 830 3769 etiarm
849 3717 1000 3770 Ahrensius
1018 3719 1114 3770 noster
1133 3717 1168 3770 de
1187 3719 1318 3775 dialecto
1337 3722 1381 3774 do·

230 3810 288 3862 rica
305 3827 333 3877 p.
352 3815 414 3862 456:
439 3811 487 3863 bdc
505 3826 531 3862 τι
550 3812 595 3862 καὶ
614 3810 707 3874 λάβοι(
726 3811 753 3863 τί
772 3827 815 3874 κο,
834 3815 900 3878 post
917 3809 944 3863 C.
965 3810 994 3863 F.
1015 3810 1210 3863 Hermannnm
1229 3813 1305 3867 Hist.
1325 3815 1381 3883 phi·

231 3904 279 3956 los.
294 3903 364 3956 Plat.
380 3903 431 3971 lp.
446 3908 503 3968 306,
523 3902 566 3954 cui
582 3903 647 3955 δού(
666 3920 691 3955 τι
711 3905 755 3955 καὶ
774 3903 868 3968 λάβοι(
886 3920 913 3956 τι
932 3904 966 3957 κά
985 3903 1043 3970 (sic)
1057 3903 1199 3970 placebat.
1228 3906 1271 3959 cf.
1286 3908 1319 3960 A.
1333 3909 1380 3962 Lo

229 3995 314 4047 ronzii
332 3995 367 4047 dc
384 3995 551 4063 Epicharmo
570 3995 671 4047 librum
689 3994 810 4048 Beroliui
829 4011 853 4048 a.
875 4000 939 4050 1864
959 3995 1064 4049 editum
1081 4013 1108 4063 p.
1129 4001 1195 4049 274:
1216 3998 1267 4051 ubi
1286 4003 1381 4053 tamen
1427 3978 1432 3990 ⁸

230 4104 293 4140 mea
311 4087 573 4140 Schneidewinianis
592 4086 761 4156 miscentur]

297 4181 336 4246 **)
362 4181 484 4247 [Partem
504 4180 560 4234 veri
578 4197 596 4233 a
612 4179 692 4233 nohis
710 4181 852 4235 inventam
870 4199 931 4235 osse
949 4185 978 4235 et
996 4181 1174 4234 Hermannus
1193 4187 1336 4239 concessit
1354 4189 1381 4240 et-

229 4271 369 4324 Nanclrius
388 4272 465 4325 Stud.
484 4273 577 4341 Eurip.
597 4274 608 4326 Ι
626 4291 652 4342 p.
668 4279 708 4340 71,
728 4291 896 4341 quamquam
915 4277 1031 4341 uterque
1049 4273 1183 4327 aliorsum
1203 4277 1329 4332 deducto
1347 4280 1380 4332 de

228 4363 315 4432 ipsius
333 4383 416 4418 mauu
434 4369 535 4434 poetae
556 4366 679 4435 iudicio]
