2896 4996
485 346 532 394 nu
555 344 625 393 ouo
648 344 693 434 ur
716 344 857 393 ourouu.
1177 327 1238 391 601

98 499 281 586 corrigendi
317 500 401 563 ratio
436 503 473 563 ut
505 499 610 583 specie
642 499 779 584 quadam
810 499 956 563 veritatis
991 497 1239 581 commendetur,

97 631 211 694 reapse
233 613 343 674 tamen
366 614 576 695 cognoscetur
599 614 630 674 et
651 632 774 674 summa
798 609 975 675 coniciendi
998 608 1128 672 levitate
1151 630 1241 673 exco-

98 722 204 806 gitata
227 724 258 784 et
281 744 354 786 vero
376 721 437 805 ipsi
459 721 588 785 ueritati
610 742 738 804 prorsus
767 721 938 784 contraria.
984 719 1127 783 Primum
1156 718 1242 782 enim

97 831 267 896 minimam
293 834 421 895 tantum
448 832 502 896 ille
530 835 655 915 partem
684 832 886 896 notationum
918 833 952 894 in
979 825 1076 894 istam
1103 829 1242 914 speciem

100 943 355 1026 conspirantium
377 943 468 1007 novit
490 943 635 1006 omnino:
659 942 787 1008 Orionis
809 963 927 1006 nomen
948 941 1100 1006 nimirum
1121 941 1241 1004 instau-
1294 1021 1297 1029 Ι

98 1074 171 1116 rare
193 1054 254 1117 sibi
277 1055 362 1118 visus
382 1058 431 1118 est
445 1053 572 1118 deciens
588 1053 788 1138 quinquiens,
806 1053 925 1136 debuit,
949 1053 976 1117 si
994 1052 1056 1117 sibi
1077 1053 1145 1136 ipse
1169 1073 1241 1116 con-

98 1167 186 1228 stare
202 1164 307 1247 vellet,
331 1165 458 1229 circiter
472 1164 697 1249 quadragiens.
735 1164 866 1228 Praeter
881 1167 939 1229 has
955 1164 1056 1247 enim,
1085 1185 1163 1248 quas
1186 1184 1242 1227 suo

99 1296 257 1358 quamque
279 1276 350 1340 loco
370 1276 524 1340 tractavit
546 1276 652 1340 adnot.
675 1276 710 1339 in
732 1275 894 1359 Orionem,
918 1275 971 1339 Et.
996 1274 1040 1338 M.
1064 1297 1095 1358 p.
1113 1274 1164 1356 64,
1187 1273 1240 1338 38.

99 1384 152 1468 91,
176 1385 228 1450 28.
253 1385 305 1469 97,
328 1386 380 1450 42.
403 1387 477 1470 408,
501 1387 550 1451 32.
579 1387 653 1464 479,
675 1387 727 1451 30.
757 1387 829 1469 611,
856 1388 883 1450 1.
913 1385 985 1468 619,
1009 1385 1060 1450 28.
1093 1385 1165 1466 704,
1188 1383 1293 1451 3068

100 1495 175 1575 709,
199 1495 251 1558 28.
277 1496 348 1578 719,
372 1498 424 1562 33.
449 1498 521 1580 723,
545 1497 596 1562 54.
622 1497 694 1580 724,
717 1497 769 1562 59.
794 1497 867 1578 757,
890 1498 917 1559 1.
942 1495 1082 1574 811,14.
1106 1495 1178 1577 823,
1200 1493 1243 1557 40

100 1605 242 1685 (diversa
265 1606 349 1669 enim
371 1607 454 1679 ratio
477 1611 526 1671 est
552 1630 583 1691 p.
608 1607 687 1690 683,
710 1607 765 1693 35)
792 1606 968 1670 tentandae
990 1605 1159 1670 Larchero.
1175 1606 1242 1669 fue-

98 1719 176 1778 rant
200 1719 232 1778 et
259 1717 294 1779 in
320 1717 448 1781 illarum
475 1718 663 1782 societatem
685 1717 888 1782 asciscendae
915 1718 1029 1781 haece:
1058 1740 1089 1801 p.
1114 1717 1165 1799 87,
1192 1716 1240 1780 15.

99 1826 152 1890 20.
176 1826 251 1909 452,
279 1827 327 1890 17.
357 1829 430 1911 535,
454 1829 484 1892 0.
513 1829 586 1911 583,
611 1829 662 1893 50.
687 1828 759 1912 618,
782 1829 814 1893 5.
843 1827 916 1910 621,
939 1827 991 1891 46.
1015 1827 1088 1910 624,
1111 1826 1141 1889 2.
1168 1825 1241 1908 625,
1288 1840 1293 1843 ·

98 1936 152 1998 26.
177 1935 255 2014 626,
277 1937 329 2002 57.
353 1938 431 2020 630,
458 1939 507 2004 18.
538 1938 616 2021 685,
640 1939 692 2004 57.
720 1939 797 2020 696,
822 1939 873 2002 31.
903 1937 981 2015 706,
1008 1937 1056 2000 14.
1087 1937 1162 2019 711,
1188 1937 1241 2001 55.

103 2047 176 2126 718,
203 2047 252 2110 18.
278 2047 349 2130 725,
373 2048 422 2112 21.
447 2049 519 2131 728,
546 2048 594 2112 16.
619 2048 691 2130 738,
715 2049 745 2113 6.
771 2048 842 2131 780,
859 2049 910 2112 32.
936 2047 1008 2130 780,
1024 2047 1076 2110 40.
1100 2047 1173 2129 789,
1189 2046 1241 2110 20.

99 2156 174 2236 793,
202 2157 250 2220 17.
296 2156 419 2222 Deinde
449 2162 556 2223 autem
584 2159 619 2222 in
648 2163 780 2243 utroque
808 2179 926 2244 genere
955 2157 1170 2243 exemplorum
1197 2158 1242 2218 te-

98 2286 187 2330 mere
210 2288 282 2330 cum
303 2270 499 2333 tentatorum
527 2274 596 2333 tum
622 2269 916 2352 praetermissorum
938 2290 1005 2332 non
1027 2268 1159 2352 exiguus
1185 2289 1242 2329 nu-

98 2398 206 2441 merus
234 2380 284 2441 est
311 2378 512 2442 notationum
542 2403 612 2445 cum
635 2380 783 2444 Orioneis
811 2401 1038 2464 congruarum,
1073 2377 1243 2461 inquibus

101 2508 173 2551 cum
201 2509 279 2551 sane
307 2488 556 2574 Sylburgianum
583 2490 841 2575 Etymologicum
868 2490 967 2571 Ὧρος
995 2489 1145 2554 exhibeat
1170 2488 1243 2552 sim-

99 2597 244 2681 pliciter,
274 2602 386 2663 contra
413 2600 448 2663 in
470 2599 626 2665 Parisinis
648 2601 754 2684 libris,
784 2601 921 2665 maxime
945 2603 1051 2664 autem
1079 2598 1161 2683 apud
1187 2597 1243 2662 Zo-

99 2729 216 2771 naram
239 2709 333 2792 plene
355 2711 510 2794 scripturn
532 2714 635 2775 exstet
656 2712 755 2792 Ὦρος
778 2711 797 2776 ὁ
822 2713 980 2790 Μιλήειοε.
1024 2709 1120 2794 Apud
1142 2709 1243 2772 Zona·

99 2839 171 2881 ram
194 2818 320 2902 quidem
341 2820 376 2884 in
399 2820 464 2885 his:
486 2821 555 2901 cmc
577 2821 631 2885 Et.
655 2821 699 2886 M.
724 2845 755 2906 p.
779 2822 857 2904 479,
887 2823 966 2901 μήλη
989 2820 1052 2885 583
1080 2819 1149 2904 (ubi
1172 2841 1244 2882 cum

99 2927 158 2992 illo
182 2931 342 2994 consentit
363 2929 528 2995 Parisinus
550 2955 583 2997 n.
607 2933 700 3018 346),
724 2934 850 3012 πυθμήν
873 2932 951 3015 696,
976 2932 1064 3012 ῥινός
1087 2929 1166 3012 704,
1190 2951 1243 3007 τη·-

100 3039 154 3103 Mo
177 3039 250 3123 757,
274 3041 398 3121 φθόνος
422 3042 484 3108 793
491 3093 500 3125 ,
524 3043 635 3122 docco
658 3043 730 3108 823.
775 3040 895 3117 Quibus
918 3041 998 3105 adde
1020 3043 1170 3125 quattuor
1191 3061 1243 3103 vo-⁴

101 3170 155 3213 ces
178 3151 262 3233 apud
290 3152 392 3216 solum
414 3153 572 3217 Zonaram
593 3154 767 3217 instructas
794 3153 895 3232 Ὦρος
921 3152 940 3217 ὁ
964 3153 1114 3231 Μιλήειο(
1142 3149 1243 3213 nomi·

98 3259 212 3343 61666,
247 3262 348 3343 ἧπαρ,
381 3263 457 3347 ἰωή,
491 3265 628 3347 καρπός,
664 3265 810 3344 (reperit,
848 3263 924 3326 item
963 3282 1019 3326 eas
1052 3282 1090 3324 ex
1124 3242 1262 3325 Orione=

99 3371 244 3434 haustas.
290 3372 345 3436 An
367 3373 402 3437 in
423 3374 541 3438 talibus
564 3396 687 3459 quoque
716 3373 832 3454 Ὠρίων
855 3394 973 3437 nomen
1000 3373 1107 3457 placet
1129 3370 1243 3436 substi-

97 3480 215 3545 tuere?
258 3481 365 3557 Quid?
392 3485 474 3569 quod
503 3485 659 3569 quaedam
686 3485 732 3548 ita
767 3487 950 3567 comparata
983 3487 1059 3548 sunt
1086 3483 1241 3567 exempla,

97 3592 194 3656 utin
217 3615 339 3657 summa
363 3617 434 3658 cum
457 3596 576 3661 Orione
599 3596 823 3660 convenientia
844 3595 937 3659 huius
965 3596 1042 3659 item
1069 3614 1186 3657 nomen
1208 3594 1244 3657 in

96 3723 165 3767 uno
194 3703 333 3768 alterove
366 3706 447 3769 libro
476 3713 645 3790 appareat,
678 3707 779 3770 nihilo
804 3710 920 3797 autem
952 3706 1057 3769 minus
1090 3704 1125 3767 in
1157 3703 1242 3767 illius

96 3815 206 3877 locum
229 3815 310 3880 Orus
333 3816 538 3880 sufficiendus
560 3818 603 3881 sit
625 3839 642 3881 e
663 3817 856 3881 melioribus.
902 3815 999 3880 Velut
1020 3817 1056 3880 in
1076 3813 1130 3879 Et.
1150 3814 1193 3878 M.
1211 3837 1240 3878 v.

95 3926 180 3991 ἕδνα
202 3948 234 4009 p.
258 3927 332 4008 316,
355 3927 396 3991 43
419 3927 569 4012 vulgatur
591 3928 723 4008 Ὠρίων,
750 3927 849 4007 Ὠρο(
872 3927 891 3992 ὁ
915 3930 1066 4007 Μιλήειοε
1088 3947 1243 4009 reponen-

95 4035 178 4099 dum
200 4039 248 4099 est
271 4059 288 4100 6
310 4036 458 4102 Parisino
480 4061 513 4101 6.
537 4039 600 4104 346
623 4041 655 4102 et
677 4037 802 4102 Zonara
829 4061 861 4122 p.
885 4039 957 4103 612.
996 4037 1083 4102 Voce
1105 4037 1243 4117 κακκάβη

94 4145 187 4211 idern
203 4146 282 4211 illud
299 4148 419 4232 legitur
434 4148 470 4212 in
487 4147 569 4213 Gud.
586 4172 618 4233 p.
635 4149 709 4232 293,
726 4151 748 4213 5
765 4148 1042 4235 Etymologicique
1058 4149 1103 4213 M.
1119 4170 1152 4232 p.
1168 4148 1242 4231 485,

90 4259 120 4323 4
143 4255 291 4322 Parisino
313 4281 346 4322 n.
367 4260 451 4325 2636
474 4259 608 4344 (Adnot.
639 4283 670 4344 p.
693 4259 756 4324 906
778 4262 857 4324 extr.
886 4263 919 4325 et
940 4261 1024 4346 apud
1049 4260 1244 4324 Larcherum

90 4370 136 4434 in
159 4366 223 4450 Or.
239 4390 271 4453 p.
289 4369 355 4456 88),
379 4369 451 4433 hoc
474 4370 604 4434 affertur
626 4391 643 4432 e
664 4368 820 4436 Parisinis
843 4395 875 4436 6.
892 4373 955 4437 346
978 4374 1010 4437 et
1031 4371 1130 4456 26383
1152 4371 1243 4435 item-
