2896 4996
214 341 277 406 648
519 357 521 364 ·
599 356 645 402 nu
668 355 738 402 ono
761 356 806 401 nr
829 354 973 402 oaroun.

215 512 341 595 prolata
365 510 404 572 ad
420 509 597 593 Thamyrin
620 510 751 573 minime
769 512 934 592 spectant:
958 513 993 572 ut
1007 512 1211 589 Ἡρωδιανὸ(
1226 511 1262 574 in
1277 511 1364 574 illius
1418 588 1426 603 ι

215 624 320 686 locum
343 620 544 684 substituerit
565 621 729 684 Osamrus:
753 619 893 701 tametsi,
917 620 999 703 quod
1021 621 1055 684 in
1079 620 1214 684 Homeri
1238 643 1364 685 versum

216 733 278 797 593
302 731 505 795 Herodianus
529 733 762 794 commentatus
785 733 843 811 est,
871 752 931 794 nec
953 731 1018 794 ullo
1039 730 1134 794 modo
1157 732 1303 815 pertinet
1324 732 1363 795 ad

216 866 246 906 ν.
271 842 335 906 594
357 863 417 904 nec
440 841 480 904 ad
504 842 581 904 illud
604 840 642 904 de
665 842 785 923 Δωτίῳ
813 841 1049 922 testimonium,
1079 841 1163 925 quod
1186 864 1228 905 ex
1251 846 1365 906 octavo

216 958 284 1032 τῆ(
305 953 478 1016 καθόλου
501 951 671 1034 profertur.
706 951 876 1015 Praeterea
891 973 953 1034 quo
976 952 1068 1015 modo
1091 951 1283 1034 Herodiani‚
1309 954 1365 1019 Ori

217 1065 379 1148 ipsiusque
395 1062 552 1145 Stephani
567 1062 665 1126 verba
686 1062 824 1125 invicem
847 1062 932 1125 inter
954 1083 987 1126 se
1010 1062 1287 1146 discriminentur,
1312 1085 1365 1127 ne-

218 1196 378 1259 quaquam
393 1174 440 1237 ita
460 1177 561 1256 patet,
585 1176 621 1235 ut
643 1195 707 1236 non
729 1173 865 1236 multum
887 1172 1006 1236 habeat
1021 1174 1272 1237 controversiae.
1305 1175 1365 1240 De

218 1286 314 1369 nique
330 1284 518 1367 quicumque
534 1282 587 1346 ille
603 1286 662 1364 est,
686 1283 740 1366 qui
757 1286 982 1349 cuvrdccerv
1000 1283 1128 1363 dicitur,
1146 1306 1215 1348 non
1230 1289 1367 1369 possunt

219 1397 348 1479 integra
372 1416 458 1474 esse,
483 1415 565 1477 quae
587 1393 626 1456 de
650 1395 823 1472 Χαλκηδών
847 1396 879 1456 et
909 1396 1082 1474 Καρχηδὼν
1105 1395 1364 1478 praecipiuntur.

219 1505 304 1569 Nam
326 1505 353 1567 si
376 1504 500 1568 diversa
523 1506 600 1567 sunt
621 1506 755 1584 Δώριον
779 1507 812 1568 et
833 1507 979 1569 Δώτιον;
1014 1505 1140 1568 diversa
1163 1509 1276 1570 autem
1299 1529 1368 1571 esse

220 1617 288 1700 ipso
316 1615 399 1681 Orus
427 1614 624 1699 significavit
656 1619 997 1694 uopicroposrvroc
1030 1615 1143 1678 verbo:
1181 1638 1247 1699 quo
1275 1617 1368 1680 modo

220 1728 340 1791 aliam
361 1726 417 1789 illa
439 1725 600 1789 rationem
621 1725 710 1809 sequi
733 1724 882 1789 dicantur
908 1728 1004 1808 atque
1028 1728 1206 1804 Χαλκηδών
1232 1731 1266 1790 et
1290 1729 1368 1807 Καρ-

221 1838 339 1918 χηδών,
362 1858 495 1920 quorum
518 1836 595 1899 item
617 1835 786 1899 diversitas
809 1835 986 1919 explicatur
1008 1834 1162 1919 proximis
1183 1839 1205 1915 ἡ
1226 1840 1285 1916 μὲν
1308 1840 1368 1917 γὰρ

221 1970 249 2012 e.
273 1970 304 2031 q.
328 1947 380 2010 s?
423 1947 512 2030 Ergo
534 1946 650 2030 igitur,
684 1946 760 2030 quia
788 1946 922 2010 eandem
949 1945 1054 2029 potius
1081 1951 1280 2030 sequuntur,
1316 1952 1370 2010 aut

222 2058 256 2122 in
279 2058 398 2137 ὁμοίω(
420 2059 545 2119 mutata
568 2057 613 2121 ώ(
636 2056 795 2139 particula
822 2057 869 2120 sic
891 2037 1038 2121 librarios
1061 2057 1204 2141 corrige:
1244 2059 1286 2122 οὐ
1309 2060 1369 2137 γὰρ

222 2169 344 2248 ὁμοίω(
375 2169 394 2248 ἡ
425 2169 599 2246 Καλχηδών
628 2170 677 2232 καὶ
714 2168 888 2247 Καρχηδών
917 2168 1033 2232 καὶτὰ
1066 2171 1201 2231 τοιαῦτα
1230 2170 1368 2244 λέγετακ

172 2287 205 2335 00
223 2279 341 2364 quippe
369 2300 427 2361 pro
456 2279 630 2357 Χαλκηδών
658 2281 802 2362 praestat
833 2279 1022 2357 Καλχηδών,
1056 2277 1211 2361 quoniam
1240 2279 1276 2342 in
1306 2302 1369 2343 uua

222 2392 367 2470 tantum,
396 2410 462 2451 non
485 2387 519 2451 in
541 2388 664 2451 duabus
686 2388 803 2451 litteris
826 2390 971 2451 versatur
993 2409 1074 2471 quae
1096 2388 1252 2471 deinceps
1276 2411 1369 2472 expo

223 2499 312 2562 nitur
334 2497 511 2582 scripturae
533 2497 716 2562 diversitas:
755 2500 811 2563 aut
838 2502 969 2582 propter
996 2498 1161 2562 nominum
1186 2499 1368 2563 similitudi-

225 2631 299 2672 nem
322 2608 441 2691 aliquid
465 2609 619 2672 excidisse
648 2612 728 2692 puta
756 2609 789 2671 in
812 2609 897 2673 hanc
919 2609 1073 2692 speciem:
1110 2610 1255 2688 οὐγὰρ,
1284 2611 1367 2687 oct

225 2721 400 2798 Χαλκηδών
428 2721 478 2783 καὶ
508 2721 699 2799 Καλχηδών,
727 2720 813 2784 οὕτω
842 2722 892 2783 καὶ
916 2720 1089 2799 Καλχηδών
1117 2720 1168 2783 καὶ
1192 2721 1368 2800 Καρχηδών

224 2832 274 2894 καὶ
296 2830 335 2894 τὰ
357 2834 490 2895 τοιαῦτα
511 2831 644 2907 λέγεται.
688 2829 739 2893 lta
761 2830 795 2893 in
817 2829 975 2912 prioribus
997 2851 1096 2893 unum
1117 2830 1220 2893 habes
1244 2853 1284 2894 ex
1308 2830 1367 2894 illis

225 2942 537 3021 διχογραφοιιμένοιτ
559 2941 795 3019 πρωτοτύποιτ,
819 2962 890 3004 cum
904 2939 1019 3024 quibus
1034 2942 1168 3019 Δώριον
1188 2944 1223 3004 et
1238 2943 1367 3006 Δώτιον

225 3052 344 3115 formas
360 3050 443 3115 Orus
466 3051 585 3114 dicitur
600 3052 791 3133 (υντάεεειν,
808 3051 839 3113 h.
858 3072 884 3114 e.
901 3073 968 3114 non
983 3072 1170 3133 comparare
1192 3057 1231 3114 ut
1251 3052 1368 3115 similes

225 3162 279 3225 sed
303 3182 493 3244 componere
515 3163 551 3223 ut
573 3160 724 3224 diversas.
756 3160 818 3226 Sed
834 3159 1015 3244 Stephanus
1030 3160 1158 3243 quidem
1180 3162 1244 3225 hoc
1266 3163 1369 3245 ipsum

225 3274 260 3336 ἐκ
287 3276 436 3351 περιττοῦ
464 3274 577 3334 notare
606 3272 706 3335 Omm
733 3270 854 3334 iudicat
881 3293 918 3335 ac
946 3293 988 3334 ne
1016 3292 1096 3353 opus
1118 3270 1251 3353 quidem
1273 3273 1368 3335 fuisse

224 3382 271 3444 rei
294 3383 373 3445 satis
396 3384 528 3465 apertae
551 3381 822 3445 demonstratione
845 3381 901 3462 ait,
925 3380 1098 3444 multisab
1120 3381 1192 3464 ipso
1217 3383 1369 3466 exemplis

226 3492 417 3556 declaratae.
463 3492 514 3554 Ad
537 3491 650 3554 horum
672 3491 773 3575 igitur
799 3491 1038 3555 multitudinem
1060 3494 1157 3555 antea
1181 3495 1370 3558 collatorum

225 3606 353 3686 spectat
379 3603 488 3667 τοίνυν
518 3601 693 3685 particula,
728 3602 768 3664 ad
795 3601 1014 3665 Herodianum
1040 3601 1184 3666 minime.
1233 3604 1284 3668 Er
1312 3628 1371 3690 quo

226 3716 396 3795 postquam
417 3712 544 3775 illorum
566 3712 714 3775 ultimum
741 3713 996 3775 testimoniorum
1019 3712 1157 3794 petitum
1178 3714 1263 3798 fuit,
1292 3715 1372 3779 nihil

226 3823 291 3886 iarn
311 3823 464 3905 proximis
481 3845 647 3886 commune
663 3844 731 3885 esse
755 3844 825 3885 cum
842 3825 918 3885 anto
933 3822 1104 3904 disputatis
1122 3823 1238 3888 voluit.
1271 3824 1374 3900 Quod·

226 3933 252 3994 si
285 3934 320 3997 ἐκ
353 3938 502 4012 περιττοῦ
535 3933 720 3997 Herodiano
753 3954 934 4018 repugnare
968 3933 1050 3996 Orus
1082 3932 1266 4018 diceretur,
1301 3936 1375 4020 quid

226 4043 367 4124 tandem,
392 4065 524 4126 quaes0,
549 4043 583 4106 in
605 4044 764 4127 prioribus
787 4044 866 4107 illud
889 4047 988 4125 osset,
1012 4043 1096 4127 quod
1118 4044 1161 4106 ab
1184 4042 1376 4111 Herodiano

226 4153 386 4235 proditum
414 4153 597 4237 displiceret
624 4154 711 4219 Oro?
760 4154 805 4217 Et
836 4158 872 4217 ut
899 4154 1090 4238 largiamur,
1125 4155 1213 4237 quod
1250 4158 1377 4241 quidem

227 4264 429 4327 concedimus
450 4264 598 4345 minime,
622 4265 709 4328 infra
722 4288 789 4349 ·pro
811 4265 956 4329 Ἡτίοδο(
985 4264 1138 4347 scripturn
1163 4288 1183 4327 a
1209 4266 1379 4352 Stephano

225 4372 323 4435 fuisse
353 4376 568 4457 Ἡρωδιανόε,
604 4375 691 4438 itane
726 4398 798 4439 curn
827 4374 976 4440 technico
1008 4376 1090 4440 Orus
1123 4374 1305 4443 dissentiat
1339 4403 1380 4444 an
