2924 4996
394 321 654 371 cuononocrvu
678 321 960 369 vruoonounusa.
1185 306 1246 369 567

109 482 175 542 tem
201 479 346 543 relictam
373 497 442 539 esse
470 476 588 539 senties
620 475 760 538 nondum
792 474 919 555 aliunde
953 474 1126 559 cognitam.
1177 474 1248 539 Nisi

108 589 235 672 quidem
257 586 318 650 hoc
345 587 379 650 in
401 607 518 671 genere
540 585 695 669 quaedam
717 589 861 648 nostram
886 585 952 649 sive
974 585 1159 647 memoriam
1182 585 1248 648 sive

108 697 309 782 diligentiam
336 696 495 781 fugerint:
525 695 607 779 quod
636 694 851 780 intellegimus
874 717 970 779 quam
991 693 1087 757 facile
1110 695 1249 777 potuerit

108 807 262 871 accidere.
288 785 461 871 ‘Ceterum
487 805 646 869 noluimus
680 795 876 890 corrigendis
908 805 957 869 vel
986 804 1171 868 accentibus
1198 805 1248 867 vel
1355 888 1358 893 g

108 917 359 1002 interpungendi
382 916 466 979 notis
489 936 557 979 esse
579 915 691 999 putidi.

193 1027 299 1090 Missis
322 1026 421 1111 igitur
442 1046 543 1108 nunc,
568 1047 648 1109 quae
670 1025 706 1088 in
728 1025 797 1107 ipso
820 1025 913 1089 initio
935 1025 1039 1108 posita
1061 1029 1136 1088 sunt
1159 1023 1248 1090 Orio·
1368 1097 1372 1103 p

108 1138 174 1214 nis,
203 1136 231 1199 si
258 1137 365 1214 modo,
394 1135 563 1200 sententiis
586 1135 726 1198 ordimur
749 1157 767 1197 a
789 1157 817 1199 ν.
842 1135 862 1198 4
891 1137 928 1200 οἱ
956 1136 1090 1221 νόμοι]
1114 1134 1249 1200 Zaleuco

107 1247 167 1311 hoc
191 1246 430 1331 apophthegma
452 1246 603 1310 tribuitur
625 1269 644 1309 a
667 1245 803 1310 Stobaeo
826 1245 926 1310 Serm.
943 1243 1041 1328 XLV,
1064 1245 1115 1329 25,
1140 1244 1249 1310 Soloni

107 1379 127 1419 a
148 1357 293 1441 Diogene
315 1355 443 1420 Laertio
465 1357 491 1439 I,
507 1356 560 1437 58,
584 1354 798 1420 Anacharsidi
814 1378 832 1418 a
850 1355 1023 1419 Plutarcho
1044 1355 1079 1419 in
1100 1356 1168 1419 vita
1183 1354 1247 1421 Sol.

108 1467 173 1531 ο.5
194 1470 227 1529 et
247 1466 377 1530 Valerio
397 1465 538 1530 Maximo
554 1465 632 1548 VH,
654 1465 684 1544 2,
709 1468 757 1530 11.
802 1465 904 1530 Multo
927 1469 1033 1529 autem
1056 1487 1151 1550 quam
1180 1465 1248 1531 Sto-

106 1577 206 1640 bacus
230 1577 425 1641 contractius
448 1576 560 1660 reliqui
583 1577 734 1660 afferunt,
758 1576 798 1639 ad
815 1575 996 1659 Stobaeum,
1021 1576 1074 1660 qui
1097 1577 1131 1640 in
1154 1576 1248 1640 levio-

106 1687 195 1750 ribus
216 1690 344 1750 tantum
370 1709 389 1749 a
411 1686 529 1749 nostris
552 1686 726 1771 discrepat,
756 1687 885 1770 propius
914 1686 1070 1750 accedunt
1092 1685 1248 1751 Gnomica

107 1795 310 1860 Boissonadii
332 1796 455 1860 Anecd.
478 1795 527 1860 III
549 1820 581 1879 p.
598 1797 671 1860 473.
717 1796 864 1881 Corriges
888 1800 994 1860 autem
1015 1798 1065 1862 καὶ
1086 1799 1148 1877 γὰρ
1170 1799 1248 1863 ἐκεί-

106 1928 177 1971 ναιε
200 1907 257 1971 ἐὰν
280 1905 366 1990 (μὲν)
389 1908 507 1991 ἐμπέεῃ
530 1909 562 1969 et
583 1927 656 1969 mox
679 1907 793 1972 ἐὰνδὲ
816 1908 907 1987 εφήξ.

193 2018 211 2079 7
242 2020 384 2096 κρεῑεεον
412 2016 535 2101 ἰεχνόν]
563 2015 602 2080 In
625 2014 758 2080 Gnomis
786 2015 937 2080 miscellis
965 2015 1006 2080 ab
1028 2015 1154 2080 Walzio
1177 2039 1248 2081 cum

106 2126 245 2189 Arsenio
268 2126 361 2191 editis
384 2149 415 2209 p.
438 2126 512 2209 496,
535 2125 591 2189 ubi
612 2124 725 2189 vitiose
748 2126 886 2207 ἰεχυρὸν.

192 2235 212 2298 9
242 2237 271 2300 οἱ
299 2239 355 2315 μὲν
378 2236 495 2325 saxeis]
519 2235 580 2299 Est
601 2236 686 2299 inter
707 2235 889 2319 Damophili
912 2238 1028 2317 Ὅμοια
1050 2260 1081 2321 p.
1106 2236 1126 2302 6
1148 2239 1208 2301 vol.
1231 2238 1244 2301 I

106 2345 206 2409 Orell.
235 2345 327 2410 Vnde
356 2346 579 2432 corrigendum
606 2350 732 2426 τραχεῖ(
757 2346 852 2412 ἵπποι
879 2349 911 2410 et
936 2347 1018 2413 ὀξεῖ(
1040 2349 1140 2427 θυμοί.
1186 2346 1246 2413 Sed

106 2477 188 2539 quae
211 2478 282 2520 curn
304 2456 354 2520 his
377 2457 563 2521 coaluerunt
585 2456 702 2539 elapsis
718 2457 904 2540 quibusdam
920 2457 1048 2541 mediis,
1073 2459 1247 2535 ἀναγκαῖον

106 2568 164 2644 μὲν
186 2570 295 2644 κτῆμα,
318 2568 379 2647 οὐχ
401 2567 460 2645 ἡδὺ
483 2567 529 2644 δέ,
552 2566 593 2629 ad
614 2588 731 2631 novam
748 2567 914 2654 pertinent
931 2568 1135 2651 sententiam,
1160 2569 1248 2633 cuius

107 2675 229 2759 reliqua
250 2697 325 2759 pars
347 2676 521 2741 intercidit.
994 2688 995 2691 ’

193 2787 230 2848 11
253 2785 323 2851 icor
345 2786 424 2871 ἔχει]
446 2786 653 2851 Demostheni
676 2787 790 2851 tribuit
805 2788 961 2852 Arserrius
983 2811 1014 2872 p.
1038 2790 1109 2871 189,
1133 2789 1247 2853 Demo-

107 2895 204 2977 crito,
229 2896 283 2959 sed
305 2895 379 2960 huic
402 2918 473 2960 cum
496 2897 676 2961 accessione
700 2898 821 2982 aliqua,
846 2898 929 2962 idem
951 2922 981 2982 p.
1008 2898 1067 2964 193
1092 2901 1124 2961 et
1145 2898 1247 2962 Maxi-

105 3026 176 3068 mus
198 3004 399 3070 Antoniusve
427 3006 526 3071 Serm.
551 3006 657 3070 LVIII
678 3029 709 3089 p.
734 3007 790 3089 95,
816 3009 852 3071 11
884 3007 958 3071 edit.
988 3007 1097 3075 Aurel.
1121 3007 1245 3071 Allobr.

105 3136 136 3178 a.
154 3110 346 3185 cloloclx.
378 3116 518 3180 Dimidia
538 3120 630 3200 parte
652 3116 834 3208 mutilatum
848 3116 884 3180 in
900 3117 1032 3181 Gnomis
1048 3116 1247 3200 Sapientiam

105 3223 191 3309 apud
219 3223 460 3290 Boissonaclium
489 3225 611 3291 Anecd.
640 3225 656 3288 I
683 3248 715 3309 p.
746 3227 805 3291 131.
834 3228 867 3289 et
896 3226 931 3289 in
960 3226 1027 3290 cod.
1057 3226 1132 3291 Vat.
1162 3227 1246 3310 apud

104 3333 267 3398 Walzium
288 3334 384 3399 Rhet.
408 3357 457 3420 gr.
481 3336 497 3398 I
519 3358 550 3419 p.
574 3336 648 3418 442,
672 3335 727 3399 ubi
749 3335 933 3399 Aristotelis
955 3335 1066 3399 fertur.

194 3445 232 3507 12
259 3446 317 3511 τὸν
339 3446 570 3526 εὐεργετοῦντά
598 3447 644 3530 τε]
667 3445 734 3509 Nili
762 3446 931 3533 (episcopi)
959 3468 1027 3509 csse
1055 3447 1121 3509 sive
1147 3446 1246 3511 Maxi-

101 3576 176 3617 mus
198 3554 264 3617 sive
292 3555 454 3619 Antonius
483 3557 562 3638 (nou
592 3559 698 3639 potest
720 3556 803 3619 enim
828 3557 888 3620 hoc
910 3579 948 3619 cx
971 3578 1008 3618 ea
1036 3577 1098 3638 qua
1126 3557 1174 3619 usi
1197 3579 1245 3620 su·

100 3685 174 3727 mus
198 3665 335 3728 editione
359 3666 522 3750 cognosci)
550 3668 687 3728 testatur
708 3688 739 3748 p.
764 3666 815 3748 94,
840 3667 891 3730 53.

192 3775 232 3837 14
253 3779 319 3840 τῶν
341 3776 579 3860 εὐτυχούντων]
613 3775 795 3839 Aristotelis
828 3778 909 3840 teste
942 3776 1079 3840 Arsenio
1111 3799 1142 3859 p.
1175 3779 1243 3842 122.

99 3883 244 3968 [φθόνοι
266 3906 324 3966 pro
346 3886 365 3949 ὁ
387 3887 513 3967 φθόνοε
535 3884 713 3948 Meinelrius
736 3909 768 3968 p.
784 3886 857 3968 291,
881 3885 901 3948 2
924 3889 1052 3949 auctore
1074 3885 1243 3976 Nauclrio]

192 3995 231 4056 15
262 3994 388 4080 παιδὸς]
412 3994 473 4059 Ilst
504 3995 589 4058 inter
621 3995 821 4060 Democratis
854 3996 904 4059 vel
935 3997 1040 4079 potius
1069 3996 1243 4061 Democrit'

98 4104 229 4168 Aureus
244 4105 421 4168 sententias
443 4126 474 4187 p.
492 4104 534 4169 84
554 4104 651 4168 Orell.
675 4104 818 4169 vellet
838 4105 873 4168 in
894 4106 1060 4190 farragine
1074 4105 1245 4171 Walziana

97 4238 133 4298 p.
157 4213 233 4277 499.

192 4322 231 4387 16
254 4324 443 4408 εὐγνώμων]
466 4325 641 4390 Democriti
665 4324 749 4408 apud
771 4325 859 4393 Stob.
876 4324 981 4411 XVII,
997 4326 1050 4411 26,
1073 4327 1157 4394 unde
1179 4350 1244 4392 sus-
