2896 4996
693 1103 879 1212 XXII.

564 1304 619 1398 111
651 1303 723 1398 (lm
754 1309 792 1396 et
821 1301 1013 1420 (11111115

712 1529 862 1536 .-.--

749 1661 822 1739 11.

183 1786 195 1832 1
301 1772 479 1836 Historiam
501 1792 635 1855 graecae
658 1770 889 1855 grammaticae
904 1770 958 1853 qui
973 1769 1171 1853 perscribere
1193 1771 1359 1855 suscipiat,

217 1883 321 1946 locum
350 1881 428 1946 satis
458 1881 693 1965 philologorum
727 1880 840 1943 studiis
868 1880 1071 1962 derelictum,
1107 1880 1262 1963 quoniam
1298 1903 1360 1945 non

217 1993 374 2056 minorem
390 2014 485 2076 quam
501 1992 563 2074 ipsi
579 1992 640 2053 arti
661 1990 893 2076 grammaticae
909 1991 1012 2054 lucem
1028 1989 1184 2054 allaturus
1209 1991 1361 2055 historiae

218 2103 397 2165 litterarum
426 2123 615 2186 graecarum
637 2100 779 2184 videtur,
817 2100 904 2163 cuius
932 2086 990 2163 illu
1016 2121 1091 2183 pars
1120 2104 1170 2163 est
1198 2101 1362 2186 haudqua-

218 2234 314 2296 quam
335 2213 465 2296 reliquis
488 2212 602 2275 levior:
632 2211 753 2295 optimo
776 2211 843 2274 ime
866 2232 922 2274 suo
945 2197 1159 2274 desideratum
1182 2210 1266 2276 illud
1288 2235 1363 2296 opus

287 2467 312 2532 ¹¹⁶)
342 2466 398 2518 ‘Dc
422 2466 477 2519 Oro
501 2468 530 2519 11
553 2465 654 2519 Orione
678 2465 889 2519 commentatio:
920 2465 1060 2533 specimen
1087 2464 1227 2519 historiae
1255 2468 1365 2521 criticae

219 2559 466 2626 grammaticorum
490 2577 661 2627 graecorum.
700 2558 816 2627 Scripsit
839 2561 868 2612 et
890 2558 1011 2612 mimeris
1029 2559 1195 2627 professorii
1215 2560 1366 2615 extraordi-

220 2652 291 2705 narii
308 2651 336 2704 in
348 2652 535 2724 Vniversitate
554 2653 709 2706 hiterarum
721 2651 934 2704 Vratislaviensi
947 2651 1068 2720 suseepti
1081 2668 1182 2705 caussa
1201 2654 1367 2723 amplissimi

220 2744 452 2814 Philosophorum
465 2745 575 2798 Ordinis
594 2745 760 2798 auctoritate
779 2743 823 2797 dic
836 2744 887 2796 Vll
904 2763 940 2797 m.
955 2745 1035 2798 Fchr.
1048 2762 1073 2798 a.
1088 2743 1367 2804 Clolocccxmv

220 2839 289 2891 hora
308 2838 331 2890 X
354 2838 464 2907 publico
487 2839 617 2892 desendet
640 2838 669 2890 F.
688 2838 720 2890 n.
744 2837 929 2891 Vratislavine
952 2837 981 2889 in
998 2837 1163 2906 bibliopolio
1187 2840 1223 2893 A.
1251 2840 1368 2895 Sohuhii

220 2933 249 2986 et
267 2940 334 2985 soc.’
359 2964 391 2970 —
414 2932 636 2999 [ltecordandum
659 2933 702 2984 est
720 2934 813 2984 sautem
832 2931 964 2999 scriptam
983 2948 1043 2984 csse
1061 2931 1135 2984 hanc
1154 2935 1369 2988 commentatio·

219 3043 284 3078 nem
302 3042 335 3078 eo
357 3027 496 3093 tempore,
520 3042 574 3092 quo
597 3025 719 3090 aliquam
742 3025 892 3076 multorum
914 3023 1116 3092 praesidiorum
1142 3042 1301 3095 eorumque
1326 3030 1367 3080 sut

220 3118 346 3186 gravium
364 3118 521 3170 nullasdum
540 3136 604 3170 usus
623 3117 687 3170 fuit:
706 3117 759 3169 hoo
776 3119 820 3169 est
838 3119 902 3170 ante
916 3116 991 3169 edita
1004 3116 1128 3170 Crameri
1139 3119 1295 3175 Anecdota
1308 3139 1366 3174 cum

221 3210 389 3264 oxoniensis
411 3215 444 3276 (a.
473 3214 649 3277 1835-1837)
676 3213 736 3262 tum
759 3209 926 3263 Parisiensia
949 3213 1153 3279 (reas-1841),
1177 3210 1368 3269 Choerobosci

220 3304 249 3356 in
268 3303 417 3358 Theodosii
441 3303 565 3356 Canoncs
588 3304 694 3356 dictata
717 3307 816 3370 (lea-2),
840 3301 1062 3371 Etymologicum
1084 3303 1226 3372 Magnum
1251 3307 1369 3360 (11111111-

222 3397 449 3464 1111111111111818).
492 3397 513 3449 ll
537 3397 636 3463 quibus
661 3396 783 3449 fontibus
807 3395 860 3448 etsi
879 3395 1022 3462 quaedam
1039 3394 1105 3449 olim
1129 3396 1289 3466 disputatis
1308 3400 1370 3454 eddi

223 3508 289 3544 sanc
308 3493 470 3559 potuerunt,
494 3491 588 3542 tamen
613 3490 712 3542 eadem
735 3488 866 3555 quoniam
888 3489 925 3542 ad
949 3506 1040 3542 rerum
1064 3507 1207 3544 summam
1227 3493 1300 3547 nihil
1318 3495 1371 3547 iere

222 3583 287 3637 novi
305 3584 458 3646 1111111111,
475 3600 511 3636 111
528 3583 557 3633 in
575 3583 709 3634 maiorem
727 3581 812 3635 etiam
830 3584 931 3636 molem
944 3585 1081 3636 cresceret
1098 3582 1215 3638 libellus
1236 3588 1308 3641 satis
1326 3604 1372 3656 per

223 3694 252 3730 se
270 3677 353 3729 tenue
371 3678 566 3743 urgimrentum
584 3677 720 3740 tractans,
744 3675 881 3729 noluimus
899 3693 971 3729 nunc
988 3675 1129 3745 putidiore
1154 3695 1246 3745 quam
1265 3682 1373 3736 utiliore

223 3769 369 3836 diligentia
384 3769 414 3822 iu
433 3769 633 3838 supplementis
652 3769 757 3822 versari
774 3769 837 3838 plus
854 3769 940 3824 taedii
954 3786 1037 3836 quam
1049 3769 1161 3838 gratiae
1173 3772 1329 3829 habituris.
1345 3805 1372 3813 -

223 3864 336 3917 Partem
354 3880 370 3916 a
388 3863 467 3915 nohis
487 3863 691 3931 disputatorum
714 3862 914 3931 impugnarunt
934 3879 1023 3930 nuper
1040 3862 1178 3917 Henricus
1202 3867 1374 3924 Kleistius

223 3956 339 4024 vulgata
357 3973 381 4009 a.
403 3961 468 4010 1865
487 3956 627 4025 Gryphiae
651 3956 701 4009 ‘de
720 3955 865 4009 Philoxeni
883 3955 1064 4009 Alexandrini
1082 3957 1185 4011 studiis
1207 3964 1375 4032 etymologi-

224 4049 273 4102 cis‘
296 4048 492 4102 dissertatione
519 4051 721 4115 accurataeque
749 4048 790 4101 vir
816 4049 959 4102 doctrinae
981 4049 1123 4117 Augustus
1152 4051 1327 4110 Lentzius
1348 4057 1374 4108 in

224 4142 395 4195 Fleckeiseni
418 4142 516 4195 Annul.
541 4141 635 4210 philol.
659 4145 730 4196 191
756 4146 790 4209 (a.
812 4146 887 4210 1865)
911 4160 938 4212 p.
958 4149 1005 4196 571
1025 4159 1095 4209 squ,
1120 4160 1249 4209 quornm
1269 4149 1375 4203 dubita·

223 4234 313 4288 tiones
332 4238 444 4303 practer
462 4238 555 4289 cetera
573 4235 609 4288 ad
625 4235 730 4303 ipsam,
746 4253 818 4302 quae
835 4235 903 4289 mihi
920 4235 1093 4290 intercedere
1110 4234 1189 4291 inter
1210 4242 1263 4294 Ori
1283 4243 1375 4313 copias

224 4327 387 4393 Orionisque
409 4329 517 4381 lexicon
539 4329 598 4381 visa
625 4331 680 4394 est,
709 4329 846 4383 rationem
874 4330 1010 4399 spectant.
1052 4328 1144 4393 Quam
1176 4337 1281 4390 autem
1311 4336 1375 4390 olim
