2948 4996
233 322 298 386 410
414 340 461 385 aa
484 338 632 386 11111111
656 339 862 388 soeuocauo
887 339 1007 386 1111111
1030 339 1194 385 concaui.

188 543 193 554 .
236 514 273 557 eo
294 493 581 576 interpretamento
604 494 769 576 expulsum
793 492 986 575 coniciebat,
1017 493 1211 571 εὔπλουτον,
1240 492 1272 556 id
1301 515 1368 556 vero

234 603 495 686 probabilitatem
522 605 640 668 habere
668 603 853 689 negandmn
880 606 937 666 est.
982 602 1084 667 Nihili
1113 607 1162 668 111
1188 626 1266 668 sane
1293 602 1371 687 quod

234 713 439 778 Hermannus
454 714 582 797 obiecit,
605 714 818 798 reputandum
840 714 938 778 fuisse
960 713 1044 777 dona
1059 712 1204 797 Neptuni
1225 714 1278 778 hic
1294 736 1372 777 com-

233 825 402 889 memorari
435 825 590 888 debuisse.
636 824 722 889 Satis
755 825 841 888 enim
873 824 1039 908 perspicue
1067 823 1229 909 Reisigius
1262 846 1373 888 comm.

235 937 305 1000 crit.
322 959 354 1019 p.
371 935 444 1018 294,
468 958 564 1021 quam
586 957 654 1000 esse
676 935 835 1000 rationem
857 934 1036 998 sententiae
1059 935 1165 1019 vellet,
1190 947 1376 1019 aperuerat:

235 1046 353 1131 quippe
373 1069 438 1111 uno
460 1047 644 1113 εὔπλουτον
666 1046 820 1110 vocabulo
842 1046 936 1109 ambo
958 1045 1101 1128 Neptuni
1129 1045 1213 1110 dona
1243 1068 1377 1132 genera-

234 1156 293 1220 tim
322 1156 563 1241 comprehendi,
598 1158 672 1241 quia
700 1157 740 1220 ad
768 1156 966 1240 opulentiam
992 1159 1160 1240 utrumque
1187 1158 1377 1241 pertineret.

234 1268 433 1350 Quamquam
460 1289 501 1331 ne
530 1268 576 1332 sic
604 1267 731 1351 quidem
758 1267 851 1331 nobis
879 1267 1064 1351 persuadet:
1092 1289 1169 1330 nam
1197 1271 1230 1331 11
1252 1289 1380 1351 semper

235 1377 354 1461 aliquid
388 1377 485 1441 alieni
516 1378 630 1442 inferri
663 1379 816 1442 sentimus
845 1382 878 1442 et
905 1376 1080 1441 abhorrens
1109 1399 1127 1440 a
1157 1377 1378 1461 simplicitate,

183 1482 186 1483 ⁷
234 1509 294 1552 nec
316 1487 394 1551 illud
417 1488 495 1552 satis
514 1473 750 1573 intellegimus,
780 1510 836 1552 eur
861 1510 911 1552 res
934 1488 1088 1573 equestris
1111 1488 1301 1571 navalisque
1324 1511 1379 1571 po-

234 1599 392 1662 tissimum
419 1599 460 1663 ad
487 1599 671 1663 divitiarum
700 1599 929 1684 cogitationem
957 1602 1161 1682 revocentur,
1198 1599 1380 1662 certissima

235 1730 330 1792 opum
353 1709 496 1773 effectrix
518 1710 660 1774 olearum
680 1709 861 1773 fecunditas
882 1730 948 1773 non
970 1709 1058 1773 item.
1085 1746 1124 1756 -
1145 1709 1253 1792 Atque
1281 1709 1379 1773 ratic-

236 1820 430 1883 cinationem
453 1820 579 1903 quidem
601 1820 686 1884 hanc
707 1823 851 1883 nostram
877 1820 909 1883 in
939 1819 1133 1883 incertorum
1155 1841 1290 1883 numero
1313 1843 1379 1883 non

234 1931 401 1994 habemus:
425 1930 480 1994 sed
502 1929 577 1994 inde
599 1930 674 2015 quid
696 1930 739 1993 sit
761 1929 993 1994 consectarium
1014 1929 1046 1993 h.
1064 1951 1091 1993 e.
1116 1929 1192 2013 quid
1212 1911 1379 2012 scripsisse

235 2040 424 2123 Sophoclem
451 2041 609 2122 (1111111111,
644 2041 759 2104 incerti
787 2041 953 2104 haeremus
981 2044 1016 2104 ut
1045 2039 1098 2124 qui
1125 2039 1281 2121 maxime,
1311 2061 1377 2103 non

235 2173 296 2234 quo
318 2150 400 2214 nihil
421 2151 456 2214 in
479 2154 628 2235 promptu
655 2151 713 2234 sit,
743 2150 798 2214 sed
825 2151 908 2234 quod
935 2150 1031 2215 nimis
1059 2150 1160 2213 multa
1189 2152 1374 2232 suppetunt.

235 2261 263 2325 Ε
286 2260 398 2344 quibus
420 2261 559 2324 latemur
580 2261 677 2325 fuisse
701 2283 772 2325 cum
794 2264 921 2345 praeter
943 2260 1006 2323 alia
1028 2261 1088 2324 hoc
1112 2260 1269 2343 placeret:

362 2418 471 2493 δῶρον
493 2419 552 2479 τοῦ
575 2416 715 2492 μεγάλου
737 2415 904 2495 δαίμονος,
930 2414 1054 2493 αὔχημα
1076 2414 1234 2492 μέγιετον,

363 2524 478 2603 (έβαε
500 2525 582 2589 τόδ’
604 2525 765 2601 εὔπωλον,
789 2524 998 2589 electorem·

236 2696 328 2759 quem
351 2697 477 2739 versum
503 2698 568 2739 non
596 2676 740 2759 profecto
769 2677 896 2740 insuavi
924 2676 1142 2739 concinnitate
1165 2677 1206 2738 ad
1229 2674 1375 2738 similitu·

170 2805 216 2853 xlv
236 2784 343 2849 dinem
365 2785 588 2869 antistrophici
612 2786 844 2849 conformatum
866 2786 999 2849 dixeris:

362 2940 500 3021 φύτευμ’
523 2939 704 3019 άχείρητον,
727 2939 912 3004 αὐτόποιον.

236 3092 325 3174 Quod
352 3093 379 3155 si
408 3115 464 3155 sua
493 3113 526 3155 se
556 3092 672 3155 virtute
708 3090 921 3172 commendet,
956 3091 1038 3154 bene
1072 3094 1137 3154 est:
1175 3091 1227 3154 sin
1259 3091 1376 3172 minus,

237 3206 346 3264 nostra
370 3201 644 3265 commendatione
666 3201 755 3265 nulla
778 3200 918 3286 gratiam
939 3200 1092 3264 maiorem
1114 3200 1220 3264 inibit.
1228 3201 1259 3284 ²¹⁸)

304 3423 328 3487 ³¹)
348 3423 452 3490 [(έβαε
469 3420 538 3473 illud
557 3421 611 3487 qui,
630 3420 695 3488 quid
714 3420 767 3474 sibi
784 3421 876 3485 vellet,
894 3420 1058 3487 intellegere
1076 3436 1137 3473 1111
1154 3421 1281 3488 negavit,
1299 3421 1379 3474 intel-

236 3515 339 3568 lectum
357 3515 415 3568 eins
433 3515 554 3569 notionis
573 3514 648 3568 haud
670 3531 753 3582 aegre
771 3515 884 3582 poterat
902 3531 934 3567 ex
953 3514 1081 3567 Electrae
1100 3512 1265 3583 Sophocliaa
1285 3532 1311 3567 v.
1330 3520 1380 3568 685

237 3624 347 3675 capere:
376 3610 485 3676 εἰεήλθε
504 3610 645 3676 λαμπρὸς,
665 3613 729 3661 πάει
746 3613 806 3661 roi(
824 3609 881 3661 ἐκεῖ
899 3608 985 3672 (ἐβαε,
1003 3606 1059 3659 alia
1076 3606 1172 3659 affinia
1190 3608 1222 3659 ut
1239 3607 1379 3661 omittam.

236 3700 331 3754 Sciens
348 3702 507 3770 posthabui,
525 3704 559 3756 de
573 3719 627 3770 quo
640 3701 720 3756 facile
733 3700 872 3770 quispiam
890 3698 1003 3767 cogitet,
1022 3701 1135 3765 γάνος,
1153 3701 1186 3752 ut
1203 3702 1248 3753 est
1265 3700 1295 3753 in
1309 3702 1381 3768 Aga-

236 3810 382 3848 memnone
404 3814 429 3848 v.
450 3802 512 3849 557:
542 3800 616 3849 θεοῖ(
639 3796 752 3861 λάφυρα
774 3799 864 3849 ταῦτα
886 3800 946 3847 τοῖς
966 3796 1032 3847 καθ’
1049 3793 1166 3846 Ἐλλάδα
1183 3795 1281 3859 δόμοι(
1301 3797 1384 3849 ἐπα(-

236 3888 369 3941 (άλευεαν
387 3889 503 3956 ἀρχαῖον
521 3889 624 3956 γάνος]
