2948 4996
507 301 648 358 raroror
671 302 818 358 ancara.
1170 290 1234 362 435

92 465 238 531 habitum
260 470 309 530 est
332 464 521 545 convivium,
546 464 606 528 hoe
629 468 677 528 est
699 465 740 527 ol.
765 463 821 528 XO
837 487 865 527 a.
882 465 913 527 4.
945 462 1050 539 Quid?
1073 466 1155 549 quod
1178 488 1231 529 sex

93 579 188 641 aunis
211 579 284 660 post
313 574 339 638 ὧ
368 575 546 640 νεανίέκε
575 574 756 656 appellatur
779 573 876 637 etiam
898 597 916 636 a
939 575 1137 638 Mnesilocho
1160 576 1232 638 Ari-

92 686 260 770 stophanis
282 682 474 766 Thesmoph.
498 705 528 745 v.
555 683 624 764 134,
651 683 732 766 quod
756 683 809 767 qui
832 685 873 746 ab
895 684 1044 767 loquendi
1067 689 1233 748 consuetu-

93 798 168 861 dine
197 795 327 859 minime
355 793 524 857 abhorrere
552 797 665 876 neget,
700 793 835 855 fortasse
864 798 993 857 excuset
1014 794 1063 857 vel
1086 795 1232 857 muliebri

92 905 247 970 molliculi
268 907 382 987 poetae
405 902 521 986 specie,
544 901 594 964 vel
611 924 648 965 eo
663 902 746 985 quod
761 903 933 986 Aeschylia
949 904 1011 966 ista
1027 904 1124 966 verba
1147 908 1231 986 sunt,

93 1017 133 1079 de
156 1014 284 1078 Baccho
308 1014 404 1095 dicta,
430 1035 448 1075 a
471 1010 669 1074 Mnesilocho
697 1012 935 1075 accommodata
958 1013 992 1076 in
1015 1012 1231 1097 Agathonem.

93 1125 162 1188 Nec
186 1123 357 1188 verendum
380 1125 428 1186 est
449 1144 490 1184 ne
513 1122 583 1205 quis
606 1122 640 1184 in
655 1120 846 1204 Thesmoph.
871 1146 900 1186 v.
927 1123 985 1186 141
1010 1123 1156 1205 haereat,
1180 1124 1233 1186 ubi

92 1235 215 1298 dictum
243 1236 292 1297 est
319 1234 345 1297 ὦ
368 1236 446 1298 παῖ.
492 1230 553 1295 Sed
576 1231 733 1294 Aristides
761 1234 816 1294 aut
845 1232 1000 1314 cogitavit
1028 1232 1066 1296 de
1089 1231 1234 1295 Platonis

92 1344 205 1407 verbis
223 1365 260 1406 ex
277 1342 455 1426 Protagora
478 1362 573 1423 supra
595 1340 729 1423 prolatis
752 1342 829 1407 νέον
852 1342 898 1405 ἔτι
920 1343 959 1406 ὂν
982 1343 1155 1421 μειράκιον,
1180 1346 1235 1404 aut

93 1453 320 1537 neglegentius
347 1474 420 1514 usus
448 1453 496 1514 est
524 1451 684 1529 μειρακίου
712 1451 841 1513 nomine
875 1452 944 1514 loco
972 1453 1047 1517 νέοι
1075 1450 1232 1532 vocabuli,

93 1563 177 1646 quod
200 1561 326 1646 quidem
348 1560 544 1645 probabilius
566 1560 668 1642 possit
690 1560 791 1623 videri
813 1564 996 1644 propterea,
1031 1562 1114 1645 quod
1137 1562 1234 1623 etiam

94 1671 314 1751 Alcibiadem,
338 1692 431 1754 quern
454 1674 550 1732 antea
573 1670 650 1734 νέον
673 1674 819 1751 vocarat,
843 1670 951 1753 paullo
974 1674 1047 1753 post
1068 1671 1151 1733 dixit
1172 1692 1234 1748 μει-

92 1782 222 1860 ράκιονε
245 1782 387 1860 μειράκια
409 1782 441 1845 δ’
464 1779 546 1845 εἶναι
568 1784 739 1858 τηνικαῦτα
761 1781 928 1856 Ἀγάθωνα
950 1783 999 1843 καὶ
1022 1781 1233 1859 Ἀλκιβιάδην·

93 1895 151 1953 aut
171 1891 307 1974 denique
327 1888 569 1953 malevolentius
584 1890 808 1971 praetermisso
824 1911 860 1953 eo
876 1889 955 1967 loco,
979 1889 1032 1952 ubi
1048 1891 1125 1955 νέον
1142 1888 1234 1951 Plato

92 2000 191 2081 dixit,
222 1999 362 2063 Socratis
384 2001 482 2063 verba
504 2000 539 2061 in
561 2003 667 2061 mente
690 1999 803 2062 habuit
824 2021 855 2081 p.
879 2000 942 2061 223
966 2002 1070 2104 Apud
1092 2002 1132 2078 μή
1155 2005 1235 2079 φθο-

91 2112 190 2192 νήιῃ(
221 2116 268 2194 τῷ
299 2111 447 2194 μειρακίῳ
477 2109 535 2173 ὑπ’
558 2110 635 2187 ἐμοῦ
663 2110 884 2188 ἐπαινεθῆναι,
919 2131 999 2192 quae
1032 2109 1138 2172 iocoso
1167 2130 1234 2170 esse

91 2218 315 2282 blandimento
337 2220 423 2282 dicta
446 2218 601 2282 invidiose
623 2219 734 2282 tacuit.
780 2218 928 2282 Ceterum
951 2218 1149 2301 Lipsiensem
1172 2218 1234 2280 edi·

90 2335 197 2391 torem
220 2329 334 2391 mirere
357 2330 497 2392 locorum
520 2328 758 2391 Platonicorum
782 2328 823 2391 ab
845 2328 988 2392 Aristide
1011 2349 1234 2391 commemora-

90 2443 199 2501 torum
222 2438 355 2519 nullum,
378 2439 433 2502 ubi
456 2438 657 2521 reperiretur,
681 2438 840 2501 indicasse
862 2439 924 2501 vol.
946 2439 978 2501 ll
1000 2462 1031 2521 p.
1055 2439 1233 2503 uro—372.

564 2646 766 2654 m

181 2792 268 2878 [Non
296 2793 352 2855 ahs
381 2814 415 2855 re
441 2814 509 2855 esse
537 2793 639 2855 visum
668 2797 716 2857 est
738 2794 790 2856 hie
817 2793 1026 2876 subirmgere,
1056 2815 1136 2876 quae
1159 2794 1235 2856 olim

88 2900 313 2966 dissertationi
336 2902 525 2965 subiunctae
547 2906 641 2965 erant
662 2903 845 2985 disputandi
870 2925 980 2966 caussa
1003 2902 1197 2989 propositae]

335 3070 614 3136 SEN'PENTIAE
638 3071 999 3136 controversari.

655 3207 674 3259 l.
880 3263 881 3266 ,
1253 3219 1286 3265 24

162 3298 292 3351 Florente
305 3299 515 3353 Atheniensium
527 3316 557 3353 re
569 3299 681 3368 publica
699 3299 798 3352 nullius
813 3315 944 3365 umquam
961 3303 1062 3368 poetae
1080 3299 1108 3352 in
1126 3302 1234 3368 tragoe-

84 3393 141 3446 dia
160 3391 243 3443 simul
261 3393 289 3444 et
307 3392 451 3446 comoedia
470 3410 556 3461 opera
572 3395 684 3445 versata
702 3395 752 3446 est.

650 3485 683 3537 ll.

161 3577 295 3630 Dinarchi
313 3577 403 3631 oratio
422 3581 486 3644 περὶ
504 3584 555 3644 τῆ(
569 3579 729 3641 Ἀγάθωνος
744 3580 949 3644 διαμαρτυρίαι,
969 3581 1187 3631 commemorata
1199 3578 1235 3630 ab

82 3670 229 3737 Dionysio
251 3669 391 3723 Halicarn.
415 3670 499 3723 ludio.
524 3670 586 3723 Din.
611 3689 638 3738 p.
665 3676 725 3735 114,
748 3677 780 3722 22
808 3670 882 3737 sylb.
908 3672 937 3738 [t.
961 3670 986 3723 V
1008 3690 1035 3739 p.
1058 3677 1107 3724 ola
1130 3672 1234 3738 Remu]

81 3764 184 3831 (Orat.
203 3779 294 3829 graec.
318 3763 371 3816 vol.
390 3762 454 3816 Vlll
472 3781 500 3830 p.
520 3769 569 3816 419
592 3762 698 3829 Reisk.)
721 3779 777 3816 non
802 3766 922 3827 contra
943 3764 1120 3828 Agathonem
1138 3763 1236 3816 habita

80 3858 144 3920 est,
163 3857 196 3907 ut
214 3854 405 3909 Schcemanno
422 3856 532 3910 ridetur
550 3856 597 3908 lib.
618 3855 655 3907 IV
674 3855 707 3908 de
726 3854 833 3907 iudiciis
846 3856 1056 3909 Atheniensium
1075 3875 1102 3923 p.
1121 3863 1171 3908 tto
1190 3855 1236 3908 ad·

79 3951 151 4005 not.
172 3953 214 4012 26,
233 3948 280 4000 sed
299 3966 358 4015 pro
377 3949 483 4002 eodem.

645 4042 691 4097 ΙΙΙ.

162 4132 195 4198 Q.
220 4132 301 4186 Ennii
323 4152 418 4188 versus
442 4152 475 4188 ex
498 4134 660 4188 Saturarmn
688 4135 759 4189 libro
784 4134 820 4187 Vl
845 4135 945 4187 allatos
968 4133 1004 4186 ab
1029 4133 1107 4186 Aelio
1125 4134 1235 4187 Donato

78 4231 125 4286 ad
153 4227 281 4281 Terentii
302 4228 497 4281 Phormionem
520 4229 559 4292 ll,
577 4235 605 4292 2,
624 4233 664 4291 ⁸25,
687 4245 785 4295 parurn
804 4229 898 4280 autem
916 4226 1063 4279 ernendate
1082 4226 1200 4295 scriptos
1220 4246 1236 4279 a

78 4326 192 4380 Frauc.
212 4321 339 4374 Hcsselio
356 4339 384 4390 p.
404 4328 461 4388 189,
479 4321 643 4375 reconcinuo
661 4321 690 4372 in
708 4322 780 4373 hauc
799 4320 931 4388 speleum

901 4468 907 4477 .
967 4407 1034 4472 28*
