2904 4996
485 342 662 404 ‘sosanna
686 319 858 388 carnola.
1190 323 1252 387 723

105 496 170 560 402
200 495 249 558 ed.
278 495 378 578 lips,
409 516 601 580 quamquam
629 516 694 558 non
722 495 784 575 ita,
813 497 850 556 ut
877 493 918 556 ab
946 513 982 555 eo
1011 493 1160 556 accurate
1183 513 1252 556 esse
1334 574 1339 579 .

106 605 168 670 hoc
201 627 303 690 genua
336 605 504 669 definitum
536 606 682 669 videatur
714 605 870 688 pleneque
885 664 890 673 ,
906 603 1111 686 descriptum.
1167 601 1252 666 Nam

106 716 191 800 quod
221 716 288 780 eius
316 716 401 780 modi
429 716 629 800 pronominis
657 715 861 779 iterationem
889 713 933 777 ibi
960 717 1088 777 tantum
1125 712 1252 776 admitti

106 848 201 910 posse
225 827 271 890 ait
293 849 324 910 p.
341 826 415 909 402,
439 826 494 889 ubi
517 848 556 890 ex
578 826 700 890 duabus
722 825 935 889 locutionibus
959 823 1098 888 conflata
1120 823 1163 887 sit
1185 836 1286 887 ora-‘r

107 938 165 1019 tio,
190 960 259 1001 oum
284 937 378 1000 aliter
399 937 530 1021 incepta
545 937 639 1001 aliter
662 936 702 1000 ad
724 937 822 1000 finem
844 935 1050 1020 perducatur:
1073 929 1106 998 id
1130 937 1163 998 et
1184 934 1254 999 obs·

109 1048 215 1111 curius
251 1047 370 1111 dictum
403 1051 452 1111 est
484 1070 544 1111 nec
572 1048 651 1110 satis
678 1068 761 1110 vere.
811 1046 943 1111 Etenim
969 1067 1072 1130 pauca
1098 1044 1254 1130 quaedam

109 1158 256 1240 exempla
284 1179 361 1221 sane
389 1157 436 1221 ita
463 1161 539 1221 sunt
567 1161 768 1242 comparata,
797 1160 834 1220 ut
854 1156 1000 1220 videatur
1025 1178 1092 1220 non
1114 1157 1255 1240 potuisse

109 1268 159 1331 bis
183 1269 257 1352 poni
280 1290 473 1351 pronomen,
498 1268 669 1332 nisibinis
692 1268 796 1333 verbis
819 1266 1037 1352 grammaticis
1060 1266 1129 1330 bini
1157 1288 1256 1330 enun-

112 1379 258 1443 tiationis
281 1379 371 1463 quasi
394 1378 522 1442 articuli
545 1378 760 1462 efficerentur,
784 1378 830 1441 ita
851 1380 887 1440 ut
902 1380 1034 1461 utraque
1056 1378 1256 1461 pronominis

110 1490 216 1553 forma
239 1490 329 1574 (nam
343 1490 447 1553 forma
462 1511 585 1574 quoque
607 1489 788 1573 discrepare
806 1488 887 1552 solet
908 1491 1090 1573 utrumque)
1112 1509 1169 1552 suo
1193 1488 1256 1552 oui·

112 1599 188 1663 dam
211 1602 243 1663 et
265 1592 419 1683 peculiari
442 1601 539 1663 verbo
561 1599 773 1683 grammatico
795 1603 961 1682 aptaretur
976 1603 1009 1662 et
1030 1599 1121 1683 quasi
1144 1599 1256 1683 agglu-

111 1710 280 1774 tinaretur.
332 1709 429 1773 Velut
461 1710 495 1773 in
524 1710 645 1774 dnobus
676 1709 858 1773 Pausaniae
887 1708 998 1792 dictis,
1033 1730 1114 1792 quae
1147 1708 1257 1772 attulit

112 1818 318 1884 Hermannus
346 1843 378 1904 p.
402 1819 480 1903 399,
510 1820 544 1884 in
571 1821 684 1903 quibus
712 1818 934 1904 intellegendi·
948 1818 1155 1883 commoditas
1179 1820 1256 1882 mul·
1296 1874 1301 1884 .

112 1933 181 1994 turn
215 1930 384 1995 adiuvatur
412 1930 622 1995 collocatione
655 1931 824 1995 verborum
857 1929 1139 2015 grammaticorum
1172 1929 1258 1993 inter

112 2045 280 2124 utrumque
308 2062 486 2125 pronomen
508 2041 779 2126 interpositorum.
825 2039 915 2116 Quod
938 2041 1069 2112 enim.e
1096 2039 1256 2104 Pausania

112 2151 156 2232 ll,
179 2152 211 2234 3,
235 2152 255 2214 6
279 2152 537 2216 commemoravit
559 2153 737 2235 exemplum
761 2151 825 2236 (ὧν
840 2151 985 2232 ὀνόματα
999 2152 1058 2232 μέν
1073 2172 1158 2233 (φιει
1173 2152 1257 2231 Μέρ-

112 2282 211 2341 μερο(
233 2263 283 2326 καὶ
306 2263 443 2348 Φέρης),
472 2263 504 2326 id
534 2263 675 2327 alienum
703 2261 822 2347 estjab
844 2263 905 2325 hoc
927 2283 1056 2347 genere.
1102 2261 1162 2326 Sed
1186 2261 1257 2327 Me·

114 2371 211 2434 deae
234 2394 358 2436 versum
380 2373 618 2456 Euripidiae
636 2373 717 2438 1263
741 2371 837 2458 [1285
859 2372 1094 2436 Kirchh.·1296
1117 2371 1255 2459 Nauck]

113 2504 179 2546 non
203 2483 313 2546 dubito
335 2483 412 2567 quin
435 2505 491 2547 suo
513 2484 581 2548 iure
603 2483 784 2547 defenderit
805 2482 1012 2547 Hermannus
1034 2506 1065 2566 p.
1090 2482 1167 2547 402:

267 2640 315 2701 δεῖ
335 2638 397 2716 γάρ
419 2658 481 2703 νιν
504 2638 590 2716 ἤτοι
611 2642 680 2718 γῆ(
704 2641 976 2720 εφεκρυφθῆναι
998 2639 1095 2714 κάτω,

268 2748 287 2826 ἢ
309 2749 433 2838 πτηνὸν
455 2747 529 2827 ἆραι
548 2750 634 2828 (ὤμ’
656 2749 689 2813 ἐ(
712 2748 838 2828 αἰθέρος
861 2749 969 2830 βάθος.

113 2925 314 3010 Quamquam
344 2927 429 2990 enim
456 2927 490 2990 in
518 2926 567 2990 his
590 2925 788 2991 desideratur
809 2927 866 2991 illa
888 2927 1065 3001 verborum*
1079 2925 1257 3009 collocatio,

115 3058 213 3120 quam
235 3036 432 3127 laudavimus
454 3037 488 3100 in
511 3036 683 3119 Pausania,
706 3040 816 3101 tamen
834 3036 895 3100 hoc
918 3040 1142 3120 compensatur
1163 3035 1277 3099 detri-

115 3150 260 3210 mentum
282 3147 409 3211 invecta
430 3148 501 3228 ἤτοι
522 3147 691 3231 particula,
715 3169 777 3231 qua
800 3147 940 3230 paullum
960 3146 1136 3210 invertitur
1157 3147 1259 3210 oratio

117 3260 150 3319 et
172 3257 207 3320 in
229 3257 290 3320 duo
313 3258 455 3321 membra
477 3257 673 3341 dispertitur.
717 3249 831 3340 Itaque
860 3257 919 3320 etsi
946 3261 1033 3321 recte
1056 3257 1259 3340 reprobatam

117 3367 292 3431 abeodem
319 3366 508 3431 Hermanno
537 3371 686 3451 putamus
715 3367 808 3431 huius
835 3367 921 3431 modi
949 3367 1097 3451 loquendi
1121 3369 1259 3450 speciem

117 3500 151 3560 p.
173 3477 252 3540 402:
282 3478 373 3543 οὔτοι
394 3499 444 3545 νιν
466 3479 486 3558 ἡ
509 3480 558 3559 ’μὴ
582 3480 667 3546 δεξιά
689 3480 748 3558 (φ’
770 3478 952 3560 ἀπώλεεεν,
976 3499 1057 3562 quae
1080 3496 1121 3541 ne
1142 3499 1259 3562 graeca

116 3585 245 3670 quidem
267 3610 336 3651 esse
357 3590 475 3672 potest,
498 3591 608 3652 tamen
631 3589 748 3652 aeriter
770 3588 872 3652 eidem
895 3609 1111 3672 repugnamus
1133 3588 1172 3651 de
1195 3588 1259 3652 Me·

117 3696 196 3759 deae
218 3719 248 3762 v.
275 3698 357 3763 1322
379 3699 425 3762 sic
447 3699 619 3783 iudicanti,
650 3702 685 3763 ut
707 3701 768 3780 (φὲ
790 3698 979 3763 mutandum
1001 3702 1132 3762 censeat
1153 3697 1187 3762 in
1209 3700 1259 3776 γὲ;

117 3810 179 3887 (φὲ
201 3808 287 3872 enim
309 3808 388 3872 illud
410 3809 480 3893 quis
508 3809 569 3873 sibi
596 3809 787 3893 persuadeat
815 3805 923 3873 deberi
951 3809 1115 3872 librariis?
1151 3831 1170 3872 a
1193 3809 1259 3892 qui-

51 3940 55 3944 ·
117 3918 177 3981 bus
200 3921 261 3999 (φὲ
283 3919 389 4001 potius
413 3942 600 3984 conversum
623 3924 672 3984 est
694 3920 728 3983 in
749 3922 797 4003 γὲ,
821 3923 859 3983 ut
873 3919 1036 4002 Euripidis
1058 3918 1137 3983 Ione
1159 3942 1189 3982 v.
1206 3920 1258 4001 81,

117 4028 173 4091 ubi
197 4027 264 4092 iure
287 4029 408 4113 optimo
430 4030 466 4095 L.
487 4030 645 4094 Dindorfii
668 4030 923 4094 emendationem
946 4030 1088 4113 reposuit
1103 4028 1259 4092 Herman-

116 4160 189 4203 nus.
235 4139 424 4224 Incorrupta
453 4145 502 4205 est
531 4142 616 4205 enirn
644 4140 797 4205 librorum
825 4140 998 4223 scriptura:
1035 4142 1075 4206 οὐ
1102 4142 1213 4206 τοίνυν
1240 4142 1259 4218 ἡ

116 4253 174 4330 >μὴ
198 4251 284 4316 δεξιά
306 4256 365 4332 (φ’
380 4252 556 4319 oneraret.
587 4251 673 4316 Nam
689 4251 889 4315 Medeae'sic
905 4251 1115 4315 exclamanti:
1139 4252 1166 4314 ὦ
1188 4253 1259 4315 παῖ-

115 4366 182 4442 bec,
208 4360 252 4424 dic
276 4362 393 4428 drietlle
416 4366 551 4448 πατρῴᾳ
574 4363 678 4448 νόεῳῐ
702 4366 777 4446 apte
799 4361 971 4447 respondet
992 4363 1079 4426 Iaso:
1113 4367 1183 4425 licet
1204 4367 1261 4424 uli-

601 4483 603 4486 ⁴
992 4465 1058 4529 46*
