2948 4996
217 309 280 378 416
649 329 696 380 oa
718 331 920 383 acnrnonrs

219 483 466 568 coniungeretur
498 505 569 547 cunr
602 506 639 548 ea
671 489 704 548 et
736 490 975 570 compararetur
1006 484 1226 553 Perdiccae
1264 485 1363 572 impe·

218 593 316 676 rium,
355 594 405 658 cui
432 594 487 658 ille
514 595 677 658 successit.
723 594 818 660 Cuius
845 596 884 660 de
911 596 1045 680 imperio
1073 598 1152 661 item
1180 599 1364 683 quadrupli-

185 703 300 767 ociter
321 704 537 767 existImatum
559 726 628 768 esse
651 728 670 768 a
693 705 852 769 veteribus
875 705 1034 771 historicis
1057 707 1247 772 Athenaeus
1269 709 1365 773 docet

218 813 248 876 V
270 837 301 897 p.
329 814 391 877 217
415 819 452 917 Q.
477 820 514 878 E.
558 813 644 878 Nam
666 837 738 879 cum
760 814 801 878 ab
821 814 995 880 Nicomede
1017 816 1181 881 Acanthio
1203 818 1365 883 diceretur

218 946 320 987 anuos
343 944 496 1008 regnasse
517 924 785 1009 quadraginta
808 947 937 1008 unum,
966 926 1080 1011 quibus
1106 949 1207 991 unum
1234 932 1364 993 tantum

218 1033 318 1097 demit
344 1034 561 1098 Anaximenes
590 1034 841 1120 (Lampsacenus
867 1039 904 1098 ut
929 1035 1083 1120 ridetur),
1120 1041 1232 1102 contra
1260 1038 1363 1103 Theo·

217 1166 352 1228 pompus
380 1144 410 1209 ei
436 1143 554 1209 11111111
577 1145 748 1230 quinque
776 1148 815 1208 et
842 1145 1030 1229 triginta,
1067 1146 1286 1230 Hieronymus
1308 1171 1363 1212 au-

216 1259 282 1318 tem
315 1253 473 1337 XXVIII,
518 1254 654 1339 denique
687 1255 800 1319 XXIII
836 1255 1033 1341 Marsyas*)
1068 1260 1102 1320 et
1138 1256 1361 1327 Philochorus.

217 1364 296 1429 Cum
318 1364 379 1447 his,
403 1385 481 1448 quos
503 1365 615 1430 ultimo
638 1365 712 1449 loco,
731 1365 902 1450 appellavi,
925 1366 1022 1450 plane
1045 1367 1198 1432 convenit
1219 1367 1363 1433 Diodoro

219 1475 303 1559 apud
325 1475 499 1538 Eusebium
519 1498 551 1558 p.
576 1477 638 1541 323
662 1476 734 1541 coll.
758 1499 789 1560 p.
814 1476 877 1541 324
904 1479 936 1540 et
958 1476 1107 1561 Synoello
1128 1500 1160 1561 p.
1184 1477 1248 1544 247
1274 1483 1302 1542 Β
1330 1483 1363 1542 et

218 1609 249 1669 p.
278 1585 341 1648 262
369 1590 413 1667 1),
452 1607 524 1650 cum
550 1585 747 1670 Hieronymo
774 1608 881 1650 rursus
910 1586 971 1670 ipsi
998 1587 1137 1652 Eusebio
1164 1587 1197 1652 Π
1224 1610 1257 1673 p.
1286 1588 1361 1669 211,

108 1678 110 1682 ⁸
219 1695 354 1779 denique
378 1717 448 1759 cum
470 1694 644 1759 Nicomede
659 1696 816 1779 Marmori,
834 1696 929 1760 Pario
951 1720 980 1760 1.
999 1698 1039 1762 73
1062 1700 1094 1761 et
1117 1699 1230 1763 76111
1254 1720 1304 1782 ep.
1320 1700 1363 1764 59

218 1811 250 1869 et
276 1806 328 1870 62.
379 1805 497 1881 Quodsi
525 1806 712 1870 brevissima
739 1828 880 1890 quaeque
914 1807 1038 1890 imperii
1065 1808 1171 1891 spatia
1196 1809 1363 1894 iungimus

217 1916 412 2000 longissimis
440 1916 614 2000 quibusque
641 1916 805 2001 utriusque
832 1916 933 2001 regis,
967 1917 1138 2002 eademque
1168 1919 1295 1984 ratione
1324 1942 1362 1983 ea

218 2048 298 2110 qnae
321 2031 396 2090 sunt
417 2026 522 2091 media
548 2027 635 2090 inter
657 2048 690 2090 se
713 2026 926 2110 disponimus,
956 2027 1082 2091 illorum
1103 2029 1362 2095 testimoniorum

218 2137 434 2221 discrepantia
456 2136 589 2201 solvitur
612 2138 758 2219 eatenus,
788 2141 824 2200 ut
846 2137 949 2201 omnis
971 2139 1188 2202 controversia
1210 2144 1363 2223 quattuor

218 2247 257 2310 ad
281 2269 438 2312 summurn
460 2269 617 2311 annorum
632 2246 815 2311 discrimine
837 2251 980 2312 vertatur
1002 2270 1222 2333 annorumque
1238 2272 1362 2315 summa

101 2337 106 2339 Α
218 2358 380 2441 utriusque
413 2356 539 2441 imperii
567 2357 730 2421 coniuncti
763 2356 848 2420 inter
876 2358 1166 2443 quadragenarium
1192 2381 1363 2426 numerum

218 2472 251 2531 et
272 2467 581 2552 quinquagenarium
603 2467 765 2531 subsistat.
802 2466 890 2542 Quod
913 2468 1211 2534 mathematicorum
1235 2472 1363 2536 ratione

218 2577 374 2641 declarari
396 2580 502 2661 potest
523 2579 558 2641 in
580 2578 666 2642 hunc
687 2578 831 2643 modum:

547 2687 719 2753 Perdiccae
763 2688 914 2753 Archelai

573 2800 713 2864 11111141
741 2809 775 2876 -1-
822 2801 906 2864 7=
926 2800 967 2864 48

674 2913 717 2976 35
743 2917 777 2986 †
804 2910 844 2974 14
863 2939 907 2968 =
926 2910 969 2974 49

674 3021 716 3085 28
742 3024 776 3093 -1-
803 3022 841 3085 17
863 3049 907 3080 =
927 3020 970 3086 45

675 3132 716 3197 23
743 3140 777 3209 -1-
802 3132 844 3196 24
864 3159 907 3188 =
926 3132 968 3194 47

216 3247 328 3331 Itaque
352 3268 423 3310 oum
445 3246 484 3309 de
506 3263 629 3309 summa
652 3263 819 3326 annorum,
842 3264 920 3326 quos
943 3240 1108 3305 amborum
1127 3263 1243 3327 regum
1266 3243 1365 3329 impe·

216 3357 298 3419 rium
321 3358 479 3440 expleret,
500 3355 731 3442 propemodum
754 3353 939 3417 conveniret
960 3352 1137 3433 historicis,
1167 3353 1207 3417 de
1232 3377 1270 3418 eo
1292 3359 1365 3421 tau-

216 3470 285 3530 tum
307 3466 407 3531 videri
430 3466 531 3550 possit
552 3464 733 3528 dubitatum
756 3485 839 3545 esse,
868 3461 1044 3547 quomodo
1071 3463 1239 3546 utriusque
1262 3488 1366 3551 regno

217 3599 291 3641 suus
314 3599 471 3641 annorum
492 3597 642 3639 numerus
664 3573 900 3639 distribuendus
923 3575 1016 3636 esset.
1118 3542 1136 3580 ⁸

302 3688 348 3751 At
369 3710 443 3752 vero
465 3686 546 3751 haec
568 3686 698 3749 minime
726 3686 773 3749 ita
800 3705 868 3749 esse
901 3683 1099 3769 argumentis
1126 3681 1265 3749 docetur
1292 3709 1366 3770 gra-

217 3797 364 3862 vissimis.
415 3797 546 3861 Etenim
573 3799 605 3859 et
634 3796 712 3859 illud
741 3794 954 3878 reputandum
981 3797 1045 3876 est,
1074 3815 1112 3857 ea
1140 3793 1180 3857 de
1209 3796 1368 3861 Archelai

216 3930 317 3993 regno
347 3908 545 3988 testimonia,
577 3929 658 3990 quae
686 3906 790 3989 primo
818 3908 851 3968 et
871 3904 967 3968 tertio
994 3903 1064 3967 loco
1085 3904 1270 3987 posuimus,
1301 3931 1369 3972 nou

217 4041 284 4083 esse
313 4019 453 4083 diversas
481 4018 677 4081 diversorum
709 4015 903 4097 sententias,
941 4014 996 4077 sed
1023 4036 1063 4078 ex
1091 4036 1156 4078 uno
1188 4017 1369 4102 eodemque

217 4130 356 4193 Diodoro
383 4131 526 4212 sumpta:
554 4127 623 4212 qui,
653 4127 681 4191 si
703 4149 753 4190 res
781 4126 827 4190 ita
848 4147 881 4189 se
903 4123 1051 4207 haberet,
1083 4124 1162 4189 adeo
1190 4127 1371 4211 dupliciter

217 4285 234 4291 —.
249 4285 418 4292 -—-—---

284 4364 308 4436 ²⁸)
328 4366 377 4434 [De
396 4366 448 4421 hoc
467 4365 528 4420 vide
546 4364 777 4420 Dissertationum
795 4362 858 4419 XVI
876 4361 955 4417 huius
973 4360 1139 4433 voluminis]
