2896 4996
448 343 495 388 nn
519 342 588 389 ono
611 343 655 388 nn
679 342 820 389 omonn.
1144 325 1207 388 625

65 501 148 564 ἔςτιν
171 497 264 581 -.*)
309 495 481 560 Obscurior
504 496 590 559 enim
612 495 770 559 Diodorus
793 495 941 558 comicus.
987 493 1031 557 Et
1054 494 1088 557 in
1112 494 1206 557 comi-

65 631 175 673 corum
190 607 318 691 quidem
340 607 478 671 lectione
494 606 594 670 Orum
609 607 755 670 novimus
770 605 934 689 ¹imprimis
958 609 1129 669 versatum.
1160 612 1206 691 τῷ

65 723 174 783 autem
198 718 368 799 articulus,
403 718 479 781 licet
506 718 628 780 alienus
656 717 710 781 ille
734 717 774 780 ab
804 716 954 800 loquendi
978 716 1207 781 consuetudine

65 829 307 914 diligentiorum
330 827 537 911 scriptorum,
567 827 667 911 quode
689 828 750 910 ipsi
778 829 998 911 praecepimus
1021 827 1148 911 Prolcg.
1172 828 1207 889 in

65 941 224 1004 Thomam
245 940 290 1002 M.
313 961 345 1023 p.
364 937 399 1020 C,
422 942 531 1001 tamen
554 939 697 1002 incuriae
718 938 769 1001 vel
792 939 983 1021 scriptorum
998 938 1048 1001 vel
1063 938 1207 1002 librario-

66 1073 138 1115 rum
153 1072 219 1114 uon
232 1071 295 1113 uno
306 1050 341 1112 in
353 1049 423 1113 loco
437 1048 579 1112 debetur.
609 1047 699 1123 Quod
716 1052 753 1113 ut
770 1048 816 1111 ita
829 1070 1005 1133 essequam
1023 1047 1209 1112 brevissimo

65 1161 220 1244 temporis
247 1160 351 1244 spatio
380 1180 570 1244 cognoscas,
605 1160 714 1223 evolve
743 1159 836 1223 modo
870 1160 991 1223 indices
1018 1160 1210 1243 scriptorum

66 1272 157 1334 velut
171 1271 207 1334 in
220 1270 383 1334 Pollucem
399 1270 450 1334 vel
461 1268 759 1352 Harpocrationem,
777 1270 833 1334 ubi
853 1270 966 1334 citatos
979 1269 1117 1354 reperies
1134 1291 1161 1333 e.
1182 1291 1208 1332 c.

66 1380 263 1465 Aeschylum
284 1382 407 1446 ἐντοῖς
428 1384 651 1460 ψυχαγωγοῖς,
670 1380 852 1463 Amipsiam
873 1382 908 1445 ἐν
930 1388 968 1464 τῇ
985 1382 1122 1462 (capot,
1146 1380 1210 1442 Eu-

65 1492 209 1576 polidem
230 1492 265 1571 ἐν
284 1497 330 1576 τῷ
352 1493 489 1574 Μαρικᾷ,
509 1489 676 1554 Platonem
697 1492 795 1577 ’ἐντῷ
814 1499 944 1574 ποιητῇ,
960 1490 1212 1574 Aristophanem

68 1603 176 1686 ἐντῷ
199 1603 292 1684 γήρᾳ,
315 1602 393 1664 ahos
415 1602 601 1685 permultos,
626 1601 751 1686 quibua,
775 1623 890 1686 operae
912 1602 1051 1685 pretium
1067 1601 1094 1665 si
1116 1605 1210 1682 esset,

66 1712 159 1776 nullo
181 1711 312 1796 negotio
334 1714 496 1775 sescentos
519 1711 667 1776 adderem
689 1735 755 1777 non
778 1735 816 1776 err
838 1712 997 1777 indicibus
1019 1713 1153 1796 petitos,
1176 1715 1213 1775 ut

65 1822 275 1886 Heraclidem
304 1823 339 1888 ἐν
367 1828 414 1907 τῷ
442 1823 596 1889 ξενίζοντι
619 1823 779 1887 Athenaei
802 1822 832 1886 X
855 1846 886 1907 p.
910 1824 973 1887 414
996 1829 1024 1887 J)
1045 1824 1095 1887 vel
1119 1821 1212 1885 Anti-

66 1933 210 2017 phanem
233 1933 337 2019 ἐντῷ
360 1933 480 2017 αὐλητῇ
503 1932 582 1996 XIV
596 1955 628 2016 p.
645 1934 707 1997 618
723 1939 761 1997 Β.
797 1932 866 1997 Nec
887 1955 961 1997 vero
977 1934 1046 1998 sine
1069 1933 1213 2016 exemplo

65 2043 150 2106 illud
172 2046 232 2125 est,
257 2042 340 2125 quod
362 2042 573 2126 praemissum
594 2043 693 2122 Ὧρος
722 2066 840 2108 nomen
868 2045 1088 2108 testimonium
1110 2043 1213 2126 sequi-

65 2157 140 2235 tur,
170 2152 254 2236 quod
283 2153 324 2216 ab
351 2152 421 2236 ipso
444 2153 508 2217 Oro
537 2152 671 2216 allatum
700 2176 767 2218 esse
789 2157 889 2239 patet.
936 2154 1005 2237 Sic,
1028 2176 1070 2218 ne
1093 2154 1212 2217 multus

64 2264 132 2327 sim
159 2262 194 2326 in
223 2285 257 2326 rc
288 2267 416 2348 aperta,
445 2263 552 2347 Eltym.
582 2264 626 2326 M.
656 2287 688 2348 p.
711 2265 770 2348 47,
800 2265 841 2328 22
868 2265 903 2328 in
930 2265 1013 2328 libro
1042 2287 1100 2327 ms.
1131 2263 1213 2347 (Lei-

65 2373 162 2438 densi
182 2376 282 2460 puto)
315 2374 400 2458 apud
428 2373 679 2438 Valckenarium
711 2376 746 2438 in
779 2375 935 2439 Herodoti
963 2375 1010 2439 IV
1039 2396 1109 2458 cap.
1136 2374 1213 2438 196:

65 2485 157 2562 Ἀκή,
179 2484 199 2562 ἡ
223 2485 348 2564 ὀξύτης·
377 2485 483 2549 οὕτως
504 2472 620 2565 Ὦρος·
649 2479 834 2564 Ἀρχίλοχος
858 2508 884 2549 e.
909 2508 940 2570 q.
964 2508 989 2549 a.
1017 2523 1055 2532 —
1083 2484 1212 2565 Quodsi,

66 2616 153 2679 quae
185 2594 332 2657 videatur
363 2594 524 2658 sententia
557 2617 624 2659 esse
648 2595 834 2678 Apollodori
867 2618 1031 2677 versuum,
1067 2617 1211 2678 quaeras,

66 2704 347 2769 adulescentulum
380 2705 502 2769 conicio
532 2705 570 2769 de
604 2705 731 2769 sordida
758 2706 859 2790 patris
889 2706 1084 2790 parsimonia
1112 2706 1212 2789 queri,

64 2816 170 2896 velut,
194 2819 232 2879 ut
252 2838 351 2879 unum
372 2816 552 2898 exemplum
574 2837 692 2899 ponam
714 2839 730 2879 e
752 2817 871 2899 multia,
896 2817 931 2880 in
952 2817 1037 2879 hanc
1059 2817 1214 2900 speciem:

65 2928 177 2992 ἔςτιν
198 2930 341 3005 πατὴρ,
363 2928 527 3005 κύμινον
551 2925 648 2993 αὖον
669 2928 827 3005 ἐςθίων,
855 2931 918 2991 κτλ.
939 2927 999 2990 hoc
1021 2930 1083 2989 est:
1111 2930 1214 3009 ‘pater

63 3036 152 3103 mihi
175 3039 234 3118 est,
258 3036 311 3120 qui
334 3036 418 3101 sicco
440 3036 525 3100 vesci
549 3036 677 3101 cumino
692 3038 773 3100 solet
788 3042 821 3100 et
834 3040 962 3100 tantum
985 3058 1051 3099 non
1072 3036 1212 3118 frondes,

64 3146 217 3211 surculos
241 3146 368 3210 condire
397 3147 565 3230 ficulneoS,
595 3169 661 3211 non
689 3148 774 3229 ipsas
802 3150 929 3210 tantum
952 3147 1052 3210 ficos.'
1098 3146 1212 3222 Quam-

6 3294 22 3318 ·
64 3279 169 3342 quam
197 3256 328 3320 minime
357 3257 485 3340 dubito,
519 3256 597 3339 quin
628 3258 725 3342 longe
759 3257 894 3321 facetius
923 3257 1086 3340 quidpiam
1120 3261 1214 3340 poeta

62 3367 215 3454 potuerit
248 3367 286 3430 de
322 3367 449 3431 cumino
481 3389 622 3431 narrare.
673 3367 821 3432 Ceterum
854 3367 1063 3450 Therippides
1097 3388 1215 3431 nomen

62 3477 152 3545 mihi
180 3477 308 3561 quidem
339 3500 405 3542 non
434 3477 561 3542 aliunde
592 3477 758 3563 cognitum
786 3477 850 3541 uisi
877 3499 894 3541 e
921 3477 1148 3541 Demosthenis
1180 3477 1216 3540 in

13 3591 22 3598 ’
61 3587 248 3673 Aphobum
270 3588 476 3652 orationibus.
774 3568 777 3574 ’

599 3786 618 3873 ’ἓ
641 3789 693 3857 21.

161 3924 190 3991 l.
237 3920 385 4010 Sequitur
406 3932 458 4011 ut,
493 3950 570 4012 quos
593 3932 684 3992 extra
712 3923 945 3992 dubitationem
974 3924 1137 4011 posuimus
1160 3922 1217 3991 Ori

54 4038 332 4122 commentarios,
357 4038 413 4129 eis,
437 4042 591 4122 quantum
611 4039 739 4122 quidem
761 4039 830 4102 fieri
852 4038 963 4123 possit,
987 4038 1115 4123 singula
1131 4038 1216 4122 frag-

133 4297 164 4363 *χ
185 4292 261 4364 [Non
278 4292 458 4362 improbabat
475 4293 628 4349 Meinekius
646 4294 717 4349 Hist.
737 4294 796 4349 crit.
818 4311 887 4349 com.
906 4312 947 4363 gr.
966 4312 992 4362 p.
1007 4299 1069 4347 468:
1089 4292 1217 4346 dubitare

45 4392 143 4465 oepit
164 4388 222 4442 vol.
244 4385 283 4439 IV
299 4405 326 4456 p.
348 4393 399 4442 457
419 4406 469 4455 sq,
488 4388 522 4442 dc
541 4388 662 4456 prosaici
682 4383 1011 4457 scriptoris'fragmcnto
1032 4387 1178 4455 cogitans]

112 4496 166 4533 rra.
189 4491 358 4526 nrrscnncn
379 4490 524 4525 ornacunu
544 4493 564 4528 r.
975 4475 1017 4537 40
