3014 5010
235 301 296 363 160
534 315 783 362 coaonnsarvu
806 290 1076 363 ursrrrarroars¹

232 489 347 552 graece
373 472 502 532 tantmn
528 467 631 530 docto.
669 466 714 530 Vt
746 467 846 551 igitur
875 470 1086 549 revertamur,
1120 468 1205 530 unde
1237 469 1375 550 profecti

232 600 353 641 sumus:
386 577 469 661 quod
502 577 551 639 vel
584 598 652 640 esse
684 598 792 639 verum
820 577 870 640 vel
903 597 994 659 posse
1027 597 1094 639 esse
1124 576 1163 640 de
1191 579 1373 660 Aegyptiis,

232 687 403 770 Hebraeis,
434 686 538 750 Persis
561 686 790 768 intelleximus,
819 707 896 768 quos
918 685 1045 768 quidem
1067 687 1185 767 partim
1207 684 1375 768 Syncellus

231 819 262 879 p.
286 797 392 860 2711)
414 796 531 879 partim
554 795 755 878 Epiphanius
777 795 816 858 de
838 794 934 878 pond.
959 799 991 858 et
1012 816 1113 858 mens.
1137 817 1164 858 c.
1187 796 1207 858 9
1229 797 1374 859 nomina-

230 906 288 968 tim
322 909 586 986 commemorant,
620 903 695 987 quid
728 908 777 967 est
805 926 860 967 cur
893 926 958 967 non
992 904 1089 967 etiam
1117 904 1150 967 in
1179 905 1374 987 reliquorum

231 1015 383 1098 quosdam
406 1002 562 1077 cumillis
586 1015 838 1076 consociatorum
860 1014 972 1076 cadere
996 1014 1205 1077 concedamus
1228 1015 1374 1096 quamvis

230 1123 484 1187 testimoniorum
506 1122 568 1186 lide
591 1121 758 1185 destituti?

762 1384 835 1463 §a

467 1520 521 1582 De
543 1519 754 1582 Pisistrati
777 1517 881 1580 curis
904 1516 1136 1582 Homericis.

314 1671 557 1734 Transeundum
585 1674 634 1734 est
661 1669 701 1732 ad
729 1670 930 1753 quaestiones
956 1669 1159 1733 Homericae:
1189 1670 1228 1732 dc
1256 1672 1373 1753 quibus

231 1802 301 1843 cum
329 1784 384 1843 aut
412 1780 493 1843 nihil
517 1778 796 1843 commentandum
823 1779 865 1842 sit
893 1783 949 1842 aut
976 1779 1057 1841 liber
1084 1779 1287 1862 scribendus,
1318 1781 1373 1845 hic

130 1906 133 1915 ’
230 1889 357 1972 quidem
371 1890 678 1971 praetermittemus,
703 1909 908 1971 quaecunque
924 1891 964 1950 ad
985 1888 1087 1970 ipsam
1108 1889 1274 1953 historiam
1290 1891 1323 1954 h.
1342 1913 1370 1955 e.

230 2020 301 2061 cum
323 1999 463 2083 origines
486 2003 552 2061 tum
575 1998 809 2062 vicissitudines
833 1998 1009 2061 carminum
1031 1997 1273 2062 Homericorum
1298 2022 1372 2082 per·

228 2108 351 2170 tinent:
377 2108 506 2172 tametsi
528 2106 645 2173 inhoc
667 2128 785 2191 genere
808 2109 840 2169 et
862 2105 1063 2169 doctissimus
1086 2107 1307 2191 Nitzschius*)
1332 2131 1371 2173 ea

229 2221 341 2279 contra
369 2239 428 2279 nos
456 2238 558 2299 nuper
584 2216 774 2299 disputavit,
804 2215 917 2298 quibus
945 2236 1060 2298 operae
1089 2217 1225 2298 pretium
1253 2217 1296 2280 sit
1322 2241 1370 2285 re-

228 2318 384 2406 spondere
407 2326 600 2406 accuratius,
625 2328 657 2387 et
675 2346 749 2388 vero
771 2328 822 2387 sat
844 2324 943 2408 digna
965 2328 1142 2389 memoratu
1164 2347 1220 2408 per
1242 2326 1369 2391 litteras

228 2433 473 2497 humanissimas
495 2434 645 2498 Lehrsius
667 2435 833 2498 nobiscum
857 2434 1113 2498 communicavit.
1152 2433 1368 2500 Subsistemus

228 2542 327 2625 igitur
359 2544 393 2605 in
426 2544 470 2606 eis
503 2544 596 2626 ipsis„
631 2565 711 2627 quae
739 2565 756 2606 e
783 2542 900 2606 Taetza
930 2543 1097 2607 Plautinus
1128 2543 1301 2609 scholiasta
1336 2550 1369 2609 et

229 2651 457 2734 grammaticus
491 2652 655 2717 Parisinus
688 2656 923 2734 excerpserrmt.
979 2653 1028 2715 Ac
1062 2652 1101 2716 de
1133 2654 1264 2738 reliquis
1296 2676 1368 2718 cum

229 2760 307 2822 satis
328 2762 413 2824 inter
434 2765 600 2846 utrumque
624 2763 809 2845 conveniat,
838 2783 937 2825 unum
959 2765 1008 2825 est
1028 2765 1171 2844 tantum,
1201 2764 1284 2845 quod
1310 2786 1369 2847 per

228 2890 262 2931 se
294 2869 502 2952 disceptahile
533 2871 634 2934 visum
668 2871 771 2955 magis
804 2873 1041 2934 controversum
1074 2870 1216 2935 redditur
1248 2894 1367 2956 graeco

228 2978 419 3043 testimonio
464 2979 549 3043 Nam
578 2985 739 3062 Conoylum
768 3001 838 3044 cum
868 2980 1055 3044 dixissemus
1083 3002 1152 3044 esse
1182 2985 1365 3063 Concdylum

227 3088 379 3170 aliquem:
403 3089 666 3172 quemadmodum
680 3112 710 3152 v.
727 3091 769 3154 34
785 3095 987 3154 Callimachus
1001 3091 1150 3154 scribitur
1166 3095 1365 3157 Callimacro:

227 3196 304 3259 illud
327 3219 444 3261 nomen
466 3220 507 3261 ne
534 3199 643 3283 graeci
671 3198 797 3281 quidem
823 3199 977 3263 sermonis
1006 3200 1144 3282 speciem
1166 3201 1265 3264 ullam
1288 3224 1366 3285 prae

176 3321 208 3367 rr
227 3327 260 3369 se
287 3307 371 3370 ferre
393 3306 619 3390 Bernhardyus
648 3309 814 3371 contendit
841 3331 872 3391 p.
898 3309 970 3372 835.
1016 3308 1106 3382 Quod
1132 3309 1285 3374 indicium
1312 3312 1366 3376 vix

227 3416 420 3498 exspectaris
444 3419 551 3479 atam
579 3416 673 3480 docto
700 3416 778 3479 viro.
823 3416 905 3490 Quid
932 3417 1018 3480 enim
1045 3417 1122 3482 illud
1150 3423 1199 3482 est
1220 3421 1365 3503 tandem,

228 3545 283 3586 cur
315 3547 381 3588 non
409 3547 429 3588 a
450 3526 549 3605 κόγχη
582 3528 700 3605 κόγχο(
730 3528 817 3590 recte
844 3529 939 3609 atque
971 3525 1083 3590 ordine
1114 3527 1196 3591 fiant
1221 3532 1365 3610 κογχύλη

294 3751 318 3817 *)
338 3751 567 3818 [‘Meletematum
590 3753 624 3806 de
647 3751 764 3805 historia
781 3752 894 3806 Homeri
915 3755 981 3807 fase.
1001 3754 1026 3805 ΙΙ
1045 3770 1144 3809 comm.
1162 3752 1200 3807 IV
1218 3756 1366 3824 particula,

225 3840 254 3893 in
272 3857 327 3908 qua
344 3841 502 3912 disputatur
520 3845 554 3898 de
566 3845 714 3898 Pisistrato
727 3843 934 3898 Homericorum
952 3845 1104 3899 carminum
1121 3844 1310 3903 instauratore
1328 3850 1366 3903 ad

226 3934 348 3988 scholion
367 3935 525 3991 Plautinum
543 3955 631 4006 nuper
649 3939 819 4006 repertnm':
842 3954 913 4004 quae
936 3937 1088 4006 disputatio
1106 3938 1196 3993 Kiliae
1214 3940 1320 4009 prodiit
1337 3959 1365 3995 a.

226 4031 299 4080 1839.
336 4027 423 4090 Quem
445 4032 544 4097 postea
566 4031 654 4084 lenius
671 4029 841 4083 iudicantem
859 4032 988 4098 expertus
1010 4048 1069 4083 sum
1091 4030 1122 4083 in
1139 4048 1172 4086 eo
1190 4031 1262 4085 libro
1281 4050 1365 4100 qucru

226 4117 429 4187 ‘Sagenpocsie
452 4122 501 4175 der
524 4122 675 4176 Griechen’
697 4121 850 4190 inscripsit,
873 4140 900 4189 p.
924 4128 973 4175 310
996 4140 1056 4190 sqq.
1095 4123 1259 4177 Graviorem
1282 4126 1367 4179 nobis

225 4209 425 4277 adversarium,
449 4231 615 4281 quamquam
637 4215 755 4268 eundern
778 4213 982 4279 suavissimum,
1005 4215 1143 4270 exstitisse
1161 4216 1307 4271 Lehraium
1324 4219 1366 4272 in-

224 4304 382 4369 tellegimus
399 4306 427 4357 in
446 4307 629 4360 ‘Aristarchi’
649 4309 690 4360 sui
708 4307 829 4361 editione
848 4308 939 4359 altera
956 4325 982 4374 p.
1002 4311 1155 4376 lus-450}
