2896 4996
215 345 278 410 646
603 360 650 406 na
673 358 743 405 ouo
766 360 811 406 nr
834 358 976 406 oruona.

215 517 255 580 de
270 516 394 595 ’Ἀδρίας
418 514 517 598 (ηιιοά
533 537 651 577 nornen
674 513 708 576 in
725 514 781 577 Ori
796 512 945 577 Ethnicis
967 513 1067 576 fuisse
1090 535 1189 597 supra
1211 513 1358 599 vidimus)

215 628 391 692 narrantur
412 646 478 688 non
500 625 626 689 diversa
649 625 690 687 ab
713 623 869 708 Stephani
892 623 1046 686 memoria
1069 646 1101 706 p.
1127 624 1278 708 19·sq.*)

299 739 331 801 3.
377 735 510 800 Praeter
532 756 674 818 eaquae
697 733 863 798 attulimus
886 734 943 799 Ori
966 734 1152 798 testimonio
1179 733 1362 819 Stephanus

215 850 317 913 utitur
346 871 379 931 p.
403 846 461 927 22,
491 845 549 909 24:
588 847 757 923 Ἀθῆναι,
793 846 904 910 πόλεις
932 846 1012 910 κατὰ
1039 847 1097 925 μὲν
1125 845 1230 926 Ὦρον
1257 848 1363 923 πέντε,

217 962 297 1025 κατὰ
320 960 356 1023 δὲ
377 958 512 1023 Φίλωνα
534 957 575 1023 ἕξ.
605 956 705 1038 Atqui
728 955 936 1039 progrediens
960 957 1207 1021 commentando
1230 956 1364 1042 Stepha

217 1093 278 1134 nus
301 1090 361 1133 nec
377 1068 518 1152 quinque
540 1067 742 1150 persequitur
763 1087 824 1130 nec
846 1088 901 1130 sex
923 1062 1036 1150 urbes,
1059 1067 1115 1131 sed
1139 1071 1212 1131 octo
1235 1068 1364 1152 (quibus

218 1204 256 1245 ex
291 1180 431 1244 Arriano
464 1200 584 1241 nonum
613 1177 775 1260 quandam
809 1176 925 1240 addere
958 1177 998 1240 de
1025 1198 1083 1241 suo
1110 1177 1264 1261 videtur).
1315 1179 1364 1243 Ex

217 1315 279 1375 quo
301 1313 368 1355 non
390 1290 459 1353 sine
482 1289 607 1351 ratione
631 1288 780 1372 colligas,
811 1309 876 1352 non
903 1287 1002 1352 fuisse
1025 1288 1082 1352 Ori
1104 1289 1249 1372 quinque
1271 1289 1366 1353 urbes

166 1413 199 1461 58
218 1424 272 1466 sex
300 1402 429 1464 illarum
457 1398 679 1463 Philoniarum
707 1420 839 1462 numero
867 1420 977 1462 ornnes
1007 1398 1274 1482 comprehensas,
1311 1400 1364 1463 sed

217 1513 297 1577 alias
321 1512 362 1574 ab
384 1514 517 1594 utroque
539 1509 792 1594 praetermissae,
817 1510 897 1573 alias
913 1509 1047 1572 additas.
1079 1508 1128 1572 Ex
1152 1531 1217 1593 quo
1240 1533 1366 1575 rursum

217 1623 278 1687 hoc
300 1622 521 1705 consequitur,
551 1643 660 1684 earum
688 1641 770 1704 quae
798 1619 949 1704 deinceps
977 1624 1209 1683 enumerantur
1238 1623 1365 1685 urbium

217 1756 316 1797 unam
345 1735 378 1796 et
404 1732 482 1796 item
510 1732 645 1817 alteram
674 1732 715 1794 ah
744 1732 808 1795 Oro
839 1733 1000 1813 sumptam
1034 1752 1112 1794 esse.
1164 1730 1259 1804 Quod
1294 1755 1366 1797 cum

217 1845 398 1909 accuratius
421 1841 546 1906 definiri
569 1841 658 1904 nullo
680 1844 776 1924 pacto
798 1842 910 1924 queat,
940 1843 1050 1905 tamen
1077 1844 1213 1924 propter
1235 1845 1365 1908 ratioci-

218 1955 383 2019 nationem
406 1952 568 2037 quandam
591 1973 696 2014 meam
718 1951 759 2014 ad
782 1951 882 2016 Orum
905 1951 1009 2014 refero
1031 1951 1125 2015 haec:
1159 1954 1310 2034 Δίδυμος
1331 1958 1365 2020 δέ

216 2088 330 2149 φηςιν,
367 2065 415 2129 ὅτι
449 2063 653 2142 Ἀθηναίας
687 2064 835 2138 λέγουειν
870 2064 941 2127 ἀντὶ
975 2067 1034 2126 τοῦ
1061 2064 1245 2129 Ἀττικάς.
1280 2066 1301 2130 ὁ
1331 2069 1365 2131 δὲ

218 2179 379 2258 Φρύνιχος
400 2174 569 2241 ἀνάττικόν
592 2193 687 2253 φηςιν
710 2171 792 2239 εἶναι
814 2175 873 2251 τὴν
895 2176 1024 2254 φωνὴν,
1047 2174 1096 2236 καὶ
1118 2176 1273 2252 θαυμάζει
1296 2181 1365 2242 πῶς

218 2290 236 2352 ὁ
260 2287 460 2366 Φερεκράτη(
483 2283 694 2349 ἀττικώτατος
722 2284 770 2349 ὢν
794 2288 912 2363 χρῆται.
956 2283 1051 2348 ἀςτὰς
1073 2286 1109 2349 δὲ
1130 2286 1188 2348 τὰς
1211 2291 1365 2362 γυναῖκα(

218 2399 334 2475 ἔλεγον
358 2397 398 2461 οὐ
421 2396 473 2461 διὰ
494 2395 532 2459 τὸ
554 2397 594 2474 μὴ
625 2394 777 2460 δύναεθαι
804 2396 909 2470 λέγειν
936 2394 1115 2473 Ἀθηναίας,
1150 2396 1227 2460 ἀλλ’
1256 2398 1364 2477 ἐπειδὴ

221 2511 271 2573 καὶ
293 2509 369 2572 τοὺς
391 2507 511 2586 ἄνδρας
532 2506 648 2570 ἀετοὺς
670 2505 821 2570 ἐκάλουνῑ
850 2508 1133 2593 quorumpartem
1155 2505 1258 2571 habes
1281 2509 1363 2593 apud

219 2618 351 2684 Suidam
379 2639 409 2680 v.
443 2617 618 2695 Ἀθηναίας.
669 2614 753 2678 Nam
787 2619 820 2677 et
853 2615 982 2699 Didymi
1015 2616 1243 2680 auctoritatem
1275 2621 1362 2704 sequi

218 2730 299 2793 alias
322 2728 403 2791 solet
425 2733 458 2790 et
481 2730 593 2790 contra
616 2725 834 2808 Phrynichum
862 2726 1019 2810 singulari
1047 2729 1281 2792 commentario
1303 2730 1363 2793 dis-

217 2840 354 2925 putavit.
399 2840 507 2921 Atque
535 2837 597 2900 hoc
624 2836 696 2899 vide
723 2858 819 2919 quam
847 2836 975 2920 egregie
1004 2835 1194 2901 concilietur
1226 2861 1299 2903 cum
1328 2863 1363 2903 ea

217 2974 313 3036 quam
347 2950 430 3031 §21
465 2949 616 3031 proposui
652 2946 852 3028 coniectura,
888 2968 960 3010 curn
992 2946 1033 3009 ab
1062 2946 1127 3011 Oro
1161 2947 1362 3032 aliquantum

218 3062 392 3146 profecisse
408 3058 666 3123 Antiatticistam
689 3057 828 3120 Beklreri
851 3057 1029 3139 suspicatus
1052 3080 1131 3120 sum.
1163 3059 1264 3142 Apud
1280 3059 1363 3123 hunc

219 3176 306 3237 enim
328 3172 434 3257 posita
456 3193 488 3253 p.
513 3171 565 3253 77,
588 3171 609 3233 5
637 3168 819 3246 Ἀθηναίανῑ
857 3168 916 3232 οὐκ
936 3169 1076 3246 Ἀττικήν
1100 3169 1268 3251 praeclare
1292 3192 1362 3234 con-

218 3284 354 3348 veniunt
374 3284 410 3345 in
426 3280 556 3364 Didymi
579 3279 783 3359 sententiam,
808 3300 889 3361 quae
911 3282 1018 3341 autern
1041 3279 1242 3363 praecedunt
1265 3283 1362 3358 Ἀςτή,

218 3399 303 3459 πᾶςα
318 3395 336 3473 ἡ
352 3394 386 3458 ἐξ
408 3394 596 3471 ἡςτινοςοῦν
619 3391 760 3467 πόλεως,
783 3390 822 3454 οὐ
845 3389 947 3468 μόνον
969 3391 1002 3455 ἐξ
1020 3391 1175 3470 Ἀθηνῶν,
1199 3392 1363 3455 commode

218 3505 330 3568 iuncta
353 3526 421 3566 esse
444 3502 502 3567 Ori
525 3501 630 3564 verbis
653 3504 827 3584 potuerunt
849 3501 944 3567 ἀςτὰς
966 3503 1002 3566 δὲ
1016 3538 1057 3548 -
1073 3501 1188 3565 ἀετοὺς
1213 3503 1364 3579 ἐκάλουν,

218 3639 237 3678 a
260 3614 424 3698 Stephano
446 3614 563 3677 omissa
586 3611 748 3693 nimirum,
779 3611 861 3695 quod
884 3611 965 3675 nihil
988 3611 1029 3675 od
1052 3610 1201 3674 Athenas
1226 3615 1365 3697 pertine

302 3837 327 3902 *l
347 3835 423 3903 [Non
446 3834 612 3902 ignorabam
634 3832 662 3884 in
684 3832 728 3885 Et.
748 3832 784 3886 Μ.
804 3851 831 3901 p.
852 3838 913 3897 184,
931 3836 964 3886 36
986 3831 1021 3884 de
1045 3831 1172 3897 Ἀγκυρα
1198 3834 1272 3888 urbo
1295 3835 1368 3890 tradi

216 3946 330 3998 prorsus
349 3946 411 3981 cum
430 3928 572 3996 Stephano
590 3926 781 3996 congruentia.
818 3926 873 3980 Sed
889 3925 944 3978 istu
967 3923 1079 3992 quidem
1097 3925 1248 3982 notatione
1272 3933 1368 3999 alrerte

216 4023 416 4091 interpolatum
434 4024 477 4074 est
489 4021 725 4090 Etymologicum:
744 4020 773 4074 id
792 4020 866 4088 quod
884 4036 946 4072 cum
957 4018 1101 4086 neglectus
1117 4018 1285 4076 litterarum
1303 4024 1369 4078 ordo

217 4116 311 4184 arguit
329 4118 388 4168 tuni
407 4133 456 4168 suo
474 4115 535 4168 loco
554 4116 695 4184 superiore
713 4116 808 4184 posita
830 4113 864 4165 dc
884 4114 1007 4179 Ἀγκυρα
1029 4111 1146 4166 notatio.
1186 4115 1370 4171 Adventr'cias

217 4213 311 4263 autem
330 4209 388 4263 eius
406 4209 483 4262 modi
500 4209 660 4263 notationes
678 4211 735 4263 lere
753 4209 781 4261 in
800 4208 953 4261 extrema
971 4222 1080 4272 quaque
1097 4204 1198 4261 littera
1217 4211 1318 4265 sedem
1333 4212 1371 4265 in·

219 4302 325 4355 venisse
344 4320 435 4367 suam,
458 4303 540 4355 certis
564 4303 698 4372 exemplis
721 4319 755 4356 ea
772 4302 925 4365 testantur,
947 4299 981 4352 dc
1005 4298 1104 4366 quibus
1127 4299 1242 4357 dictum
1260 4306 1371 4378 Proleg.

217 4395 245 4450 in
263 4395 400 4450 Thomunr
417 4395 454 4449 Μ.
473 4414 499 4466 p.
520 4396 640 4452 XXXIX.
679 4399 736 4462 (Ex
753 4399 889 4450 Addendis
907 4416 933 4464 ρ.
952 4394 1016 4462 Sol]
