2948 4996
245 304 309 377 402·
593 319 639 376 01
662 324 811 377 clance
835 320 1040 377 0011100110

247 486 310 546 est:
330 484 370 547 ’τὸ
393 484 450 562 μέν
473 502 518 547 τις
541 473 628 547 οὔθ’
650 480 741 563 ἁβὸε
765 481 840 552 οὔτε
861 481 953 565 γήρᾳ.
986 480 1026 545 In
1048 503 1110 565 qua
1132 481 1299 547 laudamus
1320 505 1376 549 ser*

245 596 353 656 vatam
375 595 420 658 τὶς
442 592 640 676 pronominis
664 592 901 676 exquisitiorem
929 592 1121 676 posituram,
1151 615 1248 677 quam
1277 595 1379 659 deberi

245 703 384 766 librariis
411 725 477 767 non
506 705 555 767 est
582 703 674 767 valde
703 703 805 767 simile
833 704 918 785 veri,
953 703 1092 787 relinqui
1121 707 1229 767 autem
1256 726 1381 769 neeesse

246 817 303 894 est,
328 814 395 891 sive
417 815 543 893 νέαιρος
565 813 631 876 sive
654 815 770 893 νεαλής
791 813 986 897 probaveris
1015 835 1096 897 quae
1118 813 1181 877 duo
1203 815 1300 878 scribi
1322 816 1382 879 for·

244 927 330 987 tasse
353 946 372 987 a
395 923 551 1007 Sophocle
573 924 714 1006 potuisse
738 924 967 999 concessimus:
991 923 1096 1006 ipsum
1118 924 1196 1004 ἁβός
1218 925 1384 989 inventum

244 1034 374 1097 laudare
397 1056 462 1098 11011
485 1055 666 1117 possumus,
699 1034 781 1118 quod
805 1055 877 1097 cum
899 1033 1160 1098 Schneidewinus
1183 1035 1288 1117 primo
1311 1036 1384 1100 eali-

244 1144 314 1207 dius
347 1144 511 1228 amplexus
546 1148 644 1226 esset,
679 1148 753 1227 post
780 1142 954 1228 prudenter
985 1143 1129 1207 diffidere
1161 1144 1230 1228 ipse
1269 1147 1385 1229 eoepit.

244 1253 368 1338 Quippe
391 1276 429 1318 ex
451 1276 515 1318 uno
537 1253 699 1317 Theocriti
722 1276 815 1317 versu
836 1253 878 1336 V,
899 1253 959 1318 109
981 1257 1020 1334 μή
1043 1276 1101 1333 μευ
1124 1257 1308 1335 λωβάςηςθε
1331 1259 1388 1321 τὰ(

244 1365 386 1443 ἁμπέλος
409 1364 703 1449 (1111111011μπε1ος),
726 1366 791 1431 ἐντὶ
812 1366 874 1444 γὰρ
897 1365 970 1444 ἁβαί
992 1363 1184 1427 adiectivum
1199 1365 1388 1429 Dindorfius

243 1475 388 1559 repetiit,
420 1474 503 1558 quod
525 1474 641 1538 necin
664 1474 825 1539 codicibus
848 1474 892 1537 ibi
915 1474 1075 1557 proditum
1098 1478 1198 1557 esset,
1229 1475 1285 1538 sed
1309 1475 1389 1539 Mei-

243 1585 330 1648 nekii
358 1585 485 1649 demum
514 1584 697 1649 coniectura
726 1585 873 1648 effectum
902 1605 939 1647 ex
968 1584 1041 1665 ἇβαι
1072 1584 1292 1668 substantivo,
1328 1607 1389 1650 nee

242 1695 343 1758 ullum
378 1699 545 1779 praeterea
582 1695 629 1758 vel
664 1697 780 1758 testem
815 1695 863 1758 vel
895 1698 1058 1758 auctorem
1094 1694 1238 1758 haberet.
1291 1695 1389 1760 Nune

244 1810 350 1869 autem
371 1810 541 1889 postquam
563 1804 641 1868 illud
664 1805 732 1888 ipse
747 1805 926 1868 Meinekius
948 1805 1079 1869 missum
1101 1805 1180 1869 feeit
1201 1804 1236 1868 in
1259 1806 1389 1889 supple-

243 1920 351 1980 mento
388 1915 537 1979 editionis
571 1915 764 1979 novissimae
797 1938 828 1999 p.
852 1915 930 1996 414,
965 1916 1128 1998 praeclare
1162 1914 1196 1978 in
1231 1916 1389 1979 auxilium

242 2030 356 2090 vocato
378 2025 539 2110 Hesychio
562 2048 593 2108 p.
618 2026 690 2108 262,
717 2025 771 2088 14:
795 2026 880 2106 ἥβη’
909 2076 938 2089 ..
960 2026 1023 2090 dtu
1045 2030 1081 2091 δὲ
1103 2077 1133 2090 ..
1158 2028 1208 2090 καὶ
1230 2025 1389 2106 ἄμπελος,

243 2159 370 2220 sperare
398 2137 474 2200 lieet
499 2135 568 2198 fore
594 2138 631 2198 ut
657 2157 698 2198 ne
721 2134 905 2198 Dindorfius
933 2136 1061 2219 quidem
1083 2135 1201 2199 diutius
1224 2137 1389 2221 teneat.*)

241 2286 284 2298 -·
298 2247 407 2311 Vnum
421 2249 522 2310 restat
537 2268 608 2330 quo,
632 2246 696 2309 nisi
711 2246 915 2310 vehementer
929 2246 1081 2329 fallimur,
1098 2247 1201 2329 ipsam
1218 2245 1388 2330 Sophoclis

242 2378 373 2420 manum
394 2356 636 2439 redipiscamur:
673 2358 711 2421 τὸ
735 2358 792 2434 μέν
814 2377 859 2422 τι(
883 2357 1047 2435 ἀκμαῖος
1069 2357 1144 2422 οὔτε
1166 2358 1259 2439 γήρᾳ.
1304 2357 1388 2420 Eam

243 2489 353 2530 vocem
381 2466 441 2529 hoc
468 2466 594 2550 quidem
621 2466 807 2550 significatu
834 2466 861 2529 si
883 2488 949 2529 nen
977 2466 1075 2530 habet
1097 2465 1174 2529 alibi
1197 2465 1385 2549 Sophocles,

244 2581 278 2639 at
310 2576 487 2661 Aeschylus
522 2577 570 2640 bis
607 2576 719 2639 habet:
757 2575 844 2639 Pera.
876 2577 939 2640 436
969 2576 1105 2656 Περςῶν
1138 2576 1272 2655 ὅςοιπερ
1305 2578 1384 2656 ἧςαν

242 2686 370 2766 ἀκμαῖοι
397 2688 507 2767 φύςιν,
535 2689 642 2766 ψυχήν
665 2689 697 2751 τ’
717 2687 837 2766 ἄριςτοι
859 2687 1040 2756 κεύγένειαν
1067 2688 1248 2766 ἐκπρεπεῑςε
1288 2686 1382 2749 Eum.

241 2799 302 2861 391
332 2802 459 2876 πτερῶν
489 2797 564 2877 ἄτερ
592 2798 762 2877 ῥοιβδοῦςα
784 2797 908 2861 κόλπον
932 2796 1066 2873 αἰγίδος,
1095 2798 1211 2861 κώλοις
1239 2796 1383 2877 ἀκμαίοις

241 2908 334 2973 τόνδ’
356 2908 534 2974 ἐπιζεῦξαι)
557 2907 646 2985 ὄχον.

325 3017 445 3082 Verum
472 3017 614 3080 nondum
640 3016 829 3080 dimittimus
858 3017 943 3080 hunc
974 3038 1097 3080 versum
1103 3065 1111 3099 ,
1146 3016 1181 3079 in
1215 3038 1277 3101 quo
1304 3018 1382 3080 satis

241 3127 352 3190 mirari
374 3149 440 3190 11011
461 3148 626 3210 possumus
651 3126 810 3210 patienter
830 3127 1001 3189 toleratum
1024 3127 1064 3189 ab
1087 3126 1262 3190 editoribus
1284 3129 1381 3210 γήρᾳ

242 3239 454 3317 (ημαίνων,
484 3236 566 3321 quod
595 3258 799 3321 cssesanum
822 3235 1091 3300 confidentissime
1113 3237 1300 3320 negandum
1321 3242 1380 3300 est.

241 3347 317 3421 Quis
341 3348 425 3410 0111111
441 3347 507 3427 1110,
531 3347 585 3429 qui
600 3368 715 3429 graece
738 3348 829 3430 sciat,
853 3347 917 3410 nisi
932 3350 988 3409 aut
1010 3347 1184 3410 ‘senectuti
1200 3347 1380 3430 imperans’

241 3462 345 3520 vertat
373 3461 428 3519 aut
456 3457 635 3539 ‘imperans
662 3460 843 3520 senectute'
872 3456 903 3519 h.
928 3478 955 3519 e.
983 3479 1049 3520 non
1077 3457 1164 3520 velut
1190 3456 1381 3520 fortitudine

196 3568 291 3630 111101
324 3567 387 3630 alia
420 3589 454 3629 re
487 3566 629 3649 qualibet
662 3566 760 3648 ipsius
787 3566 912 3650 imperii
941 3567 1122 3630 ellectricc‘d
1165 3567 1247 3641 Quid
1282 3568 1382 3651 igitur

307 3889 332 3955 1)
346 3888 396 3957 [lla
409 3888 520 3955 quidem
534 3906 597 3957 spes
615 3889 720 3943 fefellit.
752 3887 859 3958 Quippe
876 3886 905 3941 in
923 3889 1097 3958 praefatione
1115 3893 1232 3958 quartae
1249 3891 1383 3947 editionis

239 3980 390 4049 Lipsiensis
404 3984 438 4047 (a.
454 3986 529 4049 1863)
543 4000 568 4050 p.
583 3982 644 4035 XLI
656 3983 824 4036 Meinelsinm
842 3983 935 4050 argrdt
952 3982 1081 4036 iniuriam
1100 3983 1154 4036 sibi
1170 3985 1264 4053 ipsum
1282 3987 1383 4039 fecisse

239 4074 336 4127 relicto
356 4074 430 4141 quod
447 4074 476 4126 in
494 4074 676 4129 adnotatione
694 4076 842 4144 probasset
859 4078 926 4141 ὰβό(
944 4076 1091 4141 0111001110,
1110 4076 1185 4143 qued
1196 4077 1290 4146 ipsum
1303 4079 1384 4132 resti·

239 4167 373 4221 tuendum
390 4167 528 4236 Hesychia
551 4167 651 4234 videri,
678 4169 731 4221 nisi
752 4171 824 4223 forte
846 4169 910 4222 hnic
932 4170 1025 4238 potius
1049 4169 1144 4223 vitium
1168 4170 1383 4225 0011101οΤ11οο-

240 4260 318 4312 critei
339 4260 431 4313 fraudi
452 4261 542 4315 fuerit.
584 4261 660 4325 Quae
683 4263 736 4315 etsi
758 4262 944 4316 demonstrari
966 4263 1063 4330 nequit
1086 4264 1145 4317 lieri
1168 4281 1224 4317 11011
1244 4264 1384 4332 potuisse,

239 4354 332 4404 tauron
352 4354 544 4407 necessitatem
564 4355 628 4408 talis
647 4355 896 4421 :argumentationis
916 4358 1005 4409 101001·
1018 4374 1062 4409 1110
1075 4356 1186 4410 minime
1199 4358 1383 4426 perspicere]
