2924 4996
384 303 542 352 momen
563 302 915 352 nanrcauuassnusrs.
1160 284 1224 352 529

75 457 175 522 semel
197 477 328 538 moneo,
357 456 412 520 ubi
436 458 486 541 (ut
507 455 574 541 hic)
603 456 642 519 de
669 461 699 520 B
720 455 845 521 diversa
871 457 922 520 vel
949 455 1111 522 contraria
1133 455 1222 520 Hud-

74 566 218 631 sonianis
240 566 434 631 testimoniis
456 589 475 629 a
497 587 547 629 me
569 570 752 649 narrentur,
776 566 809 629 id
831 587 897 629 non
912 565 1016 649 magis
1038 588 1089 629 me
1112 565 1222 630 dedita

75 697 173 758 opera
206 698 452 741 commemorare
485 698 581 760 quem
608 676 663 739 ubi
696 676 735 739 de
762 675 960 759 gravissimis
993 696 1088 758 saepe
1123 677 1221 759 scrip-

72 789 166 849 turae
187 786 412 869 discrepantis
434 786 519 851 illius
541 786 659 851 codicis
685 785 769 849 idern
784 783 958 849 Hudsonus
978 806 1107 868 prorsus
1121 787 1219 850 tacet.

75 933 119 946 -
140 894 260 970 Quater
282 917 339 979 per
358 896 505 981 Dionysii
527 896 748 980 Antiquitates
771 895 806 959 in
828 895 919 959 libris
940 895 1088 960 omnibus
1110 895 1222 959 obscu-

80 1009 186 1069 ratum
210 1010 259 1069 est
279 1028 398 1070 nomen
419 1013 534 1071 salinus
549 1007 598 1070 vel
614 1028 712 1086 aquus
726 1012 823 1070 salsus
837 1005 1039 1089 significans,
1063 1006 1100 1071 αῖ
1122 1007 1223 1084 ἁλαί,

79 1115 178 1178 semel
200 1115 249 1197 II,
273 1117 315 1181 55
337 1137 369 1199 p.
392 1116 455 1181 353
477 1115 586 1180 Reisk.
613 1114 696 1201 [180‚
722 1116 762 1179 16
784 1114 854 1203 K.]‚
876 1118 927 1178 ter
948 1114 1008 1192 ΠΙ,
1028 1117 1069 1180 41
1092 1138 1124 1198 p.
1147 1115 1221 1180 528.

75 1224 140 1288 529
171 1223 262 1310 [279‚
293 1225 323 1288 3.
347 1226 378 1289 6.
403 1226 420 1288 7
444 1224 498 1310 K]
542 1224 607 1289 Vbi
634 1247 692 1308 pro
720 1225 868 1306 ἄλλων,
901 1226 1053 1300 ἄλλαις,
1087 1225 1224 1304 ἄλλος,

77 1356 157 1417 quas
173 1334 335 1416 simplices
351 1335 547 1416 corruptelas
562 1339 620 1398 AB
633 1338 763 1417 tenent,
784 1334 1003 1418 reponendum
1018 1356 1086 1399 esse
1109 1336 1223 1413 ἁλῶν,

76 1444 212 1518 ἁλαῖς,
236 1444 332 1508 ἁλάς
353 1443 418 1506 iam
441 1443 593 1508 Gelenius
616 1443 865 1529 Sylburgiusque
888 1444 1046 1508 viderunt.
1084 1444 1225 1520 Quarum

79 1553 186 1616 media
214 1553 389 1616 formarum
416 1554 573 1636 ostendit,
602 1576 697 1638 quam
724 1558 812 1618 recte
839 1558 950 1618 nostra
976 1554 1129 1618 memoria
1157 1554 1223 1638 qui-

79 1662 155 1725 dum
178 1663 217 1726 de
239 1663 329 1741 ἅλες,
357 1663 436 1728 ἅλας
460 1664 647 1747 cogitariut:
675 1665 710 1728 in
737 1664 851 1748 quibus
876 1664 995 1728 nollem
1016 1664 1223 1746 prudentissi-

79 1795 167 1836 mum
190 1773 327 1836 amicum
349 1772 496 1836 Rostium
524 1795 629 1837 meum
657 1795 736 1840 esse.
781 1773 863 1849 Quid
885 1777 991 1837 eutem
1015 1773 1118 1838 001³?
1160 1773 1223 1837 Pro

76 1885 134 1949 τὰς
163 1883 262 1948 ἄλλος
290 1882 325 1946 in
353 1882 418 1965 ΠΙ,
447 1884 488 1946 41
518 1883 567 1946 bis
595 1883 749 1947 exhibent
774 1886 830 1949 τὰς
858 1885 980 1950 ἄλλας
1008 1887 1152 1950 πόλεις.
1180 1924 1223 1934 —

76 1992 154 2057 Sine
186 1992 252 2055 ulla
283 1995 320 2055 ut
352 1993 476 2057 videtur
504 1992 672 2057 Vrbinatis
706 1993 823 2058 codicis
855 1994 970 2057 lacuna
998 1993 1038 2075 V,
1068 1995 1110 2059 34
1143 1996 1223 2058 haec

77 2103 247 2186 leguntur:
276 2108 367 2184 δῶρα
391 2111 429 2188 τῇ
458 2104 552 2169 πόλει
580 2105 731 2185 φέρεςθαι
759 2104 867 2168 δίδωτι
895 2105 970 2168 τοὺς
1003 2104 1223 2184 αἰχμαλώτου(

77 2213 224 2277 ἅπαντας
254 2212 333 2278 ἄνευ
361 2214 505 2294 λύτρων,
534 2215 672 2293 ςυχνοὺς
700 2215 786 2279 πάνυ
816 2213 929 2292 ὄντας,
960 2216 1010 2278 καί
1037 2217 1075 2279 τὸ
1103 2216 1224 2295 χωρίον

76 2323 115 2387 ἐν
143 2324 169 2404 ᾧ
214 2326 573 2403 κατεςτρατοπεδευκώς·
602 2323 657 2401 ἦν,
689 2325 1050 2402 κατεςκευαςμένον
1083 2325 1144 2404 οὐχ
1178 2326 1223 2389 ώς

77 2433 295 2511 ςτρατόπεδον
317 2433 353 2498 ἐν
373 2436 448 2517 ξένῃ
476 2440 516 2516 γῇ
545 2434 630 2513 πρὸς
657 2434 769 2510 ὀλίγον
795 2434 924 2513 καιρὸν,
952 2433 1027 2497 ἀλλ’
1055 2434 1102 2498 ὡς
1128 2435 1222 2499 πόλιν

76 2542 167 2607 ἰδίαις
190 2563 223 2606 τε
245 2543 295 2606 καί
316 2543 475 2621 δημοςίαις
499 2543 737 2622 οἰκοδομαῖς
765 2544 1003 2623 ἀποχρώντως·
1034 2543 1104 2623 (οὐκ
1127 2543 1223 2610 ὄντος

76 2656 147 2717 τοῖς
170 2653 346 2731 Τυρρηνοῖς
367 2653 477 2730 ἔθους,
508 2653 608 2717 ὁπότε
632 2653 980 2733 ἀναςτρατοπεδεύοιεν
1003 2654 1038 2718 ἐκ
1059 2654 1223 2733 πολεμίας,

77 2762 177 2841 ὀρθὰς
205 2762 405 2838 καταλείπειν
432 2764 489 2827 τὰς
517 2765 727 2841 καταςκευὰς,
761 2764 844 2829 ἀλλὰ
871 2763 1077 2844 κατακαίειν)
1109 2765 1150 2829 οὐ
1177 2786 1223 2843 μι-

83 2872 164 2950 κρὰν
187 2878 224 2954 τῇ
247 2872 340 2936 πόλει
361 2851 570 2952 χαριςάμενος
592 2875 635 2938 εἰς
658 2874 828 2953 χρημάτων
851 2875 953 2951 λόγον
968 2874 1103 2952 δωρεάν.
1139 2872 1224 2936 Nam

79 3002 148 3043 non
170 2983 298 3043 tanturn
325 2981 365 3044 ad
393 2984 469 3046 τοὺς
498 2982 719 3061 αἰχμαλώτους
745 2983 802 3046 illa
824 2984 989 3066 pertinent
1016 2988 1107 3062 δώρα
1129 2984 1224 3062 φέρε-

80 3097 149 3154 ςθαι
171 3091 295 3169 δίδωτι,
319 3090 372 3154 sed
396 3093 494 3154 etiam
517 3092 557 3155 ad
578 3093 617 3157 τὸ
640 3093 760 3173 χωρίον
781 3094 1078 3171 κατεςκευαςμένον,
1101 3091 1224 3154 eodem-

77 3220 139 3281 que
161 3199 283 3262 ultimis
312 3200 417 3264 verbis
445 3202 485 3267 οὐ
511 3203 698 3282 μικρὰν
727 3204 853 3282 δωρεάν
880 3201 1059 3284 respicitur.
1104 3199 1224 3264 Verum
1245 3213 1274 3258 lo

77 3312 239 3371 corrector
267 3331 337 3372 curn
366 3332 427 3374 nee
454 3314 741 3391 κατεςκευαςμένον
771 3311 870 3396 (solus
899 3310 985 3373 enim
1013 3315 1042 3373 B
1068 3310 1222 3395 servavit)

76 3439 137 3481 nec
162 3418 343 3497 οἰκοδομαῖς
366 3420 572 3504 (quemquam
594 3421 655 3485 hoc
689 3443 759 3484 cum
782 3420 931 3484 Batiam
954 3424 1006 3483 AC
1031 3421 1158 3503 tenent)
1188 3420 1222 3482 in

76 3549 134 3591 suo
157 3527 266 3592 codice
293 3530 501 3612 repperisset,
535 3533 702 3612 praeterea
734 3552 800 3593 non
822 3533 1041 3613 assequeretur
1064 3532 1224 3594 construe-

75 3638 176 3701 tionis
209 3638 382 3702 rationem:
421 3661 487 3702 non
521 3642 648 3703 tantum
684 3639 792 3723 priora
824 3639 871 3703 sic
902 3639 1033 3702 refinxit
1071 3640 1145 3704 ἀλλ’
1178 3640 1223 3703 ώς

77 3749 177 3813 πόλιν
201 3747 313 3812 ἰδίως
334 3768 369 3813 τε
392 3750 441 3812 καὶ
463 3751 661 3828 δημοςίως
684 3749 907 3829 ἀποχρώντως
929 3750 1139 3828 κοςμήςας,
1168 3748 1223 3815 sed

78 3857 181 3919 etiam
208 3859 281 3938 post
307 3860 488 3923 κατακαίειν
522 3858 640 3942 aliquid
675 3859 783 3923 deesse
812 3861 900 3921 ratus
927 3857 1008 3921 haec
1035 3857 1224 3920 inculcavit:

77 3967 150 4031 οὐκ
172 3966 335 4033 ἔκαυςεν
358 3968 445 4032 ἀλλ’
466 3968 618 4049 ἀφῆκεν
634 3969 737 4034 οὕτω
754 3969 896 4047 μένειν.
925 3966 1013 4042 Quae
1028 3967 1136 4030 omnia
1151 3984 1223 4049 par-

77 4075 136 4138 tim
160 4075 194 4137 in
219 4081 251 4157 0,
274 4078 393 4159 partim
416 4077 450 4140 iu
474 4083 525 4142 el)
541 4078 742 4161 marginibus
764 4080 891 4141 tantum
915 4075 1036 4139 credita
1060 4076 1222 4139 Pdemum

79 4184 112 4248 in
134 4185 383 4268 perpetuitatem
405 4187 572 4250 verborum
594 4187 731 4251 infersit.
755 4224 798 4238 -
825 4186 974 4250 Dubitari
996 4189 1103 4269 potest
1128 4186 1167 4249 de
1181 4185 1222 4270 V,

76 4294 117 4358 46
140 4294 245 4358 exitu:
274 4301 332 4361 τοῦ
360 4299 396 4361 δὲ
424 4299 465 4376 μὴ
488 4299 621 4362 πανςυδί
650 4299 708 4362 τὸν
730 4301 798 4364 τῶν
819 4297 984 4375 πολεμίων
1012 4300 1225 4376 διαφθαρῆναι

130 4414 177 4450 sn.
197 4414 361 4450 urracarmr
382 4414 527 4449 oruscura
547 4417 566 4450 ι.
978 4399 1020 4462 34
