2896 4996
233 315 295 378 618
614 331 661 377 nn
684 330 753 377 ono
776 331 820 377 nr
844 330 986 378 01110111.

233 484 373 568 31111111)
418 483 479 548 Sed
501 486 611 547 tamen
633 483 792 566 disparem
819 483 932 547 horum
960 484 1107 548 omnium
1125 488 1222 568 atque
1245 487 1377 551 Orionis

233 595 391 658 rationem
413 615 481 657 esse
503 595 616 657 sentio
660 594 692 657 Is
722 594 808 658 enim
830 595 857 657 si
880 595 922 657 ab
943 595 1121 658 recentiore
1144 596 1253 679 aliquo
1276 599 1377 682 magi-

233 708 299 769 stro
327 704 542 788 antiquiorum
569 704 754 768 testimonia
781 704 987 787 scriptomm,
1022 705 1137 789 quibus
1171 729 1264 770 suum
1299 729 1377 791 opus

234 814 418 895 adornaret,
442 817 656 897 mutuaretur,
680 814 820 878 habebat
842 837 931 897 sanc,
956 836 1012 878 cur
1032 816 1133 879 tacito
1152 817 1301 880 'auctoris
1323 839 1376 880 no

146 990 150 994 .
232 927 319 991 mine
341 948 417 989 suae
439 925 495 988 illa
518 925 688 988 eruditioni
710 925 876 989 3011011010
899 925 1078 1009 simularet3
1102 927 1246 990 habebat
1269 928 1376 1006 etiam,

234 1058 290 1100 cur
311 1035 487 1100 industriae
511 1039 595 1098 certe
618 1035 744 1099 laudem
766 1035 827 1099 sibi
850 1039 1060 1119 compararet,
1088 1037 1115 1100 si
1139 1057 1179 1099 ex
1202 1059 1269 1100 uno
1291 1039 1377 1101 velut

233 1146 445 1231 etymologico
466 1146 568 1209 lexico
590 1146 666 1209 lieet
688 1146 814 1229 antiqui
828 1146 1031 1230 grammatici
1055 1146 1200 1230 (qualem
1214 1149 1267 1210 vel
1283 1169 1375 1212 nosse

234 1260 266 1320 01
287 1255 448 1320 lectitasse
471 1277 537 1319 non
565 1256 679 1319 ultima
708 1257 776 1319 laus
799 1259 895 1341 esset)
925 1277 978 1320 eas
1007 1257 1114 1340 copias
1145 1261 1373 1340 comportaret,

233 1388 314 1450 quae
336 1388 374 1429 ex
396 1366 493 1435 ‚variis
516 1367 676 1430 variorum
704 1367 832 1450 seriptis
857 1389 923 1430 non
945 1367 1014 1430 sine
1036 1367 1184 1430 molestia
1207 1367 1375 1451 decerptae

233 1477 416 1540 viderentur
438 1480 470 1540 01
492 1476 679 1561 dispositae:
717 1480 772 1540 sed
800 1478 882 1541 Orus
910 1477 1037 1560 quidem
1064 1498 1124 1540 nec
1152 1499 1170 1540 e
1193 1479 1374 1541 recentibus

225 1588 296 1651 'fuit
326 1608 402 1669 nec,
438 1591 474 1650 ut
501 1587 587 1651 infra
620 1588 805 1671 apparebit,
840 1588 1097 1671 Etymologicum
1126 1588 1371 1671 conscripserat.

233 1697 302 1761 Nec
323 1718 398 1760 vero
421 1697 524 1761 eidem
546 1697 623 1761 Orio
645 1720 702 1761 sua
725 1698 834 1761 debuit
856 1697 979 1780 omnia,
1004 1697 1058 1760 sed
1080 1700 1208 1781 partem
1232 1701 1372 1778 tantum3

234 1830 329 1891 quam
357 1807 433 1891 qnid
462 1830 591 1871 caussae
619 1808 719 1871 fuisse
741 1808 828 1872 dicas
858 1830 913 1871 cur
940 1829 1005 1871 non
1027 1808 1067 1871 ad
1090 1807 1192 1871 Orum
1214 1810 1371 1871 auctorem

233 1918 368 1981 referret
394 1917 503 1981 eodem
531 1919 598 1981 sive
632 1920 769 1982 candore
802 1919 868 1981 sive
901 1918 1054 2002 gloriolae
1083 1918 1206 2000 studio,
1247 1940 1308 2001 quo
1335 1919 1371 1979 ab

234 2027 418 2091 Herodiano
441 2031 584 2112 sumpta,
612 2030 653 2091 ab
675 2028 867 2109 Philoxen0,
896 2029 937 2091 ab
960 2028 1028 2112 ipso
1052 2028 1131 2091 adeo
1154 2028 1370 2092 8011101011-

235 2139 412 2222 eographo,
447 2139 518 2201 aliis
546 2140 650 2202 lassus
679 2143 727 2202 est
755 2138 1026 2202 innumerabilia?
1061 2160 1079 2200 e
1107 2160 1243 2222 quorum
1271 2138 1369 2201 hercle

234 2271 300 2312 non
322 2249 423 2312 maior
445 2270 541 2332 quam
564 2271 601 2312 ex
625 2250 682 2314 Ori
704 2250 821 2313 Milesii
850 2247 1149 2313 commemoratione
1179 2249 1281 2312 honos
1304 2271 1368 2330 cap

234 2361 367 2422 taretur,
412 2358 532 2432 Quibus
554 2360 628 2443 quid
652 2361 896 2444 respondeatur,
932 2382 1003 2423 cum
1030 2359 1120 2423 nulla
1148 2359 1275 2443 ingenii
1302 2380 1367 2422 con·

234 2470 379 2532 tentione
407 2490 575 2553 assequare
582 2521 591 2552 ,
625 2493 723 2534 emam
750 2471 841 2534 video
870 2492 909 2533 011
936 2469 986 2532 his
1015 2469 1175 2552 angustiis
1203 2467 1367 2553 effugiendi

235 2579 336 2662 viam,
371 2582 406 2642 11
434 2601 500 2643 non
528 2580 673 2663 culpetur
696 2581 788 2664 Orio,
823 2580 882 2644 soli
911 2581 1079 2662 culpentur
1106 2579 1241 2643 librarii.
1285 2577 1365 2652 Quod

233 2712 424 2773 quamquam
451 2711 518 2753 non
546 2691 659 2775 ignoro
689 2713 784 2774 quam
812 2691 854 2753 sit
881 2690 1100 2772 suspitiosum,
1135 2689 1240 2753 habeo
1267 2693 1365 2751 tamen

233 2822 295 2883 quo
318 2800 545 2863 commendem.
591 2799 721 2863 Etenim
743 2803 841 2881 Ὠρο(
863 2803 896 2864 01
918 2800 1033 2879 Ὠρίων
1062 2800 1185 2862 formae
1216 2822 1286 2862 cmn
1308 2819 1363 2861 non

234 2910 330 2972 aliam
352 2911 393 2972 ob
409 2932 554 2973 caussam
576 2911 771 2975 sescentiens
793 2913 993 2994 permutatae
1008 2909 1084 2990 sint,
1108 2909 1171 2972 nisi
1194 2910 1276 2993 quod
1299 2907 1363 2971 seri·

234 3019 330 3082 bendi
359 3020 546 3102 compendio
573 3021 694 3084 ultimis
725 3021 856 3104 syllabis
888 3019 1078 3103 significatis
1107 3019 1178 3101 ipsa
1210 3019 1362 3082 nominum

234 3130 418 3193 terminatio
445 3130 683 3212 obscuraretur,
713 3130 823 3214 quidni
852 3130 961 3193 eodem
990 3128 1178 3211 compendio
1207 3129 1363 3212 deceptum

234 3240 300 3302 sive
323 3239 487 3304 librarium
510 3241 576 3303 sive
599 3241 825 3324 castigatorem
840 3240 998 3324 quendam
1013 3239 1263 3322 grammaticum
1286 3244 1363 3322 pute

234 3372 313 3432 mus,
337 3350 539 3434 quiquidem
563 3351 691 3415 Orionis
718 3373 785 3414 esse
808 3350 1006 3414 notationem
1032 3372 1192 3433 quamque
1219 3351 1298 3413 satis
1324 3349 1363 3410 in-

234 3460 303 3524 dice
330 3461 471 3524 universi
499 3461 592 3524 lexici
625 3462 721 3525 semel
755 3461 930 3545 significari
959 3463 1047 3523 ratus
1076 3459 1217 3544 singulis
1246 3459 1364 3523 vocibus

234 3571 391 3633 inutiliter
418 3571 541 3635 seilicet
570 3562 740 3654 repetitum
769 3571 907 3634 auctoris
929 3566 1251 3634 nomen'recideret‘?
1286 3566 1364 3645 Quod

233 3702 311 3743 sane
339 3680 453 3744 vellem
481 3681 620 3744 externis
654 3681 853 3765 argumentis
885 3681 1127 3745 confirmaretur
1161 3682 1365 3765 gravioribus,

234 3863 434 3870 ...μ-,ᾕ-

299 3986 324 4051 *)
345 3985 600 4052 [Demonstraturus
618 3986 671 4039 hoc
688 4003 766 4039 eram
784 3986 918 4055 peculiari
935 3985 1093 4054 scriptione,
1118 4003 1193 4052 qnae
1212 3988 1304 4043 lucem
1321 4006 1371 4041 non

231 4078 307 4130 vidit.
346 4079 423 4131 ldcm
445 4080 545 4147 postea
567 4079 689 4132 exsecuti
714 4083 779 4133 sunt
800 4080 850 4132 Ed.
874 4079 1020 4132 Meierus
1043 4079 1071 4131 in
1099 4078 1371 4136 Commentationum

231 4171 454 4224 Andocidoarum
478 4190 512 4225 ea
533 4175 615 4240 parte
634 4190 704 4238 quae
728 4175 772 4226 cst-
794 4173 839 4225 ‘dc
861 4172 956 4225 lexicis
978 4172 1137 4225 rhetoricis'
1162 4172 1280 4243 (Opusc.
1301 4175 1372 4230 acad,

232 4262 256 4314 II
275 4282 302 4330 p.
323 4269 355 4316 62
374 4268 446 4332 sqq.)
471 4267 500 4318 et
518 4264 647 4318 Cobeto
667 4265 735 4319 duce
758 4266 963 4334 (Mnemosyncs
982 4265 1034 4318 vol.
1054 4265 1079 4316 Χ
1096 4283 1122 4333 p¹
1145 4273 1178 4319 50
1199 4274 1277 4336 sqq.)
1301 4269 1327 4322 S.
1345 4272 1374 4321 A.

231 4355 257 4407 N
263 4355 385 4409 aberas
403 4357 431 4409 in
449 4357 657 4425 prolegomenis
677 4358 768 4411 Photii
787 4359 829 4411 sui
846 4377 874 4426 p.
893 4365 925 4411 24
944 4375 1003 4426 sqq.
1024 4366 1057 4413 39
1077 4375 1137 4424 sqq.
1158 4365 1194 4413 48
1217 4365 1293 4432 sqq]
