3168 5094
254 319 259 329 ’
327 346 391 410 834
662 347 873 412 unsaraim:
896 363 940 411 au
962 364 1132 414 1—xxx11.

302 515 450 580 andern
472 538 535 581 nur
557 516 618 581 746
641 516 751 582 Verse.
780 555 822 568 ·-
858 517 909 582 Ob
937 517 1006 582 sich
1034 541 1090 582 aus
1120 518 1228 583 diesen
1250 518 1385 584 Notiaeu
1404 523 1452 585 mit

261 621 266 635 '
326 626 451 712 einiger
472 625 824 693 Wahrseheinliohkeit
845 628 1062 693 bestimmtere
1084 629 1251 694 Resultate
1275 629 1383 695 zieheu
1403 631 1451 694 las-
1540 721 1541 724 Ἴ

325 759 400 820 sen,
424 742 541 823 mbgen
563 738 747 824 diejenigen
769 739 935 823 ausehen‚·
949 739 999 804 die
1022 762 1055 804 es
1076 739 1180 806 nither
1201 741 1342 827 angeht3
1372 765 1452 828 nega-

324 847 390 911 tive
412 848 608 934 wenigstens
631 849 739 936 liegen
760 849 814 914 far
834 849 893 914 das
915 849 1011 916 dritta
1034 849 1126 916 Buoh
1148 852 1206 915 auf
1225 851 1283 916 der
1306 851 1407 917 Hand.

636 1092 688 1165 Zu
713 1091 779 1166 Nr.
806 1093 858 1166 [x
883 1091 932 1190 p.'
948 1096 1020 1167 283
1047 1093 1156 1168 Anm.

409 1223 646 1307 Rossbaoh’s
673 1242 784 1307 friiher
812 1264 874 1306 vou
901 1243 963 1306 mir
990 1243 1156 1308 vermisste
1183 1229 1405 1330 Abhandluup}
1423 1246 1456 1308 ist

323 1354 384 1416 mir
406 1353 539 1418 seitdem
562 1353 609 1417 als
631 1353 682 1416 ‘de
705 1356 807 1416 metro
831 1353 1019 1437 prosodiaoo
1042 1355 1271 1419 oommentatio
1294 1356 1323 1419 P
1347 1355 1454 1418 betitel-

322 1468 371 1528 tes
389 1464 570 1528 Prodmium
588 1463 643 1528 des
658 1463 827 1528 Breslauer
841 1463 1158 1550 Lectionskataloges
1172 1465 1227 1529 fiir
1241 1466 1301 1530 das
1317 1465 1455 1530 Somnu-

323 1578 475 1638 semester
500 1575 579 1640 1857
601 1575 747 1639 bekannt
768 1574 950 1659 geworden.
997 1575 1047 1638 Ob
1070 1575 1140 1640 eine
1164 1577 1402 1640 ‘commentatio
1420 1575 1456 1638 ll'

323 1685 511 1749 ersehienen
535 1685 591 1767 ist,
620 1687 708 1749 kann
731 1684 783 1749 iah
806 1685 889 1749 auoh
910 1683 1006 1749 beate
1028 1685 1113 1750 noch
1135 1687 1228 1750 nieht
1249 1710 1363 1772 sagen.

679 1944 732 2018 Zu
757 1942 822 2020 Nr.
850 1945 936 2018 XXI
961 1970 997 2041 p.
1026 1947 1112 2019 560.
1184 1955 1188 1964 '

408 2094 488 2158 Hier
510 2094 553 2158 ist
574 2094 609 2158 in
631 2093 688 2159 der
704 2095 917 2179 Anmerkrmg
940 2094 1029 2162 naob
1048 2094 1110 2158 den
1130 2093 1261 2158 Worten
1286 2094 1381 2180 ‘quod
1401 2095 1455 2178 qui·

324 2206 395 2270 dem
418 2206 556 2290 primum
578 2205 640 2269 fuit
654 2227 671 2268 e
687 2205 912 2269 Bonnensibus
934 2206 1037 2269 tribus
1053 2208 1087 2268 et
1101 2204 1352 2289 quinquaginta'
1370 2203 1454 2268 durch

323 2317 376 2381 ein
400 2315 564 2381 Versehen
586 2315 755 2400 folgenden
776 2315 893 2381 Zusatz
916 2315 1133 2400 ausgefallen:

407 2426 479 2492 Nisi
499 2426 582 2511 quod
604 2426 708 2510 ipsum
730 2427 861 2491 tertium
883 2429 916 2490 et
938 2425 1239 2510 quinquagesimum
1268 2449 1337 2491 non
1365 2447 1455 2490 meum

237 2553 246 2560 ”
322 2538 396 2620 fuit,
412 2537 467 2602 sed
483 2537 671 2601 Guilelmi
683 2536 952 2621 Brambaahii,
970 2535 1139 2600 continens
1155 2536 1234 2601 illud
1249 2536 1302 2600 ‘de
1314 2537 1456 2602 columnis

323 2647 469 2712 miliariis
492 2647 531 2712 ad
547 2646 697 2712 Rhenum
718 2647 854 2731 repertis
876 2647 1169 2711 commentarium’:
1193 2646 1243 2710 oui
1259 2669 1322 2732 ego
1344 2647 1455 2732 praefa-

323 2757 500 2822 tiunculam
520 2761 647 2822 tantum
670 2779 741 2822 eam
763 2758 991 2841 praemiseram
1013 2780 1108 2841 quam
1130 2757 1217 2822 infra
1237 2759 1342 2842 posui.

390 2867 498 2922 ‘Tertio
521 2869 550 2922 et
572 2867 804 2937 quinquagesimo
831 2867 884 2922 hoa
907 2885 957 2922 vos
978 2867 1123 2936 prooemio
1146 2867 1303 2935 eodemque
1326 2868 1455 2938 postremo

323 2961 481 3030 compellat,
500 2961 543 3015 oui
561 2963 626 3031 post
644 2960 825 3016 suavissimae
843 2959 993 3017 memoriae
1012 2961 1182 3030 ‘prologum’
1201 2960 1455 3016 academicumFer·

322 3055 474 3109 dinandum
497 3054 634 3109 Naekium
656 3071 707 3123 per
730 3054 851 3122 quinque
874 3057 903 3108 et
925 3053 998 3122 quod
1021 3052 1131 3108 excedit
1153 3055 1241 3108 lustra
1263 3055 1455 3124 ‘eloquentiae’

321 3147 350 3202 in
368 3149 422 3203 hae
438 3147 620 3202 universitate
637 3165 736 3201 munus
754 3147 918 3202 mandatum
939 3146 999 3202 fuit.
1037 3145 1090 3212 Qui
1113 3163 1167 3214 quo
1190 3147 1344 3216 gratiorem
1367 3149 1408 3202 sui
1422 3164 1454 3199 re·

322 3241 512 3296 cordationetn
536 3241 614 3296 vobis
637 3241 818 3308 relinqueret,
845 3240 902 3295 iam
924 3257 980 3295 uon
998 3257 1031 3294 ex
1052 3241 1108 3294 alio
1127 3239 1253 3308 quolibet
1270 3258 1375 3310 genere
1391 3242 1454 3294 litte·

321 3353 415 3390 rarum
432 3335 581 3405 praefandi
598 3335 745 3389 materiam
761 3334 912 3404 petendam
931 3333 1110 3402 existimavit,
1130 3333 1226 3388 sedin
1243 3334 1295 3388 tali
1312 3335 1404 3404 potius
1420 3350 1455 3388 ar-

321 3431 455 3498 gumento
472 3429 648 3496 versandum,
667 3427 741 3498 qnod
759 3444 821 3482 oum
837 3427 963 3497 ipsarum
979 3431 1119 3482 terrarum
1136 3428 1349 3495 Rheaaaarum,
1367 3427 1455 3497 quibus

320 3522 484 3592 propediem
509 3523 562 3576 sibi
584 3539 645 3578 esse
667 3520 880 3577 valedicendum
902 3539 958 3578 non
976 3522 1035 3576 sine
1059 3521 1168 3588 dolore,
1193 3521 1243 3576 sed
1266 3521 1350 3592 eulpa
1370 3523 1454 3576 tamen

321 3634 380 3672 sua
397 3617 487 3685 nulla,
514 3616 665 3682 intellexit,
688 3616 793 3670 honore
812 3617 841 3670 et
858 3614 997 3684 dignitate
1015 3615 1145 3685 propiore
1163 3615 1257 3682 aliquo
1274 3615 1385 3670 vinculo
1402 3631 1454 3668 con·

320 3711 463 3766 tineretur.
501 3710 570 3764 'I'ale
593 3709 726 3778 quiddam
750 3726 811 3762 cum
832 3709 862 3762 in
885 3711 1017 3778 promptu
1040 3725 1101 3763 esse
1123 3707 1233 3764 videret
1258 3726 1314 3763 non
1336 3727 1355 3764 a
1377 3709 1456 3764 semet

320 3805 463 3872 paratum,
484 3804 533 3858 sed
550 3803 625 3859 felici
641 3787 738 3858 labore
757 3802 919 3871 gnavissimi
936 3800 1056 3868 iuvenis,
1076 3802 1188 3869 eiusque
1210 3802 1290 3856 huius
1307 3802 1393 3872 ipsius
1409 3801 1454 3854 dis·

321 3897 439 3968 oiplinae
451 3897 606 3952 Bonnensis
619 3897 732 3964 alumni,
751 3896 929 3951 laudabiliter
941 3895 1080 3962 effectum,
1099 3912 1154 3949 uon
1166 3895 1262 3964 inepte
1275 3895 1329 3950 hae
1340 3913 1370 3951 se
1382 3911 1454 3966 posse

321 3992 414 4061 opella
436 3992 477 4045 uti
500 3991 622 4061 putarit,
645 4009 700 4059 quo
718 3992 748 4045 et
766 3989 888 4059 gratiam
910 3990 946 4044 ab
965 3989 1140 4056 antiquitatis
1158 3988 1310 4044 Rhenauae
1333 3987 1453 4044 studiosis

319 4084 404 4140 iniret
423 4087 453 4139 et
469 4085 595 4154 exemplo
614 4101 669 4139 non
687 4083 848 4150 immundo,
873 4083 940 4152 quid
962 4084 1037 4138 esset
1058 4084 1212 4150 θρεπτήρια
1235 4083 1338 4138 ‘almae
1355 4083 1453 4138 Rhana-

319 4187 384 4234 nae’
403 4179 522 4233 honesta
540 4177 717 4232 contentione
734 4176 860 4242 reddere,
879 4175 986 4230 utiliter
1003 4176 1069 4230 ante
1087 4175 1182 4230 oeulos
1201 4175 1359 4231 collocaret.
1387 4175 1452 4242 Ergo

320 4272 402 4339 aequi
420 4272 541 4339 bonique
560 4271 695 4326 consulite
713 4287 796 4339 quam
814 4271 888 4324 inira
905 4268 1028 4340 positam
1046 4267 1264 4338 disputationem
1283 4270 1388 4336 alienis,
1405 4285 1452 4321 non

319 4366 424 4419 nostris
443 4365 541 4419 studiis
560 4365 690 4420 debetis.’

792 4457 990 4480 ...-.-“--
