3014 5010
429 356 474 404 uu
498 357 589 404 κιαι.
613 354 714 403 htux.
740 356 782 403 αι’
805 355 1020 405 ιἰκιοιτιιτο.
1244 338 1304 404 125

158 519 243 576 milia
273 519 456 589 nonduintu,
488 518 577 574 siculi
602 516 699 587 reserl
772 511 854 574 ἀλλὰ
870 513 918 574 καί
934 516 1000 576 τῶν
1017 511 1126 575 ἄλλων
1148 512 1302 575 ἁπάντων

158 628 363 685 Callimachus
420 628 536 684 aulicus
593 629 694 698 renim
770 622 875 685 ἐθνῶν
899 621 987 698 ἦεαν.
1015 621 1092 698 ἣεαν
1115 624 1215 685 δὲκαὶ
1237 628 1303 685 τιίιν

156 737 419 807 bibliothecarius,
450 738 504 808 aui
523 739 612 794 etiam
634 738 692 794 sin-
720 746 752 791 35
769 731 921 809 Ἐβραίων
945 730 1061 796 αὐτῶν.
1097 734 1154 794 τὰ(
1182 735 1220 811 δὴ
1245 731 1303 794 οὖν

156 848 238 919 aulis
275 845 472 904 uolurninilrus
507 847 607 904 titulos
651 849 693 903 in·
771 844 836 905 τῶν
880 840 989 904 ἄλλων
1041 841 1145 903 ἐθνῶν
1191 845 1322 921 εοφοῖτ·

157 958 290 1030 sempsit.
327 956 398 1013 l'uit
428 964 607 1028 praetereo,
643 959 696 1030 qui
771 951 902 1029 ἁνδράιι
922 952 980 1027 τήν
1004 970 1037 1013 τε
1053 951 1171 1015 οἰκείαν
1188 954 1304 1030 φωνὴν

159 1067 237 1122 idem
272 1073 440 1140 asseverat,
480 1066 694 1124 Eratosthenes
770 1061 826 1136 τήν
856 1080 890 1123 τε
918 1064 984 1124 τῶν
1010 1062 1172 1136 Ἑλλήνων
1200 1063 1306 1123 καλῶ(

159 1193 219 1234 non
256 1176 300 1232 ita
336 1176 427 1233 multo
460 1184 529 1248 post
561 1176 692 1234 eiusdem
771 1168 865 1233 εἰδότι
880 1171 936 1233 τὰ(
958 1170 990 1235 ἐξ
1012 1170 1144 1234 ἑκάττου
1165 1170 1306 1234 ἑκάετοιε

159 1293 260 1343 custos
271 1285 476 1342 bibliothecae.
499 1285 583 1343 liaeo
596 1293 693 1343 autem
712 1305 747 1351 ιο
771 1279 950 1364 ἑγχειρίεαεί
977 1280 1082 1343 οὕτω(
1115 1280 1304 1359 ἑρμηνευθῆ-
1324 1295 1339 1339 3

155 1394 287 1465 fuerunt
323 1397 452 1453 omnium
487 1397 619 1467 nentium
659 1411 696 1453 ae
772 1410 823 1452 ναι
851 1388 948 1453 αὐτὰ(
976 1391 1150 1468 πεποίηκεν
1177 1390 1219 1454 εἰ(
1248 1394 1305 1468 τὴν

159 1506 332 1576 linaearum
359 1520 439 1576 auae
465 1504 576 1562 habere
597 1506 697 1577 potuit
771 1499 905 1562 Ἑλλάδα
927 1501 1052 1579 φωνήν.
1077 1503 1132 1563 τὰ(
1155 1503 1190 1564 δὲ
1205 1520 1305 1578 τκηνι-

161 1615 250 1673 doctu
277 1616 444 1687 uolumina,
477 1631 555 1688 aucte
582 1630 696 1671 sumnia
773 1611 828 1673 κὰ(
852 1611 1058 1687 Ἀλέξανδρόε
1075 1631 1118 1681 τε,
1142 1611 1187 1673 ωε
1203 1611 1305 1690 ἔφθην

161 1725 320 1796 αι’ίίρειιίία
358 1740 415 1780 ree
451 1725 501 1781 ille
543 1726 573 1781 in
610 1739 695 1782 suom
773 1719 889 1795 εἰπὼν,
921 1721 970 1782 καί
1003 1720 1184 1799 Λυκόφρων
1212 1726 1305 1798 διωρ-

159 1835 294 1906 linquam
313 1832 392 1902 feeit
413 1834 450 1891 ab
467 1835 585 1907 optimis
608 1836 698 1891 inter·
721 1845 754 1890 45
773 1830 933 1892 θώεαντο·
972 1831 1028 1893 τὰ(
1072 1831 1106 1893 δὲ
1144 1831 1305 1908 ποιητικὰ(

157 1944 295 2017 pretioue
345 1945 489 2026 conuerti.
561 1945 695 2001 Ceterum
773 1938 959 2016 Ζηνόδοτοε
980 1943 1128 2018 πρῶτον,
1149 1941 1199 2002 καὶ
1220 1940 1305 2003 ὕετε-

161 2055 340 2111 Pisistratus
403 2068 541 2125 soacsurn
609 2056 697 2126 prius
773 2069 832 2127 ρον
856 2048 1055 2128 Ἀρίεταρχο(
1071 2052 1304 2128 διωρθώιαντο.

161 2165 286 2221 Homeri
326 2164 438 2237 poesim
483 2172 554 2221 arcte
596 2163 695 2221 Ptole-
775 2159 879 2221 Καίτοι
907 2160 963 2222 τὰ(
985 2159 1151 2237 Ὁμηρικὰ(
1175 2160 1306 2238 ἑβδομή-

160 2289 276 2332 meeum
326 2272 555 2345 Philadelphum
610 2275 698 2331 acerris
772 2288 870 2333 κοντα
914 2268 973 2331 δύο
1015 2271 1219 2346 γραμματικοί
1256 2270 1307 2332 ἐπὶ

161 2384 297 2442 ducentis
324 2391 353 2440 et
387 2399 421 2440 eo
448 2385 537 2441 etium
569 2385 698 2457 amplius
722 2391 754 2438 50
771 2379 994 2457 Πειιιετράτου
1036 2383 1094 2442 τοῦ
1132 2380 1306 2458 Ἀθηναίων

160 2495 277 2552 sollerti
297 2509 375 2552 eura
401 2495 432 2552 in
455 2510 491 2551 ea
517 2510 594 2566 quae
617 2510 696 2552 nune
772 2489 933 2566 τυράννου
982 2489 1128 2566 διέθηκαν
1180 2490 1306 2567 οὑτωεί,

160 2611 268 2663 exeunt
289 2604 408 2676 redeait
430 2605 596 2675 volumino,
628 2621 697 2662 eous
773 2599 935 2677 τποράδην
952 2599 1048 2663 οὔταε
1070 2601 1108 2663 τὸ
1125 2601 1209 2678 ττρίν.
1234 2601 1305 2663 ἐπε-

161 2715 205 2771 ad
224 2715 281 2773 hoe
297 2729 373 2786 opus
388 2714 521 2772 diuinum
544 2715 696 2772 industrio
773 2709 920 2787 κρίθηεαν
949 2711 985 2772 δὲ
1013 2712 1078 2773 κατ’
1108 2710 1207 2775 αὐτὸν
1229 2711 1306 2773 ἐκεί-

161 2830 304 2897 quattuor
315 2824 577 2882 celeberrimorum
588 2832 617 2881 et
628 2840 695 2882 eru-
773 2840 833 2884 νον
856 2821 913 2882 τὸν
940 2821 1051 2897 καιρὸν
1075 2819 1127 2882 ὑπ)
1151 2821 1306 2898 Ἀριττὰρ-

162 2936 374 2993 ditissimorum
387 2934 546 3005 hominum,
561 2934 699 2992 uidelicet
721 2948 755 2994 55
773 2949 834 3007 χον
870 2931 920 2992 καί
955 2929 1159 3006 Ζηνοδότοιι,
1196 2928 1306 2994 ἄλλων
1367 3003 1368 3007 ¹

163 3043 302 3117 Canenti,
330 3042 518 3103 (lnonoerttt
539 3044 697 3102 Athenien·
775 3018 883 3103 ὄντοιν
899 3039 1024 3102 τούτων
1039 3042 1106 3103 τῶν
1122 3040 1174 3102 ἐπὶ
1185 3040 1306 3103 Πτολε-

160 3154 216 3223 sis,
267 3152 385 3228 Zopyri
426 3153 626 3213 Heracleotae
671 3163 700 3212 et
774 3149 867 3226 μαίου
908 3150 1163 3226 διορθωιὰντων.
1207 3149 1237 3212 οἱ
1273 3152 1308 3212 δὲ

164 3260 277 3336 Orphei
291 3263 495 3322 Crotoniatae.
534 3264 612 3321 Nam
629 3280 698 3322 enr-
773 3260 913 3338 τέτεαρεί
944 3279 1001 3322 τια
1033 3261 1090 3335 τὴν
1123 3259 1174 3321 ἐπὶ
1206 3259 1307 3321 Πειτι-

156 3374 234 3446 ptim
254 3374 344 3447 prius
359 3373 506 3432 Homerus
528 3382 556 3431 et
578 3377 700 3432 nonnisi
774 3368 908 3445 ετράτου
931 3369 1097 3447 διόρθωτιν
1124 3368 1306 3446 ἀναφέρου-

162 3480 351 3552 difficillime
386 3484 551 3555 tenebatur.
622 3482 698 3553 Quin
722 3493 756 3539 θα
774 3498 835 3552 αν,
861 3478 973 3557 Ὀρφεῖ
996 3479 1215 3561 Κροτωνιάτῃ,
1236 3478 1307 3540 Ζω-

162 3595 249 3648 eliam
277 3601 345 3666 post
367 3592 519 3651 Pisistrati
540 3610 645 3652 currem
672 3602 701 3651 el
776 3589 869 3670 πύρῳ
909 3589 1127 3671 Ἡρακλεώτῃ,
1172 3588 1307 3666 Ὀνομα-

163 3701 328 3760 Ptolemaei
354 3705 541 3776 diliuentium
565 3705 699 3762 Aristar·
776 3699 871 3781 κρίτῳ
900 3700 1053 3782 Ἀθηναίῳ
1083 3701 1132 3761 καί
1165 3719 1224 3773 καγ
1256 3699 1309 3761 ἐπὶ

163 3811 236 3869 chus
251 3812 353 3871 adhue
370 3816 509 3872 exactius
529 3816 559 3871 in
575 3814 701 3871 Homeri
774 3809 921 3884 κογκύλω
964 3809 1096 3886 ὕετερον
1128 3812 1163 3874 δὲ
1192 3811 1308 3873 ταύταε

163 3922 348 3980 elimandam
382 3925 587 3982 collectionem
624 3926 695 3996 uiui·
774 3918 898 3982 ἁπάεαε
920 3920 1063 3996 εκηνικάε
1085 3940 1119 3983 τε
1147 3922 1196 3983 καὶ
1218 3941 1307 3997 ττοιη-

162 4033 248 4089 lnuit.
294 4032 476 4092 Heliodorus
498 4036 592 4093 multa
610 4036 700 4093 aliter
723 4046 756 4091 ιιο
773 4030 859 4093 τικὰε
913 4031 1062 4094 πλεῑετον
1117 4031 1308 4109 ἐξηγήεαντο

162 4193 204 4242 37.
224 4199 354 4240 asseveret
371 4187 430 4240 eod.
513 4196 554 4242 40.
573 4195 619 4242 hee
637 4189 696 4242 eod.
774 4193 814 4243 34.
828 4190 928 4242 ἐθνῶν·
943 4191 1013 4254 heau
1025 4191 1056 4242 δὲ
1068 4188 1111 4243 Cr.
1155 4192 1308 4256 37.ἄνὸρα-

163 4287 206 4334 56.
225 4281 352 4336 otheniei.
373 4280 432 4333 eod.
497 4288 537 4335 60.
556 4286 615 4347 errn
636 4282 694 4336 cod.
774 4280 869 4335 civCr.
931 4289 972 4338 39.
985 4284 1012 4337 ἐξ
1030 4285 1147 4344 ἐκάετου
1159 4284 1308 4349 ἐγχειρίτα(

172 4372 174 4375 ’
774 4374 816 4429 Cr.
887 4385 927 4433 58.
947 4379 1199 4432 τιειτιίινέπίθτ,
