2948 4996
521 311 642 360 osmer
664 314 827 360 comuni.
1179 297 1240 361 lor

98 467 245 548 φύτευμα
267 467 389 551 legeret
410 465 614 549 simpliciter,
642 488 708 530 non
735 466 801 529 ullo
822 465 916 530 modo
938 466 1024 529 aliud
1046 470 1154 550 posset
1176 467 1238 530 uisi

97 577 286 641 ‘invictum'
309 576 558 660 ‘insuperabile'
588 576 808 660 interpretari:
836 575 922 640 haud
943 576 1036 640 dubie
1059 576 1091 641 id
1113 576 1240 660 quidem

96 692 227 770 praeter
248 709 377 752 sensum
399 690 524 771 poetae,
548 688 601 772 qui
623 687 658 751 in
680 687 765 750 hanc
781 690 905 771 partem
928 707 1018 750 versu
1035 686 1161 760 demum
1178 687 1239 750 702

98 798 329 882 cogitationem
346 797 523 861 deflexums
539 801 618 862 erat.
663 797 752 883 Ergo
774 797 835 861 hac
857 796 1239 890 offensionegravissima

97 930 136 972 ac
174 929 248 973 vere
285 909 450 994 ἀχειρώτῳ
484 908 604 972 liberae
637 908 843 972 membranae
876 907 1149 991 Laurentianae*)
1184 928 1240 970 cur

95 1022 207 1082 tamen
239 1018 334 1084 fidem
365 1040 430 1083 non
459 1019 607 1083 fecerunt
633 1019 799 1099 ἀχείρητοε
826 1017 972 1082 formae?
1015 1017 1138 1100 Quippe
1170 1038 1236 1080 11011
1249 1033 1289 1083 xl!

96 1132 223 1192 exstare
245 1131 358 1209 χειρέω
381 1129 513 1194 verbum
533 1150 719 1212 responsum
741 1132 800 1211 est,
824 1150 889 1193 non
910 1128 1014 1213 magis
1036 1128 1136 1212 igitur
1156 1127 1238 1211 fingi

96 1239 187 1303 illinc
209 1239 386 1303 derivatum
413 1241 559 1320 χειρητόε
587 1239 637 1302 vel
665 1224 832 1320 ἀχείρητοε
859 1238 1009 1322 potuisse.
1055 1237 1178 1300 Debere
1206 1236 1238 1299 id

95 1350 273 1428 ἀχείριετον
307 1350 411 1433 potius
445 1370 513 1412 esse
547 1372 565 1411 a
596 1350 721 1430 χειρίζω
759 1349 888 1413 ductum
922 1348 1131 1411 ratiocinatus
1161 1347 1237 1409 olim

95 1458 307 1523 Doederlinus
346 1459 425 1524 adeo
464 1460 623 1543 persuasit
662 1481 765 1542 nuper
801 1458 1002 1541 Hartungio,
1037 1457 1064 1520 is
1097 1460 1133 1519 ut
1167 1478 1236 1519 eam

94 1569 233 1632 formam
269 1570 331 1653 ipsi
367 1570 491 1633 seilicet
526 1572 640 1652 poetae
676 1568 839 1652 redderet,
885 1568 1028 1652 proxime
1069 1570 1176 1630 autem
1217 1589 1236 1629 a

94 1678 304 1743 Laurentiani
340 1679 402 1743 fide
439 1679 550 1742 abesse
587 1700 655 1742 sese
692 1678 857 1743 Nauckius
893 1681 1041 1742 narraret
1073 1677 1235 1757 ἀγήρατον

94 1787 246 1871 Sophocli
268 1789 500 1853 restituentem.
546 1788 628 1864 Quid
656 1788 787 1853 autem?
815 1789 936 1852 illicine
963 1810 1004 1852 ne
1027 1788 1066 1851 ad
1090 1786 1235 1870 proxima

93 1897 221 1981 quidem
244 1900 340 1963 verba
363 1900 502 1964 Pollucis
524 1902 732 1982 perrexenmt
760 1899 912 1984 legendo,
941 1898 1054 1982 quibus
1081 1898 1108 1960 is
1136 1898 1235 1976 ἐγχει-

94 2010 191 2088 ρητής
213 2009 386 2089 ἐγχείρηει(
408 2009 654 2093 Aristophanis,
685 2009 877 2089 ἐπιχειρηιαί
898 2008 1107 2092 Thucydidis,
1137 2010 1236 2087 ἐγχει-

93 2120 326 2197 ρητικωτέροιιε
348 2119 587 2203 Xenophontis,
617 2120 826 2199 ἐγχειρήματα
848 2118 1090 2200 Demosthenis,
1120 2120 1235 2198 ἐπιχει-

91 2230 216 2308 ρήματα
238 2229 424 2312 multorum,
446 2229 553 2293 dedita
576 2250 673 2312 opera
696 2228 895 2312 composuit?
938 2229 992 2292 An
1014 2228 1096 2292 nihil
1117 2228 1151 2291 i11
1173 2229 1235 2292 hoc

91 2359 212 2421 genere
234 2339 385 2424 analogia
407 2338 517 2403 valet?
545 2361 626 2423 quae
654 2338 681 2402 si
710 2342 742 2402 et
769 2340 923 2419 ἐγχειρεῖν
951 2342 983 2402 et
1010 2341 1179 2418 ἐπιχειρεῖν
1203 2341 1234 2401 et

91 2447 170 2511 hinc
192 2452 270 2512 nata
292 2450 527 2529 εὐεπιχείρητοε
549 2450 805 2529 δυεειιιχείρητοε
827 2451 1092 2530 προεπιχείρητοε
1108 2449 1233 2514 ἀντεπι-

89 2563 236 2637 χείρητοε
258 2559 416 2642 probavit,
440 2580 503 2642 qua
519 2559 712 2622 confidentia
727 2560 917 2644 negabimus
940 2582 959 2623 a
981 2563 1077 2643 poeta
1091 2559 1232 2642 potuisse

89 2668 189 2730 etiam
216 2669 381 2749 ἀχείρητο(
409 2669 568 2753 fingi?**)
612 2668 672 2751 Vt,
697 2669 723 2732 si
745 2670 838 2733 modo
861 2669 1026 2733 diffidendi
1055 2670 1149 2733 venia
1178 2669 1230 2750 sit,

88 2776 176 2841 hand
199 2779 306 2861 paullo
327 2779 445 2843 rectius
467 2778 506 2841 de
530 2779 706 2844 αὐτόποιον
734 2801 829 2862 quam
856 2779 895 2843 de
918 2780 1087 2860 ἀχείρητον
1110 2778 1231 2862 aliquid

158 3032 183 3097 *J
202 3033 328 3097 φύτευμ’
345 3033 495 3100 ἀχείρητον
514 3050 576 3086 eum
594 3032 631 3085 sit
647 3033 676 3085 iu
694 3033 826 3087 lemmate
846 3033 1020 3095 scholiastae,
1038 3031 1118 3084 huius
1137 3032 1230 3084 atatem

87 3124 287 3192 interpretatio
304 3124 382 3178 talis:
402 3128 445 3179 ὅτι
461 3127 617 3191 ἀπέεχοντο
635 3132 694 3180 τῶν
713 3127 820 3193 μορίων
839 3122 865 3180 ot
883 3127 1092 3190 Λακεδαιμόνιοι
1110 3141 1133 3177 e.
1153 3140 1179 3189 q.
1200 3142 1231 3187 s,

87 3218 210 3284 apparet
231 3217 318 3286 ipsius
340 3218 520 3273 Laurentiani
544 3219 710 3287 scripturam
733 3219 882 3286 ἀχεῐρητον
905 3218 990 3272 etiam
1012 3218 1040 3271 in
1064 3217 1229 3271 scholiorum

87 3309 254 3363 collectione
272 3310 426 3377 antiquitus
443 3311 577 3387 traditam
596 3329 665 3377 esse,
683 3312 719 3364 ad
737 3328 800 3365 eam
817 3313 911 3364 autem
930 3328 1000 3378 qnae
1020 3309 1160 3380 subrepsit
1177 3312 1230 3363 lor-

85 3419 167 3455 mam
184 3403 342 3469 dxelpmrov
360 3407 500 3457 servatum
518 3422 590 3458 nunc
609 3404 732 3458 scholion
750 3404 898 3473 pertinere,
916 3403 945 3456 id
963 3405 1037 3470 quod
1055 3404 1229 3457 Hermannus

85 3494 160 3548 vidit
177 3495 337 3551 rectissime.
358 3528 391 3536 -
410 3497 538 3551 Ceterum
557 3498 627 3551 mira
649 3500 692 3551 est
715 3499 744 3551 et
761 3497 805 3550 vix
828 3497 989 3565 incorrupta
1010 3497 1125 3563 quaein
1145 3497 1229 3549 (υνα-

84 3595 170 3655 γωγῇ
189 3591 293 3643 λέξεων
313 3590 454 3658 χρηείμων
472 3609 499 3659 p.
519 3597 577 3656 474,
595 3598 610 3644 4
633 3591 718 3644 Bekk.
740 3593 812 3657 (175,
831 3598 846 3644 3
863 3590 988 3658 Bachm.)
1012 3590 1107 3659 glossa
1125 3589 1228 3643 exstat:

85 3682 260 3748 ἀχείρωτον,
290 3685 415 3748 ἄμωμον.
451 3682 527 3748 Quae
557 3684 580 3737 si
603 3686 674 3737 forte
697 3684 733 3737 ad
757 3682 922 3752 Sophoclem
945 3684 1064 3752 spectet,
1095 3681 1179 3736 mirer
1200 3680 1229 3733 ni

85 3776 255 3838 αὐτόματον
273 3776 361 3829 lateat
377 3776 406 3828 in
424 3779 556 3843 ἄμωμον,
578 3776 652 3831 idem
677 3779 707 3830 ut
729 3777 792 3830 huic
814 3777 997 3849 grammatico
1020 3776 1131 3842 vitium,
1154 3775 1228 3842 quod

83 3867 203 3931 Polluci,
221 3868 312 3921 fraudi
329 3869 420 3922 luerit.
456 3869 517 3923 Nisi
533 3873 628 3924 tamen
647 3870 693 3924 ille
710 3887 806 3924 veram
824 3870 917 3939 potius
935 3869 1076 3923 notionem
1094 3868 1228 3936 interpro-

82 3961 165 4013 tatus
183 3959 295 4028 scripsit
311 3964 428 4027 ἄμαχον.

155 4053 196 4120 ⁸⁵⁸)
216 4052 361 4120 [Nimirum
384 4057 433 4108 aut
453 4056 545 4124 ipsum
563 4057 672 4110 exstare
690 4056 814 4125 potuisse
832 4058 929 4123 χειρέιυ
947 4056 1062 4109 verbum
1080 4054 1228 4108 ratiocina-

83 4148 152 4210 bar,
172 4148 221 4198 aut
239 4147 270 4198 ut
288 4147 440 4215 cogitatum
458 4149 651 4202 tautummodo
670 4167 721 4218 pro
739 4150 921 4203 fundamento
939 4149 1024 4202 fuisse
1043 4150 1119 4201 recte
1138 4149 1229 4200 factae

81 4242 218 4306 χειρητὸε
241 4241 359 4293 formae:
390 4239 424 4293 de
447 4257 501 4307 quo
523 4259 605 4309 posse
629 4241 750 4295 dubitari
778 4243 899 4296 concedo
922 4241 1083 4295 liberaliter.
1124 4240 1227 4294 Verum

80 4348 152 4386 rara
174 4350 208 4385 ac
230 4332 314 4402 plane
337 4333 469 4402 singulari
492 4335 665 4390 humanitate
683 4353 751 4390 unus
770 4353 803 4390 ex
827 4336 866 4391 eis
890 4335 1043 4392 editoribus
1068 4334 1223 4406 Sophoclis,
