2948 4996
252 336 317 403 450
591 423 593 427 y
709 355 756 403 aa
778 349 928 418 nsnsrrs

297 509 448 587 Μαρεύαε
469 504 685 588 Περιάνδροῦ,
707 509 877 584 Πελλαῑοε,
899 508 1062 586 ἱετορικόε.
1086 506 1183 572 οὗτοι
1201 512 1238 574 δὲ
1253 509 1296 588 ἦν
1318 512 1402 591 πρό-

206 674 212 691 ,
336 639 431 698 τερον
457 619 828 700 γραμματοδιδάεκαλοε,
863 619 913 681 καὶ
946 618 1089 696 ἀδελφά(
1118 619 1310 696 Ἀντιγόνου
1340 626 1401 686 τοῦ

336 728 414 804 μετὰ
434 732 535 792 ταῦτα
558 728 815 807 βαειλεύεαντοε,
839 729 1021 807 εύντροφοε
1042 729 1078 791 δὲ
1100 728 1316 809 Ἀλεξάνδρου
1339 735 1400 796 τοῦ

336 837 409 921 (τοῦ
439 838 639 904 Μακεδόνων
660 836 818 921 Εαόοοίο)
849 837 1010 915 βαειλέωε.
1040 837 1164 917 ἔγραψε
1189 840 1399 906 Μακεδονικά

336 946 371 1009 ἐν
396 947 525 1025 βιβλίοιε
547 947 633 1027 δέκα,
657 947 774 1025 ἤρξατο
790 948 826 1011 δὲ
841 946 910 1010 ἀπό
927 950 986 1010 τοῦ
1002 948 1133 1026 πρώτου
1149 949 1398 1027 βαειλεύεαντοε

337 1056 536 1121 Μακεδόνων
565 1058 614 1120 καὶ
642 1055 776 1139 (excidit
802 1060 916 1138 προῄει
943 1056 992 1117 vel
1021 1058 1179 1141 προῆλθε)
1212 1061 1307 1139 μέχρι
1340 1065 1397 1138 nic

335 1165 545 1244 Ἀλεξάνδρου
572 1169 630 1230 τοῦ
658 1165 819 1229 Φιλίππου
848 1165 900 1228 ἐπὶ
928 1167 986 1244 τὴν
1016 1165 1130 1244 (αρίαν
1158 1167 1287 1247 ἐφόδου
1317 1172 1396 1247 μετὰ

334 1276 393 1352 τὴν
407 1275 644 1353 Ἀλεξανδρεία(
665 1274 775 1339 κτίειν·
798 1275 920 1339 Ἀττικά
940 1275 976 1340 ἐν
992 1275 1121 1355 βιβλίοιε
1144 1274 1193 1355 ιβ’,
1217 1280 1270 1341 καὶ
1292 1279 1395 1344 αὐτοῦ

333 1387 392 1447 τοῦ
414 1384 624 1462 Ἀλεξάνδρου
647 1384 787 1462 ἀγωγήν.

293 1493 444 1571 Μαρεύαε
467 1495 680 1574 Κριτοφήμου,
704 1494 895 1572 Φιλιππεύε,
917 1495 1072 1575 ἱετορικόε
1095 1495 1114 1559 ό
1136 1497 1308 1576 νεώτερος.

294 1603 446 1681 Μαρεύαε
469 1604 611 1681 Μάρεου,
633 1605 791 1683 Ταβηνόε,
812 1604 976 1685 λετορικόε.
1002 1605 1143 1684 ἔγραψεν
1161 1605 1394 1686 ἀρχαιολογίαν

334 1713 369 1777 ἐν
392 1713 520 1791 βιβλίοιε
544 1710 591 1792 ιβ’,
614 1714 730 1791 ’μυθικὰ
757 1714 793 1779 ἐν
816 1714 944 1793 βιβλίοιε
966 1712 1002 1792 ζ’,
1031 1715 1080 1777 καὶ
1109 1714 1204 1794 ἕτερά
1226 1738 1300 1782 τινα
1324 1721 1394 1798 περὶ

332 1825 388 1900 τῆε
411 1822 489 1887 ἰδία(
511 1823 671 1903 πατρίδοε.

332 2015 371 2079 In
398 2017 448 2080 his
474 2017 527 2080 vix
555 2039 744 2101 quemquam
766 2017 873 2102 fugiat
895 2017 1094 2102 aliquantum
1116 2039 1185 2082 esse
1208 2021 1392 2086 turbatum:

247 2126 375 2188 tametsi
402 2126 483 2189 nihil
512 2127 578 2190 eius
601 2128 686 2191 modi
709 2129 759 2190 vel
775 2127 907 2191 Vossius
935 2127 1144 2192 subodoratus
1167 2133 1218 2192 est
1240 2132 1292 2194 vel
1323 2154 1392 2215 pro

246 2235 348 2298 fessus
371 2234 700 2320 Schweighaeusarus=
744 2237 828 2300 Nam
851 2237 901 2301 eui
923 2260 989 2303 non
1011 2239 1126 2301 mirum
1148 2238 1229 2302 illud
1253 2242 1390 2323 accidat,

247 2345 330 2427 quod
352 2367 369 2407 e
391 2346 493 2409 tribus
522 2368 627 2410 rerum
658 2347 866 2429 scriptoribus
895 2348 1139 2430 cognominibus
1166 2371 1251 2412 unare
1274 2350 1391 2415 dicitur

247 2455 266 2518 ὁ
283 2455 464 2533 νεώτεροεῖ
491 2455 559 2530 Quo
575 2456 709 2537 aceedit,
734 2456 817 2539 quod
833 2478 940 2519 eorum
962 2458 1077 2540 quaes
1093 2456 1191 2521 Suida
1214 2465 1391 2524 narrantur

247 2586 346 2646 prope
374 2564 501 2628 modum
531 2566 673 2629 omnium
701 2565 784 2648 apud
813 2566 951 2649 reliquos
985 2566 1187 2650 antiquitatis
1217 2571 1390 2653 scriptores

246 2673 369 2736 nullum
393 2678 513 2738 eertum
541 2676 712 2760 vestigium
734 2678 840 2738 exstat
866 2679 994 2757 praeter
1015 2676 1197 2760 Marsyae
1226 2680 1390 2743 maioris

248 2785 465 2866 Μακεδονικά,
489 2785 545 2850 sed
567 2786 680 2868 quibus
707 2785 884 2849 certissima
912 2785 1067 2849 ascedant
1094 2786 1192 2849 etiam
1221 2789 1389 2853 minoris

246 2893 425 2977 Marsyae
449 2897 680 2961 Μακεδονικῶν
703 2895 897 2958 testimonia.
928 2896 1046 2969 Quare
1065 2916 1137 2959 sum
1159 2898 1266 2981 magis
1291 2899 1388 2962 etiam

245 3007 393 3086 suspecta
414 3004 566 3067 reddatur
587 3005 675 3068 tertii
698 3005 831 3068 alienius
853 3005 1004 3086 societas,
1034 3009 1102 3067 tum
1125 3005 1286 3071 dubitatio
1310 3009 1388 3072 haec

245 3113 355 3195 oritur,
379 3136 456 3177 num
479 3113 608 3178 Suidam
631 3114 698 3177 veri
725 3115 804 3177 satis
832 3114 874 3176 sit
896 3115 999 3177 simile
1021 3114 1115 3177 unius
1137 3118 1267 3179 tantum
1291 3120 1388 3202 serip-

244 3224 322 3287 toris
352 3223 560 3287 Macedonica
595 3228 912 3287 commemoraturum
944 3224 1052 3287 fuisse.
1103 3224 1230 3288 Horum
1267 3228 1389 3312 aliquid

245 3334 380 3397 sensisse
392 3334 549 3416 Valesius,
573 3335 645 3416 plus
668 3333 792 3396 videtur
803 3332 1053 3416 Wesselingius:
1076 3356 1211 3416 quorum
1228 3336 1285 3400 ille
1303 3338 1387 3401 ‘duo’

244 3442 349 3525 inquit
371 3444 536 3527 ‘Marsyae
558 3443 663 3525 fuere,
688 3443 769 3505 alter
792 3441 959 3505 Periandri
986 3443 1069 3505 fitius
1090 3442 1240 3509 Pellaeus
1243 3497 1387 3527 .....

245 3552 326 3614 alter
348 3553 446 3615 Marsi
469 3553 583 3634 filius’,
613 3574 706 3636 quem
734 3551 860 3636 quidem
889 3554 1048 3632 Ταβιηνόν
1076 3574 1144 3615 esse
1172 3576 1232 3635 pro
1255 3555 1390 3621 Tabeno

245 3660 313 3723 vult
327 3660 395 3724 he.
413 3666 525 3725 natum
540 3661 650 3724 'labiis
673 3662 707 3724 in
724 3660 868 3744 Galatia3
891 3660 944 3725 hio
966 3684 1040 3726 vero
1062 3662 1148 3725 ‘duo’
1172 3663 1222 3726 ait
1245 3666 1391 3731 ‘fuerunt

243 3770 390 3853 Marsyae
418 3793 523 3835 rerum
551 3771 830 3834 Macedonicarum
858 3771 1045 3854 scriptores,
1079 3772 1161 3837 alter
1193 3773 1293 3839 domo
1322 3776 1391 3841 Pel-

243 3879 330 3944 laeus
348 3881 515 3945 Periandri
531 3882 566 3963 f.‚
591 3881 673 3944 alter
688 3880 904 3963 Philippensis
921 3881 1119 3963 Oritophemi
1142 3883 1191 3963 λζ’,
1218 3906 1318 3967 quem
1334 3891 1391 3953 τὸν

243 4153 360 4219 ξάνδρου
383 4153 441 4205 sine
460 4151 576 4206 articulo
601 4149 796 4221 comperimus,
819 4150 937 4207 alterum
960 4148 995 4207 de
1017 4150 1190 4222 Philippensi
1215 4152 1394 4227 Critophemi

243 4246 261 4297 l'.
281 4244 432 4312 capitulum
451 4263 468 4298 a
485 4245 621 4299 vossiano
641 4246 733 4300 codiee
752 4263 864 4314 prorsus
883 4246 994 4311 abesse,
1018 4246 1047 4299 in
1068 4249 1153 4301 tertio
1171 4250 1297 4304 eundern
1320 4253 1394 4306 eodi-

243 4353 303 4390 cem
321 4333 356 4405 ιη’
373 4355 423 4405 pro
442 4335 475 4403 ιβ’
492 4339 627 4407 praebere
645 4338 796 4407 docemur]
