2904 4996
471 378 631 429 sonuere
656 379 852 449 οιατιαλο.ι
1164 363 1224 428 731

82 533 264 599 concedant
286 535 327 598 ab
349 535 537 598 Hermanno
559 533 728 617 probatam
749 557 781 618 p.
798 534 872 617 258,
897 536 1112 598 commentum
1134 533 1226 597 semi-

79 646 255 709 barbarum
281 645 316 708 in
338 645 501 731 Fulgentii
523 645 628 709 verbis
657 645 877 730 agnoscentis,
908 644 991 729 quod
1020 645 1163 708 effictum
1185 643 1228 707 sit

80 781 99 822 e
122 778 214 822 versu
235 757 299 822 300
321 756 410 821 Scuti
431 754 597 820 Herculis:
621 758 807 836 βριθόμενοε
821 759 1006 839 εταφυλῇει,
1028 754 1227 835 μελάνθηεὰν

79 890 118 946 γε
146 871 203 949 μὲν
232 867 312 933 αἵδε.
363 867 416 930 Ab
450 867 519 951 ipso
552 866 693 930 Hesiodo
727 865 874 951 Vngerus
908 887 1031 950 quoque
1063 863 1227 948 Fulgentii

80 978 268 1043 memoriam
290 978 489 1063 segregavit,
523 978 558 1041 in
589 976 733 1041 codicum
756 975 922 1060 scripturis
949 980 1097 1040 Hesiodus
1124 981 1154 1038 in
1176 980 1227 1038 bo-

79 1095 178 1154 colico
205 1095 340 1153 carmine
369 1089 419 1152 vel
446 1094 486 1154 H.
516 1095 547 1153 in
575 1095 710 1153 bucolico
737 1093 860 1152 ludicro
887 1086 988 1150 latere
1017 1090 1174 1167 Εαρλοπὶο
1196 1092 1228 1147 in

80 1205 214 1264 Hese‘odo
236 1198 315 1263 satis
337 1199 501 1263 audaciter
524 1197 685 1263 coniciens
713 1221 744 1281 p.
769 1197 854 1284 me]

166 1308 241 1373 Non
263 1309 383 1393 dispari
405 1310 440 1374 in
455 1331 574 1394 genere
596 1330 714 1395 graeca
736 1309 870 1372 restituo
893 1305 1116 1392 Agathoni,
1141 1305 1228 1368 cuius

80 1421 163 1484 haec
183 1420 346 1484 sententia
361 1421 493 1485 affertur
508 1421 549 1484 ab
565 1419 709 1483 Antonio
724 1418 873 1482 Melissae
888 1417 963 1481 libri
978 1417 1011 1480 ΙΙ
1026 1438 1119 1480 serm.
1140 1418 1155 1478 l
1179 1418 1229 1478 ‘de

83 1552 158 1610 repe
177 1537 276 1612 bono',
304 1552 336 1613 p.
357 1531 420 1594 903
440 1528 501 1594 vol.
521 1530 550 1593 V
571 1530 689 1594 Sacrae
709 1528 863 1595 Biblioth.
886 1528 1076 1593 Sanctorum
1096 1524 1229 1589 Petrum

82 1641 133 1705 ed.
158 1640 258 1704 Paris.
283 1662 312 1703 a.
339 1640 435 1705 1589:
460 1645 567 1705 Ναῐίαι·
586 1647 731 1721 princeps
751 1647 871 1718 lorraine
892 1647 923 1703 ia
945 1646 1019 1704 vitiu
1038 1641 1225 1718 provehitur,

83 1759 147 1816 nisi
177 1734 378 1831 cupiditatum
411 1759 563 1816 ministros
595 1757 713 1816 babeat.
770 1750 858 1826 Quae
890 1772 952 1834 quo
985 1747 1078 1813 modo
1112 1766 1228 1832 graece

79 1861 203 1945 scripta
225 1864 364 1944 exstent,
387 1862 506 1925 neseio,
551 1862 663 1946 ltaque
693 1883 764 1926 cum
791 1882 943 1946 graecum
965 1860 1101 1925 Antonii
1124 1881 1227 1923 exem·

79 1972 171 2056 plum
193 1971 286 2035 Halia
308 1972 487 2055 reperiatur
509 1972 648 2055 nullum,
678 1972 811 2057 ingenio
838 1972 898 2036 hoc
921 1972 1147 2036 detrimentum
1176 1991 1227 2034 eo-

81 2086 264 2147 natussum
287 2082 508 2166 qualicumque
530 2082 655 2146 ratione
680 2104 886 2165 compensare
908 2083 943 2146 in
965 2081 1050 2146 hauc
1073 2081 1226 2165 speciem:

236 2235 341 2301 odbeit
363 2236 523 2315 τύραννοε
546 2229 937 2316 ἀμπλακημάτωνπρόεω

238 2347 381 2426 βέβηκεν,
404 2346 514 2426 ὀργῶν
536 2349 576 2427 μὴ
601 2348 659 2411 οὐκ
682 2345 767 2426 ἔχων
790 2347 959 2440 ὑπηρέται.

80 2498 132 2562 vel
155 2499 219 2562 sic:

234 2653 339 2718 οὐδεὶε
362 2657 518 2733 προῆκται
540 2654 734 2739 (προβαίνει)
758 2658 824 2721 τῶν
846 2654 1047 2734 ἁμαρτωλῶν
1071 2655 1182 2735 πρόεω

121 2804 129 2817 -
232 2764 390 2843 τύραννοι
412 2801 464 2826 —.

80 2914 205 2980 Omitto
238 2914 318 2979 alias
351 2917 471 2979 formas
505 2917 644 2980 eiusdem
678 2918 872 2981 sententiae:
913 2917 1025 3000 quodsi
1057 2917 1137 2980 nihil
1172 2917 1224 2997 sit,

27 3070 31 3079 .
79 3024 194 3088 lusisse
216 3027 373 3108 putemur.
418 3025 575 3112 [Lusimus
604 3049 681 3091 sane
709 3027 896 3111 insigniter,
926 3030 959 3090 et
986 3026 1062 3090 lusit
1090 3048 1149 3090 nos
1172 3025 1224 3089 Bi-

80 3134 244 3198 bliotheca
260 3133 358 3199 Sacra
380 3135 539 3200 Parisino.
570 3136 610 3199 ln
633 3137 769 3200 Antonii
793 3137 877 3200 enim
900 3136 1050 3200 monaehi
1069 3135 1224 3199 ‘Melissa'
1337 3212 1346 3226 1

80 3265 197 3329 graece
225 3244 311 3309 edita
334 3270 352 3309 c
375 3244 522 3339 Conrado
550 3246 692 3311 Gesnero
720 3246 833 3331 Tiguri
861 3270 890 3310 a.
918 3246 1037 3331 1546*)
1066 3246 1145 3310 haec
1174 3267 1224 3310 ex-

83 3437 286 3444 Μ

150 3568 175 3635 *)
195 3567 326 3636 [lndicem
344 3568 423 3634 libri,
447 3568 494 3636 qui
516 3569 569 3623 hoo
587 3571 631 3622 est
648 3568 739 3623 nubo:
771 3571 814 3624 Ἐν
832 3575 867 3637 τι]
888 3571 1012 3635 παρούεη
1032 3569 1117 3635 βίβλῳ
1136 3570 1225 3622 ἐνεετι

79 3662 160 3715 τάδε·
187 3663 500 3729 Ἀπομνημονευμάτων
529 3664 560 3717 ἐκ
587 3664 733 3730 διαφόρων
760 3668 821 3716 τῶν
845 3678 877 3716 τε
901 3665 967 3716 καθ’
995 3664 1066 3727 ἡμᾶς
1092 3664 1137 3715 καὶ
1164 3667 1226 3714 τῶν

80 3756 203 3821 θύραθεν
228 3756 343 3821 βιβλίων
366 3758 447 3821 τόμοι
470 3763 558 3823 τρεῑε,
586 3756 669 3825 plene
695 3756 881 3825 perscriptum
904 3755 991 3809 habes
1013 3754 1041 3807 in
1064 3754 1224 3809 Hoffmuuni

79 3845 463 3918 Lerdcobibliographioot.
482 3849 565 3917 1le.
586 3855 643 3902 ill.
679 3849 722 3903 Ibi
744 3852 927 3918 posteaquam
951 3848 1089 3903 Gesnerus
1111 3847 1225 3901 Antonii

80 3943 167 4006 atque
179 3940 294 3994 Maximi
312 3941 435 4011 syllogus
454 3941 600 3997 sanissimo
613 3942 728 3998 consilio
745 3942 819 3997 inter
837 3959 866 3996 se
879 3942 1013 3997 discretas
1031 3940 1126 4007 edidit,
1145 3957 1225 4010 prae·

78 4034 195 4102 postero
218 4050 266 4088 eas
284 4032 385 4089 iudicio
407 4034 436 4088 in
453 4053 539 4089 unum
563 4053 662 4105 corpus
685 4038 898 4106 (praesentent
919 4053 981 4090 sero
1003 4034 1084 4089 video
1102 4032 1224 4089 editione

80 4124 263 4180 Weoheliana
281 4126 346 4181 anni
366 4131 440 4195 1581)
460 4129 619 4183 conflandae
636 4128 747 4199 putavit
759 4130 948 4196 conflatasquo
961 4128 1082 4183 Stobaeo
1101 4127 1225 4182 eiusdem

79 4220 110 4271 et
127 4217 182 4271 loci
200 4220 229 4272 et
246 4219 311 4272 anni
329 4237 378 4274 suo
397 4220 486 4275 iunxit
497 4222 659 4276 Franciscus
672 4222 763 4276 Faber
781 4222 935 4291 bibliopola
952 4218 1153 4290 Lugdunensis,
1171 4220 1225 4274 hoo

79 4309 195 4379 quidem
211 4310 303 4366 indice
320 4313 482 4383 inscriptas:
501 4315 577 4370 ‘Loci
596 4333 755 4372 communes
774 4316 974 4372 sententiarum
992 4332 1024 4369 ex
1043 4313 1224 4382 ascriptum,

77 4402 222 4460 veteribus
240 4405 379 4476 theologis
399 4409 428 4463 et
446 4409 614 4464 secmaribus
633 4409 815 4480 scriptoribus
833 4409 941 4466 collecti
958 4427 1009 4482 per
1026 4407 1177 4463 Antonium
1195 4409 1224 4462 et
