3014 5010
234 318 295 381 164
533 334 784 383 concananrvu
806 335 1076 384 msrvrsrrorus

232 485 305 551 Sint
320 486 420 570 igitur
435 486 491 550 illa
507 488 556 551 vel
572 488 614 550 ab
634 488 703 571 ipso
719 488 845 551 demum
860 488 977 551 Taetza
998 487 1033 551 in
1048 487 1195 572 margine
1210 487 1374 572 adscripta

230 597 281 662 vel
308 597 350 664 ab
378 596 510 660 librario
538 599 671 661 extremi
700 597 818 662 saeculi
847 597 919 680 XV,
949 619 1030 681 quae
1056 596 1150 660 Hasii
1179 618 1270 661 mens
1299 598 1372 661 fuit.

231 706 319 791 Ergo
347 708 527 790 quicunque
555 707 740 790 adscripsit,
774 707 874 770 voluit
906 712 962 770 aut
994 706 1184 790 depravata,
1220 706 1261 769 ad
1290 728 1372 791 quae

175 890 181 895 ¹
230 816 420 898 offenderet,
455 816 552 880 verba
580 817 756 900 corrigere,
791 821 847 888 aut
875 818 937 880 alio
968 816 1101 880 consilio
1128 815 1248 899 aliquid
1275 816 1373 880 adno-

228 925 363 988 tationis
391 925 526 989 adicere.
578 926 678 1009 Atqui
709 926 822 989 horum
855 930 1004 989 neutrum
1037 926 1115 989 satis
1150 925 1281 1012 poterit,
1302 947 1373 1009 pro

229 1035 336 1098 babile
359 1034 469 1098 videri.
508 1033 593 1098 Nam
615 1034 753 1117 primurn
775 1058 794 1098 a
817 1035 997 1099 litterarum
1012 1033 1221 1099 similitudine
1238 1034 1373 1098 nimium

228 1145 314 1208 inter
336 1166 370 1208 se
392 1145 591 1227 discrepant:

355 1263 511 1348 Ἀθηναίῳ
535 1265 585 1327 καὶ
607 1264 820 1348 Ἀθηνοδώρῳ
843 1264 975 1342 ἐπίκλην
997 1263 1195 1341 Κορδυλίωνι

229 1377 262 1437 et
519 1374 674 1458 Ἀθηναίῳ
697 1394 747 1437 και
770 1393 829 1450 καγ
851 1373 902 1437 ἐπὶ
924 1376 1084 1451 rossolio:

229 1485 265 1545 ut
299 1482 450 1545 omissum
484 1482 654 1545 articulum
687 1483 861 1545 mittamus
920 1474 1045 1545 Deinde
1078 1503 1191 1565 pamm
1223 1485 1272 1544 est
1305 1482 1372 1545 veri

229 1591 348 1673 simile,
366 1590 448 1675 quod
465 1591 512 1654 ait
525 1590 645 1655 Hasius
660 1592 795 1655 obscura
811 1594 843 1654 et
859 1591 991 1655 confusa
1006 1591 1226 1655 recordatione
1241 1590 1372 1656 infimae

229 1701 344 1764 aetatis
373 1700 539 1763 librarium
566 1700 783 1784 Byzantinum
812 1701 846 1763 in
874 1701 978 1783 ipsum
1010 1700 1100 1763 illum
1128 1699 1372 1763 Athenodorum

229 1810 378 1874 incidisse
406 1832 444 1873 ac
475 1812 514 1872 de
542 1815 721 1892 temporum
750 1809 929 1873 rationibus
958 1831 1104 1873 securum
1136 1809 1221 1872 illius
1253 1830 1372 1889 nornen

228 1921 275 1983 sic
302 1924 420 1983 temere
448 1919 636 2002 reposuisse.
687 1919 911 2003 Ignorantiam
938 1919 1108 2002 largimur:
1142 1917 1198 1982 sed
1226 1917 1371 1981 Atheno-

228 2028 340 2092 dorum
356 2028 578 2112 Ocrdylionem
592 2029 814 2092 reconditioris
832 2028 1003 2092 memoriae
1025 2027 1187 2091 hominem
1208 2031 1370 2109 putamus,

177 2134 183 2145 ⁶
228 2159 324 2222 quam
351 2138 405 2221 qui
426 2138 523 2202 vistius
545 2139 631 2202 modi
654 2138 836 2223 Byzantino
864 2138 960 2201 facile
989 2140 1176 2200 occurreret.
1223 2136 1372 2220 Denique

228 2248 312 2331 quod
327 2247 495 2312 Cramerus
512 2248 754 2313 Athenodorum
770 2248 1009 2312 commemorari
1030 2268 1096 2310 non
1110 2250 1147 2309 ut
1169 2245 1372 2309 Onomacriti

229 2361 261 2420 et
294 2356 486 2440 reliquorum
518 2358 553 2420 in
585 2358 771 2422 ordinandis
808 2357 1003 2422 carminibus
1033 2355 1213 2420 Homericis
1249 2355 1372 2418 socium

229 2469 353 2546 monet,
377 2466 431 2529 sed
454 2469 490 2529 ut
513 2470 674 2530 auctorem
695 2490 714 2530 a
736 2489 798 2551 quo
814 2489 904 2530 suam
927 2466 965 2529 de
981 2465 1169 2529 Pisistratou
1184 2465 1372 2528 recensione

177 2589 210 2637 48
228 2575 446 2638 narrationem
469 2575 586 2638 Tzetza
613 2577 757 2658 petierit:
787 2598 828 2639 ne
855 2575 916 2639 hoc
944 2574 1071 2659 quidem
1097 2574 1224 2658 placere
1251 2577 1370 2657 potest,

227 2689 395 2767 propterea
426 2684 552 2767 quidem
583 2686 665 2769 quod
698 2685 904 2768 philosophus
935 2684 998 2747 fuit
1027 2682 1268 2764 Athenodorus,
1303 2705 1372 2746 non

227 2796 470 2879 grammaticus,
500 2816 560 2858 nec
582 2796 751 2879 quicquam
773 2795 938 2878 scripsisse
966 2796 1094 2876 praeter
1117 2792 1240 2856 Stoicas
1262 2791 1370 2875 dispu-

226 2904 365 2968 tationes
392 2905 593 2988 perhibetur:
622 2909 673 2987 ut,
708 2928 770 2988 quo
798 2905 923 2988 qualive
950 2903 1081 2966 tandem
1109 2902 1190 2965 libro
1217 2903 1256 2965 de
1286 2902 1371 2966 curis

226 3014 405 3078 Homericis
420 3013 583 3078 Pisistrati
598 3015 700 3097 possit
715 3015 831 3078 dixisse
847 3014 964 3094 videri,
980 3013 1166 3096 neutiquam
1183 3011 1368 3096 intellegas.

226 3124 308 3188 Vide
331 3147 412 3208 quac
434 3124 473 3188 de
489 3125 697 3188 Athenodoro
712 3124 912 3208 Wegenerus
936 3122 1098 3206 congessit
1119 3122 1158 3184 de
1174 3121 1247 3183 aula
1263 3121 1368 3184 Attal.

225 3257 256 3317 p.
286 3235 351 3297 224
379 3257 447 3319 sqq.
492 3234 605 3318 Itaque
633 3234 711 3315 etsi,
746 3255 808 3317 quo
836 3232 942 3296 valeat
969 3231 1131 3314 adscripta
1159 3230 1193 3293 in
1219 3230 1370 3314 margine

226 3344 365 3426 notatio,
395 3348 431 3407 ut
452 3365 539 3407 nunc
560 3366 611 3407 res
634 3348 699 3426 est,
729 3342 871 3425 expediri
900 3364 971 3405 cum
998 3341 1104 3424 aliqua
1131 3339 1370 3423 probabilitatis

226 3455 331 3537 specie
353 3454 480 3537 nequit,
504 3453 565 3516 hoc
586 3458 695 3517 tamen
712 3452 836 3515 videtur
852 3452 999 3515 effectum
1022 3473 1105 3532 esse,
1129 3449 1211 3513 nihil
1233 3471 1305 3513 earn
1327 3450 1369 3513 ad

225 3563 295 3645 ipsa
316 3563 451 3627 Tzetzae
474 3564 571 3626 verba
595 3561 793 3626 emendanda
821 3562 997 3644 pertinere:
1028 3583 1089 3643 quo
1116 3560 1154 3622 fit
1175 3563 1211 3621 ut
1238 3559 1370 3644 integra

224 3671 287 3734 ista
314 3672 440 3754 quidem
468 3673 612 3756 quaestio
641 3673 683 3735 sit
706 3675 738 3733 et
766 3671 806 3733 ab
829 3671 1029 3734 Athenodori
1056 3669 1208 3733 memoria
1238 3689 1369 3752 prorsus

226 3780 380 3844 seiuncta.

309 3890 430 3955 Lacera
457 3892 558 3977 igitur
591 3892 626 3955 in
654 3891 762 3954 codice
790 3891 925 3954 Taetzae
953 3890 1051 3954 verba
1079 3888 1185 3972 ahqua
1213 3891 1299 3952 certe
1327 3910 1368 3953 ex

224 4004 315 4084 parte
343 4002 389 4064 sio
418 4002 565 4084 expedire
595 4002 763 4066 Cramerus
791 4005 824 4063 et
845 4000 965 4063 Hasius
995 3998 1103 4063 conati
1131 4001 1222 4078 sunt,
1253 4002 1290 4061 ut
1311 3998 1370 4063 ille

224 4115 337 4193 poetae
360 4133 453 4194 quem
475 4112 663 4196 requirimus
688 4132 805 4174 nomen
827 4111 862 4173 in
884 4131 943 4187 καγ
966 4109 1096 4189 litteris,
1126 4107 1179 4170 hic
1202 4111 1310 4170 autem
1331 4108 1370 4172 in

224 4242 273 4284 και
295 4223 346 4286 ἐπὶ
369 4222 483 4303 (voluit
512 4222 604 4285 credo
633 4243 692 4299 καγ
714 4222 779 4304 ἐπὶ)
803 4219 934 4303 syllabis
964 4216 1179 4302 quaerendum
1208 4216 1369 4300 simulque

223 4335 368 4407 κογκυλω
403 4336 584 4413 corruptum
614 4355 631 4393 e
664 4335 799 4413 κυκλικῷ
837 4329 967 4393 diceret.
1027 4327 1200 4410 (logitabat
1233 4325 1369 4411 Hasius,
1429 4407 1435 4415 ι
