2924 4996
421 309 578 358 moursn
600 309 953 360 aaarcaaurssausm.
1192 295 1254 359 531

641 463 723 544 ρο.
850 500 853 505 -

197 613 306 677 Redeo
328 613 367 677 ad
392 614 660 698 comprobandam
675 614 842 679 Vrbinatis
864 615 1107 698 praestantiam.
1141 614 1255 679 Adhuc

111 724 199 787 enim
221 746 260 787 cx
288 724 359 808 ipsa
388 723 494 788 indole
523 725 816 808 supplementorum
845 724 1099 810 comparatisque
1121 725 1256 810 reliquo-

111 855 184 897 rum
206 834 350 898 codicum
371 833 490 897 mutuis
505 834 683 898 rationibus
698 835 916 920 argumentati
938 857 1056 899 sumus.
1090 833 1160 898 Nec
1181 857 1257 899 vero

112 943 290 1007 certissima
318 944 399 1008 alius
426 945 554 1029 generis
583 943 703 1009 indicia
731 966 830 1029 eaque
864 948 997 1010 externa
1027 945 1156 1028 desunt,
1189 945 1256 1028 qui-

111 1054 171 1117 bus
194 1054 272 1118 fides
295 1055 380 1118 illius
402 1054 477 1118 libri
499 1058 589 1119 extra
612 1055 845 1120 dubitationem
866 1059 1015 1140 ponatur.
1053 1055 1098 1119 Et
1119 1055 1256 1139 primum

112 1163 241 1247 quidem
263 1163 302 1227 de
325 1165 459 1228 consilio
480 1165 697 1249 interpolandi
718 1189 785 1230 non
807 1167 883 1230 licet
904 1165 1078 1250 suspicari,
1101 1165 1156 1229 ubi
1178 1165 1256 1250 ipsis

112 1274 214 1337 oculis
237 1277 370 1338 externa
393 1296 505 1339 caussa
528 1280 691 1359 comparet
719 1276 899 1361 elapsurum
920 1277 1088 1340 verborum
1115 1276 1166 1339 vel
1188 1298 1256 1339 ver-

112 1383 294 1448 siculorum.
339 1384 437 1448 Velut
464 1385 783 1450 homoeoteleuta
812 1389 939 1451 constat
965 1385 1160 1449 uberrimum
1186 1384 1256 1448 fon-

111 1497 179 1556 tem
208 1493 307 1558 fuisse
334 1495 532 1559 lacunarum.
583 1495 662 1559 Eius
695 1497 824 1581 generis
858 1495 1015 1580 quaedam
1047 1495 1192 1579 exempla
1221 1495 1254 1557 in

112 1624 210 1687 supra
242 1604 349 1669 allatis
383 1608 511 1669 exstant
540 1607 575 1692 (ξ
596 1606 628 1670 2.
650 1607 701 1694 3):
732 1607 794 1670 duo
821 1629 908 1671 nunc
936 1605 1062 1670 addam.
1111 1604 1175 1688 111,
1200 1606 1276 1669 70:'

112 1715 287 1792 φανέντων
324 1717 357 1779 b'
390 1716 441 1780 ἐπὶ
477 1718 613 1797 θατέρου
648 1718 766 1798 μέρους
801 1717 942 1797 ὀρνίθων
979 1717 1098 1801 [οίων
1137 1716 1256 1781 αὐτὸς

111 1823 320 1903 ἐβούλετο,
353 1826 472 1892 πάλιν
504 1827 634 1893 ἐκεῖνο
669 1833 755 1912 διχῇ
789 1831 914 1914 διῄρει
944 1828 989 1891 τὸ
1017 1825 1166 1907 χωρίον
1194 1828 1256 1890 καὶ

110 1933 205 1996 τοὺς
239 1933 406 2013 ὄρνιθας
442 1938 615 2018 διέκρινε
650 1939 743 2003 τοὺς
774 1938 1126 2017 παραγινομένους
1160 1938 1255 2000 κατὰ
1342 1930 1348 1940 ’

110 2043 155 2106 τὸ
183 2044 289 2108 αὐτό.
334 2046 455 2131 ταύτῃ
484 2050 691 2127 χρώμενος
723 2055 766 2133 τῇ
797 2048 986 2127 διαιρέςει
1014 2052 1091 2111 τῶν
1120 2046 1255 2111 τόπων

110 2154 175 2216 καὶ
196 2156 265 2232 τὴν
288 2155 452 2235 ἐςχάτην
475 2156 552 2222 ὑπὸ
574 2163 652 2224 τῶν
675 2155 867 2243 ὀρνίθων]
891 2155 1134 2236 ἀποδειχθεῑςαν
1157 2156 1255 2236 ἄμπε-

110 2265 173 2327 λον
196 2262 345 2330 ὑπελθὼν
368 2271 431 2331 κτλ.
475 2267 623 2332 Servavit
644 2268 739 2349 haec,
763 2288 844 2350 quae
866 2266 908 2329 ab
931 2271 1014 2330 ADP
1032 2266 1160 2348 absunt,
1185 2287 1256 2329 cum

110 2375 168 2435 BC
192 2373 291 2437 etiam
312 2373 491 2440 Venetus
514 2377 677 2463 Sylburgii
701 2378 778 2462 (V),
810 2376 898 2440 cuius
927 2375 1067 2439 indolem
1095 2375 1141 2439 sic
1168 2375 1254 2459 licet,

110 2481 174 2544 nisi
202 2483 288 2547 fallit
315 2486 439 2570 opinio,
473 2487 621 2571 definire,
653 2491 690 2551 ut
715 2486 886 2571 persimilis
919 2486 962 2550 sit
988 2485 1192 2551 Coisliniani:
1223 2486 1256 2549 id

109 2592 194 2674 quod
227 2592 364 2659 fortasse
398 2597 496 2661 etiam
529 2598 565 2662 in
591 2597 806 2661 Romanum
840 2596 980 2661 codicem
1008 2595 1171 2681 Sylburgii
1198 2596 1255 2682 (R)

111 2701 209 2765 cadit.
261 2702 327 2768 Soli
355 2709 462 2771 autem
490 2713 520 2771 B
546 2707 607 2772 hoc
640 2707 897 2792 supplementum
927 2706 1078 2770 debemus
1110 2704 1168 2788 IV,
1198 2706 1254 2771 58:

108 2813 162 2876 καὶ
190 2814 246 2880 ςὺν
279 2817 406 2882 τούτοις
433 2820 492 2898 τὴν
521 2818 688 2898 Ῥωμαίων
716 2817 1006 2902 [ἰςοττολιτείαν
1038 2817 1156 2881 ἅπαςι
1189 2837 1254 2895 χα-

109 2923 301 3002 ρίζεςθαι,
340 2927 386 2991 οὐ
419 2931 471 2991 δι’
504 2929 665 2994 εὔνοιαν
703 2931 773 3008 τὴν
811 2929 910 3008 πρὸς
947 2928 1039 2991 τοὺς
1072 2927 1254 3006 Γαβίους,

109 3031 197 3096 ἀλλ’
223 3033 289 3100 ἵνα
315 3038 384 3116 τὴν
412 3038 629 3124 Ῥωμαίων]
656 3039 830 3118 ἡγεμονίαν
853 3038 1100 3118 ἐγκρατέςτερον
1127 3036 1255 3114 κατέχοι

108 3143 176 3205 κτλ.
197 3140 261 3206 Vbi
279 3144 319 3208 ab
335 3146 428 3210 initio
448 3148 529 3226 ἵνα,
552 3171 610 3233 pro
629 3150 690 3214 καὶ
712 3151 842 3212 exstans
862 3148 897 3210 in
913 3152 947 3228 P,
971 3168 988 3209 ο
1004 3144 1160 3228 Stephani
1179 3166 1255 3209 con·

110 3251 234 3315 iectura
255 3255 436 3337 profectum
457 3262 521 3341 est,
544 3259 679 3323 inferius
702 3261 809 3321 autem
831 3257 866 3320 in
887 3255 1063 3320 Reiskiana
1085 3258 1158 3338 post
1180 3254 1254 3319 ἀλλ’

107 3362 166 3427 ίνα
188 3365 306 3427 temere
327 3366 463 3431 iteratur
485 3371 551 3434 ςὺν
573 3370 742 3435 τούτοις.
765 3404 808 3415 -
829 3364 904 3429 Non
926 3365 1032 3428 minus
1053 3365 1149 3428 fidem
1172 3364 1255 3427 codi-

110 3471 159 3535 cis
185 3472 264 3536 talia
291 3477 467 3561 testantur,
499 3478 534 3542 in
564 3479 677 3563 quibus
712 3479 846 3541 lacunae
874 3475 994 3540 indicio
1022 3478 1071 3538 est
1091 3495 1254 3538 vacuum

110 3582 286 3663 spatium
308 3587 343 3651 in
366 3588 485 3652 chartis
508 3589 664 3653 relictum.
702 3587 780 3651 Eius
802 3585 887 3649 modi
910 3587 1089 3669 exemplum
1111 3605 1129 3646 e
1150 3582 1210 3666 ΠΙ,
1233 3585 1254 3647 3

111 3698 436 3764 commemorabamus
465 3699 543 3781 §73
571 3699 707 3761 alterum
735 3701 755 3778 ξ
778 3698 799 3761 9
826 3696 976 3759 afferetur
1006 3693 1077 3777 el,
1107 3692 1163 3775 723
1190 3695 1253 3756 ter-

110 3809 192 3872 tium
218 3809 276 3894 W,
300 3809 341 3874 63
369 3811 490 3871 exstat:
523 3810 575 3873 διὰ
605 3808 756 3885 γυναικὸς
789 3807 879 3887 ὕβριν
1082 3807 1137 3882 τῆς
1164 3804 1204 3881 ἣν
1233 3804 1252 3867 ὁ

110 3921 328 3999 πρεςβύτατος
350 3919 449 3983 αὐτοῦ
472 3921 539 3983 τῶν
561 3917 686 3982 παίδων
708 3917 820 3984 (έξτος
841 3915 1030 3995 διέφθειρεν,
1053 3913 1084 3974 h.
1103 3933 1130 3975 e.
1154 3910 1252 3973 inter·
1275 3925 1303 3971 ιτ

109 4031 202 4111 prete
225 4027 406 4111 Bernaysio
422 4029 573 4105 γυναικὸς
595 4027 684 4107 ὕβριν
706 4029 892 4105 γαμετῆς,
912 4045 970 4106 pro
992 4043 1053 4105 quo
1076 4021 1177 4108 solum
1198 4042 1252 4097 γυ-

109 4139 220 4204 ναικὸς
243 4137 333 4218 ὕβριν
355 4137 468 4221 reliqui
490 4136 564 4199 libri
587 4139 763 4199 servanmt.
