2948 4996
240 335 304 400 464
593 403 597 410 ,
708 351 755 398 nr.
777 350 927 400 usasrrs

241 504 377 567 tioorum
400 503 621 568 notatiuncula
643 504 709 567 eins
734 526 805 567 cum
822 504 1038 569 Macedonicis
1061 505 1313 590 antiquitatibus
1335 531 1385 572 ne

243 613 400 678 cessitudo
432 613 687 678 monstraretur?
722 615 792 698 quis
826 616 914 679 velut
944 617 1085 681 τελεειάε
1112 639 1234 680 nomen
1262 617 1321 701 (fr.
1343 618 1384 700 V]

242 724 430 807 simpliciter
457 723 592 787 allatum
614 727 801 808 assequatur
823 746 885 808 quo
906 746 991 789 nexu
1012 725 1154 809 potuerit
1182 727 1385 792 historiarum

242 833 332 896 libris
355 834 510 897 insertum
531 833 654 897 fuisse?
703 833 764 899 Sed
792 837 902 898 tamen
923 838 960 897 nt
982 856 1020 898 ex
1047 836 1098 898 his
1125 836 1307 922 largiamur
1332 860 1385 902 sna

242 965 309 1006 non
330 943 474 1006 hausisse
492 942 712 1026 Athenaeum,
736 943 900 1028 Marsyam
922 948 1082 1009 memento
1105 947 1202 1026 ἕτερά
1224 968 1297 1013 τινα
1319 950 1386 1027 περὶ

242 1057 298 1134 τῆ(
320 1053 399 1118 ἰδία(
423 1054 555 1134 πατρία(
578 1053 714 1117 edidisse
736 1054 771 1116 in
784 1055 890 1137 cisque
912 1054 1049 1118 fortasse
1071 1054 1110 1118 de
1133 1057 1278 1120 moribus
1300 1057 1385 1121 insti·

242 1163 361 1227 tutisve
385 1163 573 1247 quibusdam
595 1163 807 1227 Macedonum
834 1163 1038 1228 miscellaneo
1066 1164 1122 1229 illo
1151 1166 1385 1230 commentandi

243 1294 361 1357 genere
384 1295 575 1357 quamquam
597 1294 663 1336 non
685 1273 932 1358 grammaticum
954 1275 1154 1357 exposuisse,
1179 1277 1269 1340 cuins
1292 1277 1385 1360 scrip

242 1386 328 1447 tores
357 1383 485 1466 plurimi
516 1404 553 1446 ex
582 1383 863 1466 peripateticorum
897 1383 1014 1448 scholis
1041 1384 1243 1467 prodierunt.
1290 1386 1385 1473 [Ipsis

242 1491 458 1556 Macedonicis
485 1492 703 1576 Philippensis
731 1493 794 1556 tria
817 1493 977 1557 Athenaei
1005 1494 1193 1558 testimonia
1223 1496 1386 1560 nobiscum

244 1601 441 1666 confidenter
462 1602 576 1666 tribuit
591 1602 761 1666 Muellerus
777 1626 809 1686 p.
822 1603 874 1686 46,
892 1604 1147 1689 Archaeologiae
1163 1605 1297 1670 Atticae
1319 1627 1385 1670 cum

244 1710 452 1795 Bernhardyo
476 1712 607 1777 Geierus
629 1735 661 1796 p.
679 1713 741 1777 338
757 1711 817 1800 sq.]

329 1821 436 1904 (XIX.
460 1821 540 1908 XX)
576 1822 665 1886 Idem
695 1822 801 1886 valere
830 1823 892 1886 huc
920 1827 1025 1905 potest
1031 1873 1040 1905 ,
1075 1824 1159 1907 quod
1182 1846 1203 1887 a
1226 1825 1333 1889 Plinio
1354 1826 1385 1888 in

243 1937 372 1996 elenchis
394 1943 552 1998 auctorum
573 1943 768 2001 aeternornm
797 1932 871 1995 libri
893 1932 956 1995 XII
979 1936 1011 1996 ct
1032 1931 1113 1996 XIII
1143 1933 1314 1999 Naturalis
1342 1936 1385 1998 hi-

244 2043 361 2106 sturiae
368 2092 376 2125 ,
406 2042 518 2126 quibus
546 2042 635 2105 libris
664 2041 841 2105 denatura
870 2042 1018 2105 arborum
1046 2044 1295 2127 peregrinarum
1323 2045 1386 2129 agi·

243 2157 305 2235 tur,
330 2175 361 2236 p.
379 2153 430 2217 39.
447 2153 486 2216 41
512 2151 579 2216 Sill.
604 2157 784 2233 Marsyas
806 2155 961 2216 Macedo
983 2151 1132 2234 ponitur:
1161 2153 1226 2217 nisi
1250 2154 1385 2237 quidem,

244 2263 326 2346 quod
363 2262 584 2345 amplectimur
624 2261 792 2342 libamine,
835 2260 866 2323 id
903 2282 1005 2345 genus
1049 2282 1155 2324 rerum
1200 2263 1387 2327 enarrandis

245 2372 422 2435 Alexandri
449 2373 493 2435 M.
528 2372 563 2434 in
595 2371 727 2434 orientis
761 2373 869 2454 partes
902 2371 1158 2453 expeditionibus
1192 2372 1386 2437 intexuerat.

247 2477 421 2567 [Pellaeum
442 2481 641 2544 substituunt
663 2502 734 2543 cum
750 2479 916 2563 Droyseno
931 2503 962 2561 p.
976 2481 1034 2543 681
1060 2479 1193 2544 Geierus
1218 2505 1250 2565 p.
1267 2483 1355 2570 333]

331 2591 431 2674 (XXI.
448 2590 557 2676 XXII)
592 2590 660 2654 Nec
682 2611 757 2653 vero
779 2590 856 2653 satis
880 2610 1010 2653 caussae
1033 2588 1214 2673 Hesychius
1243 2593 1386 2675 praebet,

246 2722 301 2764 cur
333 2723 404 2764 cnm
431 2701 578 2765 Fabricio
612 2699 695 2763 Bibl.
725 2721 774 2784 gr.
806 2698 853 2763 VI
885 2721 917 2782 p.
941 2699 1004 2762 372
1036 2699 1070 2762 in
1102 2701 1387 2783 grammaticorum

245 2832 411 2875 numerum
425 2813 569 2895 Marsyas
592 2810 759 2892 referatur,
782 2808 958 2872 testimonii
982 2830 1093 2872 caussa
1115 2809 1276 2873 excitatus
1291 2833 1388 2895 prae

245 2924 294 2985 ter
316 2922 394 2985 satis
417 2922 583 2985 obscuram
605 2921 745 3005 glossam
768 2919 829 2982 vol.
846 2918 879 2981 Π
901 2941 932 3001 p.
953 2919 1044 2999 1445,
1067 2917 1102 2981 in
1117 2940 1215 2998 quam
1237 2919 1305 2983 iam
1326 2943 1389 2985 non

245 3035 339 3094 vacat
362 3031 521 3114 inquirere
532 3030 580 3115 *1,
609 3029 706 3092 etiam
729 3052 760 3111 p.
782 3028 864 3091 1219
888 3027 956 3114 150,
979 3027 1021 3091 25
1044 3025 1181 3115 Schm.]:
1212 3030 1389 3095 (udrroc

245 3142 358 3220 νόθοι,
376 3141 394 3205 ὁ
411 3141 512 3220 λάθρα
532 3140 695 3217 γεννηθεὶς
709 3142 775 3202 τῶν
793 3139 923 3215 γονέων
939 3141 994 3215 τῆ(
1009 3138 1113 3217 κόρης.
1125 3139 1201 3202 τοὺ(
1218 3142 1281 3220 γὰρ
1298 3144 1340 3220 μὴ
1358 3142 1390 3205 ἐκ

245 3254 399 3331 φανερᾶς,
422 3250 572 3330 λαθραία(
588 3250 623 3313 δὲ
638 3248 750 3327 μίξεως
771 3249 947 3324 γεγονότα(
969 3248 1111 3312 εκοτίουε
1134 3248 1286 3331 ἐκάλουν,
1312 3252 1390 3315 ἔνιοι

245 3358 480 3446 παρθεν1ί]ουε,
511 3359 605 3423 ἄλλοι
629 3358 877 3438 κοριναὶουε,
908 3358 1049 3437 καθάπερ
1076 3358 1264 3436 Μαρεύα(
1295 3361 1390 3443 ἐντῇ

245 3471 335 3534 'lacu
365 3491 445 3552 quae
468 3468 610 3551 sequitur
632 3489 715 3531 nova
738 3467 845 3551 glossa
868 3467 1068 3532 (κοτοδινιᾶ·
1085 3471 1266 3532 (κοτοῦται.
1303 3469 1391 3544 Quae

245 3579 272 3641 si
296 3579 393 3641 codex
421 3581 561 3659 teneret,
590 3576 651 3640 etsi
673 3576 812 3639 dubitari
835 3575 874 3638 de
896 3576 1071 3658 scripturae
1099 3576 1294 3659 integritate
1323 3601 1391 3662 pos-

245 3691 294 3752 set
301 3738 309 3770 ‚
333 3692 441 3752 tamen
464 3710 529 3751 non
552 3687 620 3750 sinc
643 3685 748 3768 specie
770 3685 836 3748 veri
859 3684 1077 3769 argrunentari
1103 3688 1314 3768 grammatici
1338 3689 1392 3752 ali·

312 3976 337 4043 ¹⁸)
364 3975 454 4044 [Inter
476 3975 596 4029 ὑεετάκα
619 3975 648 4027 91
670 3973 745 4028 teri(
777 3989 803 4041 p.
826 3977 887 4041 191,
910 3979 955 4027 107
983 3968 1074 4025 Schm.
1102 3970 1273 4029 collocatam
1306 3978 1395 4033 codex

245 4067 371 4122 mutilam
389 4068 512 4135 glossam
529 4068 601 4120 hanc
618 4067 716 4120 habet:
757 4068 834 4132 tritt·
853 4068 869 4119 ὁ
887 4067 1033 4131 αὐτοετὴε.
1052 4066 1193 4132 Μαρεύαε.
1232 4067 1289 4122 Vbi
1308 4073 1395 4138 ὑετή(

244 4160 385 4226 Mueurus,
404 4161 508 4226 αὺετή(
526 4162 692 4213 autemnon
711 4158 770 4212 sine
789 4175 892 4225 magna
909 4157 968 4211 veri
986 4157 1078 4226 specie
1097 4158 1184 4212 Maur.
1206 4156 1395 4226 Schmidtius;

245 4271 310 4306 num
336 4251 370 4306 de
397 4255 483 4320 ὐετή(
510 4252 615 4306 scilicet
641 4251 745 4305 aeolico
772 4250 790 4302 i.
810 4268 832 4303 c.
859 4252 942 4317 ὁετή(
965 4250 1010 4303 vix
1035 4250 1208 4318 persuaserit
1234 4253 1396 4310 Loboelrius

245 4346 427 4413 Pathdlogiae
446 4346 525 4399 elcm.
545 4346 555 4397 l
574 4343 788 4413 paecedunt]
