3008 5002
222 324 285 388 232
573 339 730 386 rasrzns
752 338 1015 387 raonsoonsns

308 493 419 575 ltaque
448 514 520 556 cum
547 492 632 555 haud
658 491 860 555 mediocriter
887 491 1086 576 infringatur
1110 491 1245 555 'Paetaae
1273 492 1363 575 fides,

224 603 411 687 praesertim
445 624 516 666 cum
549 602 587 666 de
615 602 778 666 Demetrio
805 600 960 665 Phalereo
989 624 1054 665 non
1086 602 1191 666 minus
1219 607 1365 686 tempora

225 713 357 777 confusa
379 712 541 776 videamus
558 712 643 797 (vide
658 712 869 776 Ritsehelium
891 711 930 775 de
945 712 1045 776 schol.
1062 711 1166 776 Plaut.
1183 735 1215 796 p.
1235 714 1298 796 13),
1323 715 1365 777 ab

224 823 273 886 his
295 826 405 886 temen
427 823 655 907 distinguenda
678 825 752 886 sunt
774 845 827 905 ea,
857 844 938 906 quae
961 823 1164 906 antiquioris,
1194 845 1288 906 quem
1310 823 1365 887 ille

156 946 206 993 252
224 937 350 997 secutus
373 937 437 1016 est,
467 933 631 1016 scriptoris
653 934 845 997 auctoritate
867 933 1023 997 nituntur.
1069 932 1132 996 Hic
1153 933 1254 1017 igitur
1276 934 1365 998 dubi-

223 1044 287 1108 tari
314 1043 425 1127 nequit
452 1044 529 1127 quin
557 1048 589 1106 et
616 1043 852 1107 adolescentem
879 1044 977 1107 fnisse
1000 1043 1232 1108 Callimachum
1257 1043 1365 1108 Phila-

224 1154 340 1237 delpho
355 1157 513 1237 regnante
529 1153 692 1236 scripserit
707 1157 740 1216 et
755 1154 1025 1217 bibliothecae
1042 1175 1123 1217 eum
1138 1155 1367 1236 praefuisse

225 1263 453 1328 nesciverit.
500 1263 584 1327 Nam
608 1285 679 1327 cum
701 1264 820 1348 aliquid
842 1267 952 1327 tamen
975 1265 1068 1327 abeo
1090 1264 1244 1346 scriptum
1267 1264 1367 1329 fuisse

225 1395 354 1437 necesse
376 1374 434 1456 sit,
458 1374 541 1437 unde
563 1374 678 1437 mirum
700 1374 778 1437 illud
794 1375 957 1440 veuvicxoc
978 1377 1025 1440 ὢν
1046 1379 1101 1453 τῆ(
1123 1375 1222 1453 αὐλῆς
1237 1374 1367 1439 efficere

225 1483 364 1567 potuerit
391 1483 524 1567 Taetza,
552 1488 620 1548 tum
647 1506 707 1548 nec
734 1486 818 1568 ipse,
847 1485 873 1548 si
901 1484 940 1548 de
963 1484 1174 1548 bibliothecae
1202 1485 1368 1568 praefecto

225 1593 393 1677 quicquam
423 1599 619 1677 compertum
653 1595 832 1677 habuisset,
865 1595 899 1658 in
932 1594 991 1657 tali
1021 1593 1148 1677 quidem
1175 1599 1368 1678 argumento

224 1704 392 1787 tacuisset,
426 1726 487 1768 nec
519 1705 546 1768 si
580 1705 726 1788 dixisset,
762 1705 794 1767 id
823 1697 970 1769 omittere
999 1708 1030 1768 et
1062 1705 1097 1767 in
1124 1705 1188 1768 alia
1216 1705 1368 1769 aberrare

225 1817 353 1897 poterat
374 1814 501 1878 Taetza.
546 1815 636 1879 Nihil
660 1819 766 1878 autem
789 1816 887 1879 refert
914 1815 953 1878 de
982 1815 1037 1878 illo
1064 1814 1368 1879 adolescentulo

226 1923 372 2006 aulico,
407 1947 499 2008 quem
533 1925 847 1989 bibliothecario
875 1925 1081 1989 substitutum
1116 1946 1183 1988 esse
1211 1925 1367 2008 videmus,

226 2054 387 2116 quaerere.
425 2013 510 2099 Nam
525 2039 561 2098 ut
583 2035 702 2099 latinus
717 2036 946 2119 grammaticus
962 2055 1037 2098 suae
1054 2035 1170 2098 aetatis
1192 2056 1271 2118 rem,
1297 2057 1368 2099 eum

226 2144 267 2207 ab
290 2143 335 2207 eis
358 2167 438 2228 quae
461 2150 634 2209 narrantur
657 2167 723 2209 non
745 2145 851 2209 aliena
879 2167 947 2209 esse
975 2145 1150 2227 videretur,
1182 2149 1296 2228 suopte
1319 2168 1368 2209 ar-

226 2253 322 2319 bitrio
343 2255 469 2337 intulit,
495 2256 540 2318 ita
556 2257 598 2319 ab
620 2257 690 2338 ipso
705 2256 821 2319 'fzetza
844 2256 966 2319 factum
984 2277 1052 2318 esse
1075 2258 1167 2337 puto,
1191 2258 1227 2317 ut
1242 2253 1368 2338 Byzan·
1469 2265 1473 2273 '

226 2363 287 2426 tini
314 2364 439 2447 imperii
461 2386 581 2428 morem
604 2369 636 2428 et
663 2388 780 2429 nomen
807 2366 847 2428 ad
876 2387 913 2428 ea
941 2387 1022 2448 quae
1049 2364 1088 2427 de
1111 2363 1368 2429 Ptolemaeorum

227 2473 378 2536 memoria
393 2474 513 2558 scripta
529 2475 653 2539 invenit
667 2476 867 2539 transferret.
913 2474 999 2538 Nam
1015 2475 1118 2557 ipsum
1135 2473 1368 2539 Callimachum

227 2582 285 2645 tali
301 2583 420 2647 honore
435 2584 581 2647 functum
597 2606 680 2668 csse,
705 2586 830 2649 etiamsi
845 2587 912 2649 eius
928 2589 1034 2648 aetate
1050 2585 1208 2667 extiterit,
1231 2584 1368 2650 Taetaae

227 2692 353 2776 quidem
374 2693 558 2758 testimonio
581 2717 646 2758 non
668 2696 764 2759 facile
787 2696 889 2759 credo.
936 2694 996 2760 Sed
1021 2717 1091 2759 cum
1114 2694 1192 2757 illud
1217 2695 1313 2777 primi
1336 2701 1370 2759 et

227 2802 350 2886 antiqui
379 2804 517 2868 auctoris
545 2804 583 2867 de
611 2805 823 2870 bibliothecae
852 2806 1054 2890 praefectura
1081 2805 1243 2868 silentiam
1271 2806 1368 2868 etiam

227 2913 337 2977 diserti
352 2915 527 2978 testimonii
543 2915 679 3000 quodam
694 2916 787 2979 modo
807 2916 873 2980 vim
895 2916 955 2979 hoc
978 2915 1047 2978 loco
1068 2915 1201 2997 habeat,
1226 2915 1368 2998 sequitur

226 3024 287 3088 hoc
315 3047 445 3107 munuc,
475 3026 557 3109 quod
579 3026 722 3089 Plautini
750 3026 862 3089 scholii
890 3025 1079 3089 auctoritate
1106 3023 1300 3088 Ritschelius
1329 3025 1367 3088 de

227 3134 325 3197 schol.
350 3133 454 3198 Plaut.
480 3158 510 3218 p.
539 3136 576 3198 19
599 3141 631 3198 et
653 3135 768 3200 Coroll.
793 3159 824 3219 p.
848 3137 905 3218 29,
934 3135 980 3197 rei
1008 3135 1235 3218 probabilitate
1262 3138 1367 3198 motus

227 3329 348 3397 gendum
360 3330 480 3393 videtur,
499 3330 677 3383 Polemonem
695 3333 754 3383 tam
773 3329 874 3383 acriter
886 3329 1100 3386 Eratosthenem
1119 3329 1152 3382 de
1170 3329 1254 3382 rebus
1266 3328 1367 3382 Atticis

227 3422 416 3491 disputantem
436 3422 601 3490 castigasse,
621 3425 651 3475 nt
669 3440 731 3476 eum
744 3440 778 3476 ne
791 3421 893 3476 vidisse
912 3422 1023 3489 quidem
1036 3422 1160 3476 Athenas
1173 3421 1367 3476 contenderet:

228 3516 493 3573 cf.Prellcholen1.
514 3517 612 3583 fragm.
627 3534 654 3583 p.
668 3521 709 3569 86.
740 3514 830 3579 Quare
848 3515 993 3584 probabile
1011 3514 1117 3584 potius,
1136 3532 1199 3568 eum
1217 3517 1285 3580 tum,
1305 3532 1368 3568 erun

228 3609 350 3662 Aristoni
373 3609 441 3664 Chio
467 3608 633 3678 philosopho
657 3609 773 3662 Athenis
796 3626 911 3677 operam
933 3608 1027 3673 daret,
1057 3626 1073 3661 a
1097 3608 1182 3662 tertio
1204 3608 1368 3662 Ptolemaeo

228 3700 391 3755 arcessitum
410 3721 478 3757 esse.
516 3701 584 3755 Cum
602 3702 702 3768 quibus
725 3702 748 3754 si
772 3701 832 3768 quis
854 3701 896 3755 ita
914 3702 1030 3755 Tzetzaa
1051 3701 1240 3755 narrationem
1258 3701 1368 3754 concin-

227 3810 294 3847 nare
313 3794 391 3860 velit,
415 3799 445 3849 ut
462 3796 676 3850 Eratosthenem
694 3813 810 3864 puerum
827 3794 1024 3848 Alexandriam
1042 3794 1162 3859 venisse,
1185 3793 1284 3847 deinde
1303 3811 1370 3861 geo·

228 3887 424 3956 graphicorum
444 3888 704 3943 conscribendorum
723 3905 806 3942 causa
824 3888 970 3943 Graeciam
988 3904 1165 3956 peragrasse,
1183 3885 1231 3953 illo
1249 3885 1369 3940 absente

169 3967 172 3971 ’
227 3981 399 4036 Zenodotum
411 3982 596 4037 bibliothecae
608 3983 781 4052 praesectum
793 4000 866 4047 esse,
883 3982 937 4035 hoc
949 3984 1042 4034 autem
1054 3963 1164 4033 mortuo
1176 3978 1254 4031 illum
1265 3977 1370 4032 iterum

227 4074 317 4128 locum
336 4093 416 4128 sunm
428 4092 577 4144 occupasse
596 4076 684 4141 dicat,
703 4076 799 4130 obstat
815 4078 910 4127 tamen
928 4077 1007 4128 aetas
1020 4071 1224 4126 Eratosthenis:
1246 4070 1371 4137 quicum

226 4168 300 4220 teste
313 4167 398 4221 Suida
410 4169 444 4222 ol.
460 4175 507 4222 126
524 4172 607 4222 natus
626 4168 674 4233 sit,
694 4185 811 4235 quocum
824 4166 1000 4220 consentiunt
1017 4165 1123 4232 reliqna
1141 4164 1174 4217 de
1196 4163 1254 4217 eius
1273 4166 1371 4219 aetate

228 4259 389 4314 testimonia
401 4279 418 4314 a
429 4261 610 4330 Bernhardyo
623 4281 650 4331 p.
663 4261 701 4314 XI
714 4261 880 4329 composita,
898 4258 997 4327 puerili
1016 4260 1109 4312 aetate
1128 4257 1164 4310 ad
1181 4256 1249 4310 illud
1268 4275 1371 4310 munus

229 4353 400 4406 accessisset.
