2904 4996
489 330 650 378 scannia
674 329 847 377 carmena.
1177 314 1239 377 703

64 471 70 479 ’
99 483 293 546 editionibus
317 480 539 569 scribebatur]¹
571 481 714 544 Permira
737 481 886 545 videlicet
908 488 956 544 est
978 481 1129 563 loquendi
1150 481 1239 544 sedu-

98 594 174 656 litas
197 593 232 656 in
254 592 333 655 illis:
371 592 467 657 oinct
493 593 555 671 γὰρ
583 593 661 657 καίει
689 595 747 670 τὴν
770 592 937 670 Ἀργολίδα
958 592 1113 671 ἐεβαλών.
1157 590 1239 665 Quid

99 708 150 766 cst
171 703 268 785 enim,
292 702 375 786 quod
397 701 600 785 proficiamus
623 701 791 765 interiecta
814 700 875 764 hac
898 701 1142 765 enuntiatione?
1163 724 1239 765 nam

99 817 132 876 et
155 812 296 877 Charilai
321 812 549 895 cogitationem
570 815 678 875 mente
701 812 765 874 iam
789 811 1002 894 concepimus
1026 815 1063 874 ut
1084 811 1239 875 redundet

98 922 196 988 oinct
224 944 411 1005 pronomen,
440 924 473 984 et
495 921 710 985 incursionem
733 943 801 985 esse
827 921 948 984 factam
970 920 1167 985 declaratum
1190 927 1273 986 este

98 1036 240 1116 ἐδῄωεεν
263 1054 354 1096 voce:
388 1032 510 1095 factam
532 1035 639 1094 autem
661 1032 696 1094 in
719 1032 912 1115 Argivorum
933 1034 1053 1094 terram
1075 1053 1159 1110 esse,
1188 1054 1238 1097 ex-

98 1143 253 1225 plicatum
275 1143 353 1205 item
375 1145 424 1205 est
445 1141 548 1204 tribus
570 1142 732 1205 vocabulis
754 1144 813 1221 τὴν
834 1147 895 1220 γῆν
911 1179 952 1189 —
968 1143 1129 1221 Ἀργείοις.
1174 1141 1238 1206 Sci-

98 1253 176 1316 licet
201 1252 350 1316 incendio
376 1251 526 1315 discimus
554 1254 714 1314 vastatam
741 1273 808 1315 esse
836 1251 1040 1336 Argolidem3
1069 1254 1151 1335 quod
1179 1254 1238 1316 etsi

99 1385 213 1446 parum
236 1364 354 1426 attinet
377 1383 623 1425 commemorare
646 1362 793 1444 omnino,
823 1361 897 1445 quia
923 1365 1090 1445 tamquam
1117 1363 1238 1446 species

98 1473 248 1536 vastandi
276 1472 432 1557 quaedam
459 1495 519 1536 nec
546 1472 719 1535 secluditur
746 1474 886 1556 ἐδῄωεεν
913 1472 1010 1536 verbo
1036 1494 1139 1556 neque
1160 1496 1237 1556 pon-

98 1583 184 1646 deris
207 1584 375 1667 quicquam
398 1583 501 1664 affert,
526 1586 635 1646 tamen
657 1581 812 1665 siquidem
827 1583 929 1646 voluit
951 1583 1089 1666 scriptor
1110 1583 1236 1666 addere,

98 1697 219 1776 quanto
242 1697 369 1777 poterat
392 1693 579 1757 concinnius
601 1692 688 1776 loqui
709 1693 744 1755 in
766 1692 852 1756 hunc
874 1693 1016 1757 modum:
1039 1695 1097 1773 τήν
1120 1717 1155 1759 τε
1177 1699 1237 1774 γῆν

98 1805 198 1870 καίων
225 1806 366 1889 ἐδῄωεεν
389 1805 540 1885 Ἀργεῖοι(
553 1804 627 1865 “-Ῥ
663 1803 748 1866 hanc
777 1803 863 1866 enirn
884 1804 948 1866 vim
970 1804 1069 1870 καίειν
1091 1806 1238 1868 vocabuli

99 1915 252 1997 exemplis
276 1914 477 1979 confirmavit
500 1914 642 1978 Sturzius
664 1913 773 1976 Lexici
796 1913 943 1997 Xenoph.
967 1915 1029 1978 vol.
1053 1914 1086 1977 ll
1107 1937 1138 1998 p.
1164 1915 1236 1979 624.

97 2024 184 2087 Nam
206 2047 277 2088 cum
304 2025 450 2108 ineptum
478 2024 521 2087 sit
548 2027 643 2108 atque
671 2023 831 2106 putidum,
860 2024 989 2109 integra
1016 2003 1237 2088 enuntiatione

97 2134 203 2197 efferri
225 2135 319 2198 unius
342 2136 555 2199 accessionem
578 2134 734 2217 notionis,
759 2156 839 2217 quae
862 2134 994 2217 perinde
1016 2134 1089 2198 addi
1111 2139 1238 2217 poterat

72 2241 194 2328 ⁸atque
227 2245 348 2327 omitti,
388 2249 457 2308 tum
490 2244 641 2308 abhorret
668 2267 687 2307 a
711 2245 946 2309 commentandi
974 2266 1092 2330 genere
1120 2245 1238 2309 Pausa-

96 2355 188 2436 niae,
220 2354 458 2439 angustioribus
480 2355 597 2418 finibus
620 2355 824 2419 veterrimam
845 2354 1169 2420 Lacedaemoniomm
1192 2356 1238 2419 hi·

96 2464 232 2528 storiam
270 2464 521 2547 complectentis,
558 2463 623 2527 ‘Ex
655 2464 765 2528 eadem
796 2470 888 2548 parte
924 2464 1082 2529 Siebelisii
1112 2467 1239 2531 laborat

95 2575 268 2658 scriptura,
291 2574 419 2658 prodita
435 2596 472 2638 ea
494 2597 569 2638 mss.
586 2574 829 2638 Vindobonensi
845 2574 1099 2660 Mosquensique,
1124 2575 1237 2640 haece:

96 2685 195 2750 οὖτα(
217 2688 279 2765 γὰρ
302 2689 351 2751 καὶ
373 2688 407 2750 ἐ(
434 2688 491 2764 τὴν
515 2686 683 2764 Ἀργολίδα
711 2686 855 2766 ἐαβαλών
876 2724 935 2768 -,
968 2708 1048 2769 quae
1078 2687 1179 2750 credit
1201 2709 1238 2751 eo

94 2798 260 2879 spectare,
290 2796 373 2879 quod
395 2796 480 2859 idem
508 2795 563 2858 alii
592 2817 683 2880 reges
705 2796 820 2859 fecisse
841 2796 1025 2878 tradantur,
1055 2797 1153 2860 veluti
1181 2796 1237 2859 Ni-

95 2906 217 2970 eander
225 2955 234 2988 ,
266 2905 461 2970 Cleomenes
507 2904 591 2969 Nam
615 2909 650 2968 ut
672 2908 928 2989 praetermittam
954 2905 1050 2988 illud,
1080 2905 1235 2969 Nicandri

93 3016 221 3079 nullam
236 3015 310 3079 dum
326 3038 394 3080 esse
408 3015 604 3079 mentionem
618 3016 757 3099 factam,
782 3016 858 3099 quid
879 3016 1010 3079 tandem
1032 3038 1110 3098 opus
1133 3021 1181 3080 est
1203 3017 1237 3079 in

93 3127 158 3189 hac
187 3126 340 3190 narrandi
368 3126 526 3189 brevitate
553 3126 714 3190 inculcare
743 3126 862 3210 denuo,
890 3126 975 3189 idem
1002 3125 1117 3190 fecisse
1146 3126 1235 3208 alios,

93 3236 181 3320 quod
205 3237 321 3300 fecisse
351 3258 404 3300 eos
437 3258 475 3300 ex
509 3237 579 3319 ipsa
608 3259 713 3300 rerum
746 3237 962 3320 expositarum
996 3237 1236 3300 continuatione

94 3347 271 3429 apparuit?
296 3347 467 3410 Praeterea
488 3346 596 3410 taedet
618 3348 733 3411 mirum
756 3347 861 3411 hercle
883 3350 1049 3430 peccatum
1072 3347 1236 3431 exagitare

93 3457 238 3521 eiusdem
266 3457 440 3540 Siebelisii,
470 3457 546 3539 viri,
576 3462 612 3521 ut
640 3458 686 3521 ait
708 3456 913 3521 Hermannus
942 3457 977 3520 in
1000 3479 1133 3520 censura
1156 3457 1236 3520 The·

92 3567 184 3631 sauri
206 3566 418 3651 stephaniam
440 3590 472 3650 p.
496 3567 574 3630 xvi
598 3565 726 3653 [opusc.
750 3567 782 3631 n
804 3590 836 3651 p.
853 3566 940 3654 aaa,
964 3589 1079 3651 graece
1101 3550 1167 3632 nim
1189 3567 1236 3630 in-

90 3778 166 3786 ..νιο-
173 3777 300 3785 -Λι--γ--ιω

88 3885 148 3939 bus
167 3883 274 3951 aliquot
287 3881 425 3953 capitibus
443 3880 590 3951 insigniter
602 3885 699 3939 auctos
717 3881 799 3938 edere
818 3881 990 3953 propediem,
1009 3880 1109 3950 quibus
1126 3882 1236 3938 veniam

87 3993 266 4043 consequar,
290 3977 314 4030 si
331 3978 415 4031 modo
433 3977 538 4045 possim
557 3977 700 4043 consequi,
725 3978 835 4031 litteras
852 3976 881 4029 in
898 3975 995 4030 inclita
1012 3976 1164 4030 Academia
1180 3976 1237 4029 Fri-

85 4070 201 4126 dcricia
224 4068 335 4138 publice
358 4070 497 4125 docendi’
538 4070 677 4139 [Ceterum
700 4069 734 4123 de
756 4070 799 4123 his
822 4070 998 4139 potissimum
1019 4070 1096 4123 velut
1117 4069 1237 4124 tirocinii

83 4163 262 4220 rudimentis
281 4163 326 4216 vir
345 4167 388 4217 est
406 4163 480 4231 quod
498 4181 627 4218 moneam
645 4164 733 4217 multa
750 4181 795 4217 me
812 4162 903 4228 hodie,
923 4162 946 4215 si
964 4180 1008 4216 res
1025 4163 1136 4231 integra
1153 4165 1236 4230 esset,

81 4263 179 4326 longe
199 4256 282 4310 aliter
299 4256 489 4311 instituturum
508 4275 582 4325 esse,
607 4258 701 4311 omnia
718 4258 813 4311 autem
830 4255 973 4323 aliquanto
991 4255 1109 4310 brevius.
1146 4255 1201 4310 Sed
1219 4257 1236 4309 d

78 4357 234 4425 γέγραφα,
253 4352 400 4419 γέγραφα]
