3014 5010
233 343 295 408 152
529 360 780 412 coaounnmvn
802 359 1069 408 orsevrsrrours

764 621 836 701 ss.

343 755 397 818 De
424 755 615 818 librorum
643 754 900 818 multitudine
928 754 967 817 in
996 753 1257 818 bibliothecis

497 863 786 926 Alexandrinis
807 862 1111 927 reconditorum.

181 1037 214 1084 34
317 1015 365 1079 Dc
387 1015 540 1078 librorum
561 1014 803 1099 multitudiue*)
832 1036 959 1097 prorsus
986 1036 1103 1099 graeco
1130 1017 1278 1098 scriptori
1301 1038 1375 1080 cum

232 1125 334 1188 latino
363 1124 522 1188 convenit.
566 1123 612 1187 Vt
644 1127 729 1187 certe
756 1145 774 1186 e
801 1124 942 1207 vulgatis
974 1124 1101 1187 interim
1134 1126 1259 1208 graecis
1291 1126 1376 1189 nihil

233 1233 469 1317 probabilitatis
492 1231 692 1314 Bernhardyi
720 1232 912 1295 dubitationi
935 1232 1082 1312 accedat,
1111 1233 1164 1316 qui
1194 1235 1376 1317 corruptela

233 1343 379 1406 laborare
393 1348 573 1407 acuminum
586 1348 815 1406 commistorum
838 1348 936 1418 quad
941 1349 977 1404 ri
980 1353 1120 1420 repento
1134 1349 1217 1405 milia
1239 1345 1377 1426 putabat

233 1475 265 1535 p.
289 1452 350 1516 831
379 1455 413 1514 et
439 1450 594 1513 minorem
624 1450 760 1532 aliquem
789 1471 954 1514 numerum
981 1451 1172 1533 requirebat.
1217 1451 1256 1514 ln
1287 1453 1377 1516 cuius

233 1560 511 1626 ratiocinationem
526 1559 645 1642 optime
659 1558 853 1641 quadrarent
869 1559 956 1622 velut
970 1557 998 1639 β’
1011 1561 1171 1639 μυριάδεεῑ
1193 1560 1225 1623 id
1241 1560 1326 1643 quod
1341 1562 1376 1625 in

232 1668 264 1749 μ’
278 1692 347 1749 pop.
368 1668 521 1732 facillime
542 1668 752 1731 transitrnum
771 1672 850 1730 erat.
889 1667 950 1732 Sed
972 1672 1116 1751 praestat
1136 1690 1202 1732 non
1222 1669 1376 1732 hariolari

233 1784 266 1842 ct
288 1779 327 1842 de
349 1777 427 1861 ipsis
449 1777 648 1861 argumentis
670 1775 941 1859 Bemhardyanae
964 1777 1189 1859 disputationis
1211 1800 1375 1860 quaerere.

235 1889 340 1970 Atque
368 1907 590 1969 acceperamus
618 1908 676 1949 nos
710 1885 836 1969 quidem
862 1892 1025 1950 commista
1052 1893 1204 1950 volumina
1237 1887 1271 1949 in
1306 1909 1379 1950 earn

234 1999 375 2079 partem,
408 2000 444 2059 ut
472 1996 518 2058 eis
546 1995 719 2058 indiscreta
752 1994 1072 2080 comprehenderetur
1104 1995 1255 2058 librorum
1282 1997 1379 2078 copia

235 2105 382 2172 universa
414 2127 480 2168 non
513 2104 648 2168 exclusis
680 2103 818 2187 geminis
852 2103 1014 2186 ternisque
1048 2103 1141 2167 unius
1174 2103 1379 2188 eiusdemque

234 2214 346 2296 scripti
369 2215 537 2296 exemplis:
563 2214 676 2297 quibus
699 2212 825 2295 quidem
848 2212 984 2275 exclusis
1010 2212 1165 2295 reliquum
1192 2212 1290 2276 fuisse
1313 2235 1378 2276 me-

235 2324 374 2387 diocrem
401 2344 567 2386 numerum
593 2327 770 2401 simplicium
798 2333 828 2384 ct
849 2327 1032 2398 diaretorum
1054 2321 1259 2397 voluminum.
1305 2321 1379 2385 Dis-

236 2431 349 2514 plicuit
371 2430 450 2495 haec
472 2431 695 2514 interpretatio
711 2431 835 2494 censori
851 2432 1028 2513 complures
1050 2431 1091 2493 ob
1112 2451 1249 2494 caussas.
1281 2409 1379 2495 Mitto

236 2561 316 2623 quae
342 2539 381 2602 de
409 2539 602 2603 bibliotheca
629 2540 829 2623 Pergamena
855 2540 890 2602 in
919 2538 1059 2602 diversas
1086 2543 1193 2621 partes
1220 2539 1379 2622 discepta-

237 2648 356 2712 vimus:
379 2648 467 2713 cuius
483 2649 579 2713 είκοει
600 2651 751 2727 μυριάδα(
774 2650 902 2728 βιβλίων
925 2649 1049 2724 ἁπλῶν,
1072 2648 1113 2711 ab
1129 2649 1272 2712 Antonio
1289 2649 1379 2714 Cleo-

237 2761 349 2841 patrae
371 2756 505 2821 donatas
527 2761 608 2820 teste
631 2757 802 2821 Plutarcho
809 2758 942 2838 ,noluit
964 2758 1017 2820 ille
1038 2779 1106 2820 esse
1128 2757 1266 2820 ducenta
1287 2758 1379 2821 milia

236 2867 389 2931 librorum
401 2872 575 2946 simpliciter
588 2878 839 2945 computatorem.
870 2867 1067 2949 Quamquam
1081 2867 1133 2929 vix
1156 2888 1283 2948 possum
1300 2867 1379 2950 quin

236 2998 365 3058 prorsus
397 2977 466 3040 sine
499 2976 605 3059 aliqua
638 2976 803 3040 notatione
836 2976 925 3039 illam
957 2975 1201 3057 explicationem
1237 2978 1379 3058 praeter·

237 3085 378 3148 mittam:
401 3085 480 3149 adeo
495 3107 561 3149 non
575 3087 668 3148 modo
684 3107 722 3148 ea
736 3085 845 3149 omnia
860 3085 1009 3168 neglecta
1024 3083 1131 3164 vides,
1155 3084 1268 3166 quibus
1289 3084 1380 3147 illam

238 3194 341 3276 ipsam
363 3194 660 3277 interpretationem
682 3197 883 3277 praevertere
906 3193 1088 3257 studueram
1104 3215 1135 3274 p.
1152 3193 1192 3256 27
1217 3189 1299 3280 [24],
1324 3194 1379 3255 sed

238 3304 315 3367 illud
338 3306 465 3387 praeter
488 3306 593 3366 cetera
616 3325 681 3366 non
709 3303 879 3388 intellego,
909 3303 984 3386 quid
1007 3302 1137 3365 tandem
1158 3323 1284 3365 movere
1308 3302 1380 3367 Cal-

239 3412 353 3476 visium
380 3412 464 3495 apud
487 3411 570 3475 Plut.
595 3414 717 3476 Anton.
743 3434 770 3477 c.
793 3413 834 3477 58
862 3411 1018 3495 potuerit,
1046 3414 1083 3475 ut
1105 3433 1170 3474 non
1192 3410 1382 3493 simpliciter

239 3521 356 3602 βιβλία,
379 3543 488 3584 verum
503 3521 589 3586 ἁπλᾶ
612 3523 713 3602 βιβλία
728 3543 835 3585 coram
850 3525 964 3585 senatu
979 3521 1249 3583 commemoraret.
1283 3519 1382 3584 Cuius

188 3645 221 3693 3⁶
240 3630 449 3693 additamenti
472 3631 532 3693 etsi
555 3652 668 3694 sanum
690 3631 856 3694 consilium
878 3652 944 3694 non
965 3628 1139 3713 perspici0‚
1162 3632 1272 3691 tamen
1286 3629 1382 3692 mitto
1414 3613 1422 3621 .

240 3738 455 3803 Plutarchum.
500 3739 613 3822 ltaque
636 3761 706 3802 cum
734 3742 827 3802 terna
855 3743 1049 3822 quaternave
1077 3737 1275 3821 singulorum
1304 3738 1382 3800 scri-

240 3850 366 3930 ptorum
394 3848 538 3931 exempla
566 3847 665 3910 videri
692 3848 906 3911 Alexandriae
935 3847 1093 3911 exstitisse
1121 3846 1286 3909 dixissem:
1320 3847 1384 3910 hoc

240 3978 301 4021 nec
323 3960 431 4020 certo
459 3956 725 4021 demonstrari
753 3979 845 4040 posse
873 3957 991 4021 obiecit
1019 3977 1130 4020 censor
1156 3978 1188 4038 p.
1212 3955 1291 4037 830,
1321 3977 1385 4020 nec

309 4254 333 4318 *)
353 4253 404 4321 [De
425 4253 478 4307 hee
500 4269 610 4320 quoque
632 4252 693 4307 vide
716 4251 773 4306 alia
793 4252 877 4318 atque
900 4249 1010 4304 diversa
1032 4249 1193 4317 sequentem
1210 4248 1331 4303 Kcilium
1355 4268 1385 4319 p.

243 4348 292 4398 2⁴6
311 4346 382 4412 sqq]
