3218 5094
604 390 640 436 ιιι
662 389 943 438 Αιιιατοοιιιιιαιτ.
1280 373 1341 437 201

207 546 316 623 μένοις
342 546 362 622 ἢ
390 545 466 622 μηδὲ
494 543 579 607 όλως
608 548 707 608 ταῦτα
735 544 899 608 θεάςαςθαι
929 543 948 620 ἢ
973 544 1035 622 ,καὶ
1063 523 1267 621 θεαςαμένοις
1294 544 1345 607 καὶ

207 656 433 730 ἀναγνοιοῡςιν
456 654 651 732 άναιςθήτως
674 655 759 733 ἔχειν
785 655 825 719 τά
852 655 996 732 μάλιςτα·
1024 657 1123 718 ταῦτα
1144 657 1212 718 τοῖς
1239 655 1344 719 τοιοιί-

207 786 274 829 τοις
302 768 440 843 κομψοῖς
467 765 518 828 καί
544 763 779 844 οὐρανοβαίμοςι
808 764 895 843 (οφά
921 784 954 828 τε
977 765 1034 828 καὶ.
1055 763 1160 828 όντως
1189 763 1268 830 ὄντα
1290 770 1344 829 δο-

168 891 196 930 20
209 877 321 940 κείτων
343 875 394 938 καὶ
416 874 624 953 ἀληθέςτατα,
646 875 718 952 ἡμῖν
741 876 776 938 δὲ
799 877 866 940 τοῖς
888 873 1080 953 περιπεῑίοις
1095 895 1129 939 τε
1151 875 1202 938 καὶ
1224 874 1345 938 ὑλαίοις

207 987 258 1050 καὶ
292 987 436 1064 μηδαμοῦ
464 987 614 1062 μηδαμῶς
646 987 722 1062 μηδὲ
751 985 786 1049 ἓν
815 984 1010 1064 βιβλιδάριον
1039 983 1213 1060 άναγνοῦςι
1240 983 1345 1048 πάντα

209 1096 333 1176 ἐκφυλά
365 1115 399 1159 τε
431 1098 559 1158 δοκοῦςι
593 1094 642 1157 καί
675 1094 853 1172 άπαδάςμια
885 1097 935 1158 καὶ
970 1093 1117 1173 ἀληθείας
1144 1094 1344 1172 πορρωτάτω

208 1206 400 1284 ἐκτρέχοντα
426 1205 476 1268 καί
502 1203 669 1286 κωμῳδίας
697 1205 810 1270 ἐπάξια
838 1205 882 1269 ὼς
911 1206 1070 1282 τριςάθλια
1097 1205 1147 1268 καί
1173 1203 1346 1282 τριςταλαί-

208 1335 304 1393 πωρα
331 1315 448 1390 ἔκγονα
476 1315 597 1394 φρενὸς
625 1315 818 1395 ἐξεςπγκυίας
845 1316 1089 1394 πεπαταγμένης
1116 1315 1166 1378 καὶ
1191 1314 1346 1389 άπαγοῡς.

168 1441 195 1480 2⁵
210 1426 332 1489 Δεινὸν
354 1425 416 1503 γάρ
438 1425 478 1489 άν
500 1425 548 1504 εἴη
572 1425 621 1490 καὶ
637 1424 773 1500 ἄτοπον,
796 1426 822 1490 εί
837 1425 1002 1504 Εὐριπίδης
1026 1425 1084 1489 οὐκ
1099 1426 1147 1489 ὢν
1164 1424 1346 1504 φιλόςοφος

209 1535 419 1618 ἐκωμῳδήθη,
442 1535 584 1615 ςώφρων
606 1537 729 1613 μάλλον
752 1534 852 1600 εἰπὼν
867 1535 886 1599 ὁ
902 1537 1048 1614 πανδαής
1067 1536 1116 1598 καὶ
1139 1533 1276 1614 αἰθέριος
1298 1535 1347 1598 καὶ

209 1645 332 1709 πάντας
360 1645 471 1708 άπλιίις
501 1647 623 1725 ςοφοὺς
652 1645 811 1723 διαςιίρων
840 1647 947 1725 ψυχὴν
977 1645 1224 1724 άθανατωτέραν
1247 1644 1346 1709 εἰπὼν

210 1756 260 1819 καί
286 1755 379 1834 μυρία
409 1756 548 1833 μυριάκις
582 1757 673 1833 ἕτερα
706 1753 828 1834 ἄτοπα,
861 1755 887 1820 εἰ
914 1757 954 1834 μὴ
982 1755 1040 1821 κάν
1068 1756 1114 1819 ὼς
1144 1755 1348 1835 ἀφιλόςοφος

210 1863 376 1944 Εὐριπίδης
390 1902 432 1912 -
453 1865 535 1930 ἀλλά
556 1886 608 1943 μοι
630 1866 905 1945 παρατροχάςαντι
919 1864 1017 1930 τόςον
1032 1865 1128 1930 πάλιν
1145 1865 1347 1944 ἀναληπτέον

169 1978 269 2041 αυτοῦ
291 1975 391 2051 λόγου
412 1975 452 2039 τά
473 1975 583 2053 καίρια.

295 2085 324 2146 2.
356 2083 398 2150 Αἱ
421 2086 556 2164 ςκηνικαὶ
579 2087 693 2166 βίβλοι,
724 2085 771 2150 ὼν
797 2087 847 2149 καὶ
869 2085 900 2148 αἱ
921 2090 976 2163 τῆς
1000 2086 1167 2168 κωμῳδίας
1189 2085 1273 2161 εἰςὶν,
1302 2087 1346 2149 άις
1367 2097 1415 2146 112

210 2195 261 2257 καὶ
288 2196 462 2274 προλαβὼν
491 2196 651 2276 πρότερον
681 2195 805 2274 εἴρηκα,
834 2197 884 2259 καὶ
912 2187 1106 2273 ὠρθιίιθηςαν
1137 2197 1185 2259 καὶ
1212 2199 1347 2260 πολλοῖς

211 2303 361 2383 ἀνδράςιν
384 2305 627 2384 ἐπεξηγήθηςαν,
650 2307 699 2371 καὶ
720 2307 845 2384 ἥκιςτον
868 2307 887 2383 ἢ
911 2305 1075 2384 ἐλάχιςτον
1093 2306 1131 2370 τό
1155 2306 1347 2386 ἐπιλήψιμον

210 2413 345 2492 ἔχουςιν.

183 2554 197 2592 ⁵
296 2523 326 2586 3.
357 2526 440 2589 Ἐπεὶ
467 2528 502 2590 δὲ
531 2526 653 2606 (απφὼ
683 2528 718 2590 ςὺ
740 2529 798 2606 τὴν
822 2527 899 2605 ἐμὴν
922 2528 1040 2592 ἐθέλεις
1064 2532 1110 2610 τῷ
1133 2530 1193 2591 νῦν
1216 2526 1347 2605 ἐμφιλο-

211 2638 359 2713 χορεῦςαι
388 2635 599 2715 ςυγγράμματι
626 2638 675 2700 καὶ
696 2638 754 2715 τὴν
779 2639 888 2716 Γοργὼ
913 2637 948 2701 δέ
970 2639 1008 2700 τό
1032 2637 1230 2716 Κλεομένους
1253 2636 1347 2712 θυγά-

209 2764 300 2822 τριον
332 2746 439 2810 Πειθώ
472 2767 506 2811 τε
539 2747 589 2811 καλ
620 2749 678 2826 τὴν
712 2747 1050 2826 μεγαλοπρεπεςτάπγν
1082 2746 1267 2824 Πολυμνίαν
1299 2748 1349 2810 καὶ

210 2855 401 2934 Ἀφροδίτην
433 2857 533 2933 λόγου
566 2857 616 2921 καὶ
650 2858 784 2937 Χάριτας
818 2861 1040 2937 περιχορεάςαι
1072 2858 1109 2921 τό
1145 2857 1348 2935 ἐναρμόνιον,

209 2965 260 3028 τολ
282 2966 337 3041 μέν
360 2966 444 3042 ἐγὼν
467 2967 564 3045 ἐρέω,
592 2968 628 3030 ςὺ
651 2969 687 3031 δὲ
715 2968 828 3033 ςύνθεο
856 2968 905 3032 καί
934 2989 991 3047 μευ
1019 2967 1166 3033 άκουςον.
1210 2966 1348 3044 Ἱςτορία.

169 3075 248 3138 ιοἩ
265 3074 387 3156 (απφὼ
418 3079 524 3154 μελῶν
552 3079 690 3156 λυρικῶν
718 3077 841 3157 ὑπῆρχε
870 3079 1016 3157 ποιήτρια
1044 3075 1242 3154 Μιτυληναία
1269 3074 1349 3139 οὗςα

209 3189 257 3268 τῷ
286 3185 385 3262 γένει,
415 3186 712 3266 (καμανδρωνιίμου
744 3189 896 3266 θυγάτηρ·
932 3187 1075 3265 Χάραξος
1108 3189 1142 3250 δὲ
1176 3185 1216 3263 ἦν
1251 3185 1348 3263 αὐτῆς

211 3295 370 3375 ἀδελφάς,
399 3297 436 3360 ὃς
464 3297 522 3374 τίγν
543 3297 701 3362 Ῥόδωπιν
730 3300 788 3377 τὴν
817 3297 955 3377 έταιρίδα
982 3297 1016 3361 ἐκ
1038 3296 1168 3361 Ξάνθου
1191 3295 1348 3374 ὠνήςατο,

210 3405 372 3481 Ἰάδμονος
404 3407 523 3485 δούλην
555 3407 770 3487 ὑπάρχουςαν,
802 3408 979 3472 ςύνδουλον
1015 3408 1050 3470 δὲ
1077 3409 1136 3470 τοῦ
1157 3385 1347 3481 ’λογοποιοῦ

209 3515 262 3576 καί
285 3517 493 3596 μυθογράφου
517 3517 673 3594 Αίςώπου,
696 3519 865 3601 καὶταύτῃ
889 3521 999 3595 ςυνῆν·
1028 3517 1077 3580 καὶ
1099 3516 1216 3579 τούτου
1239 3515 1348 3579 ἕνεκεν

168 3625 231 3702 ιιὴ
260 3623 383 3704 ἀδελφὴ
411 3627 527 3691 τούτου
550 3627 672 3708 (απφὼ
700 3629 785 3707 μέλει
815 3629 862 3692 ένλ
884 3630 950 3692 τῶν
978 3625 1074 3704 αὐτῆς
1095 3626 1285 3690 καθάπτεται
1309 3625 1349 3689 οὐ

210 3733 344 3812 μετρίως
367 3785 582 3801 ........
605 3738 740 3818 Ἱςτορία.
786 3739 894 3818 Γοργὼ
923 3739 958 3802 δὲ
986 3737 1123 3815 θυγάτηρ
1151 3733 1191 3813 ἦν
1215 3736 1346 3813 Κλεομέ-

209 3864 291 3908 νους
312 3849 371 3909 τοῦ
393 3846 597 3927 (παρτιατῶν
620 3849 788 3927 βαςιλέως,
810 3851 892 3927 γυνὴ
915 3850 950 3912 δὲ
966 3846 1129 3913 Λεωνίδου
1145 3845 1269 3910 ἐκείνου
1290 3848 1348 3909 τοῦ

282 4151 321 4200 18.
342 4148 402 4214 [αυτ.
422 4150 596 4213 άναγνοῠςιν.
615 4149 644 4203 F.
663 4151 707 4220 R]
783 4157 823 4204 21.
844 4153 937 4216 πάντη
956 4149 1015 4203 cod.
1085 4155 1108 4202 5.
1128 4151 1349 4215 έμφιλοχοράιςαι

210 4238 272 4292 αοά,
299 4239 360 4306 [scr.
384 4243 615 4308 ἐμφιλοχωρήςαι.
639 4243 668 4296 F.
692 4244 736 4312 R]
819 4249 857 4294 1‘2.
883 4244 1010 4309 ῥοδόπην
1028 4243 1057 4295 δέ
1075 4244 1109 4296 τὸ
1128 4243 1194 4309 όρος
1213 4257 1348 4308 suprascr.

209 4415 285 4452 man.
305 4417 358 4452 sec.
432 4408 468 4455 16,
489 4402 510 4454 Ε
530 4403 622 4457 codiee
641 4402 775 4470 descripsi
797 4403 850 4456 ita:
869 4337 1039 4468 όχετεῗχιιιιάο
1058 4403 1187 4457 coniicias
1206 4404 1349 4468 δεύτερον.
