2904 4996
242 327 304 391 740
635 342 796 390 sennaar.
819 342 992 390 carmena.

242 496 362 560 Contra
388 497 423 560 in
451 495 581 579 Septem
609 497 649 559 ad
684 496 811 560 Thebas
839 519 867 560 v.
890 498 929 560 51
963 498 1005 580 [p.
1029 497 1103 578 307,
1127 498 1149 560 4
1176 495 1283 580 Diod]
1304 497 1370 559 haec

241 607 405 690 scripserit
432 628 562 670 neeesse
590 610 639 670 est
666 606 854 670 scholiasta:
883 610 935 671 διὰ
958 608 1069 690 crepo]
1103 607 1250 672 αὐτῶν·
1278 609 1296 685 ἡ
1320 609 1371 670 διὰ

240 739 267 779 e.
291 740 322 801 q.
346 739 371 780 s.
396 717 602 801 [vulgabatur
624 718 747 783 ἑαυτῶν
770 719 790 795 ἢ
813 718 890 800 δια]

325 826 387 891 Sed
409 849 480 891 cum
502 827 639 891 nolimus
665 827 701 890 in
723 827 837 890 harum
864 848 970 890 rerum
998 826 1144 891 exilitate
1171 827 1293 890 versari
1317 827 1374 889 dio·

239 937 319 1020 tius,
348 938 538 1001 revertimur
570 938 610 1001 ad
638 935 885 1021 Aeschylum.
919 936 983 1001 Vbi
1014 959 1110 1021 quem
1133 937 1376 1020 reposuimusin

240 1047 433 1131 paroemiaci
456 1048 520 1110 fine
542 1048 729 1130 molossum,
754 1069 824 1110 eum
847 1047 970 1111 idoneis
987 1047 1108 1131 aliquot
1126 1048 1282 1130 exemplis
1297 1047 1377 1111 Gais

240 1157 360 1222 sordius
384 1157 574 1241 approbavit
596 1157 637 1220 ad
658 1157 833 1241 Hephaest.
857 1180 888 1240 p.
912 1158 975 1222 288
1000 1158 1075 1240 [104
1090 1158 1139 1221 ed.
1164 1159 1242 1221 alt:
1265 1158 1314 1220 cui
1332 1179 1378 1220 ne

240 1268 305 1331 seio
329 1290 385 1332 cur
411 1289 477 1331 non
505 1267 680 1331 addiderim
708 1267 747 1332 G.
779 1266 1001 1331 Hermannum
1028 1267 1134 1331 Illam.
1163 1258 1266 1331 doctr.
1295 1271 1378 1330 metr.

240 1401 271 1461 p.
296 1380 381 1463 3781.
427 1380 477 1441 Ac
504 1377 587 1462 quod
615 1399 711 1461 supra
738 1400 789 1441 me
816 1378 999 1443 offendebat
1027 1378 1062 1442 in
1090 1383 1209 1458 (ωτῆρι
1238 1399 1327 1455 voce,
1352 1377 1381 1440 id

239 1489 348 1552 nescio
371 1510 413 1551 an
436 1510 502 1551 non
524 1488 567 1550 sit
587 1488 623 1551 in
645 1487 736 1551 hiatu
751 1489 905 1573 positum,
930 1488 984 1551 sed
1007 1488 1041 1551 in
1064 1488 1225 1551 brevItate
1247 1487 1381 1571 syllabae

240 1599 361 1661 finalis:
386 1598 473 1662 cuius
496 1598 637 1662 tenuitas
659 1598 760 1661 multo
784 1602 832 1660 est
853 1597 1031 1679 molestior,
1059 1598 1116 1661 ubi
1144 1597 1306 1680 spondeus
1332 1619 1381 1660 an·

238 1708 358 1772 tecedit
380 1730 475 1792 quam
501 1708 556 1771 ubi
581 1708 736 1792 dactylus.
781 1709 880 1792 Atqui
908 1707 987 1771 illud
1015 1708 1176 1791 corrigere
1206 1729 1272 1771 non
1302 1708 1380 1785 lieet,

239 1819 314 1902 quia
336 1819 416 1882 istae
439 1817 574 1882 schedae
605 1818 669 1881 iarn
696 1822 771 1881 sunt
792 1817 980 1900 typothetae
1001 1818 1151 1882 manibus
1173 1817 1325 1881 traditae.
1345 1855 1382 1866 —

239 1927 411 1992 Praeterea
433 1929 515 2012 quod
537 1931 753 2008 πολεμάρχα(
780 1927 917 2012 praetuli
945 1926 1029 2011 apud
1057 1926 1274 2010 Aeschylum,
1303 1931 1382 1990 recte

239 2039 360 2102 facturn
382 2042 469 2121 puto.
515 2037 605 2102 Nihil
626 2042 732 2102 autem
761 2059 831 2101 cum
854 2037 1053 2113 Blomfieldio
1074 2036 1281 2101 Wellauerus
1308 2037 1383 2100 dixit

240 2148 434 2212 adnctando
479 2147 610 2212 Etenim
643 2170 714 2212 cum
743 2147 899 2211 latissime
931 2149 1041 2230 pateat
1076 2146 1156 2209 illud
1190 2149 1382 2232 tragicorum

240 2257 395 2341 studium,
423 2257 506 2341 quod
530 2259 671 2322 cernitur
693 2258 727 2320 in
750 2257 922 2322 devitanda
944 2256 1109 2320 nominum
1132 2256 1256 2319 vicinia
1279 2257 1384 2321 eodem

239 2368 477 2431 terminationis
499 2390 578 2433 sono
601 2368 797 2451 cadentium,
826 2371 895 2431 tum
923 2387 1018 2450 saepe
1039 2366 1100 2430 hac
1124 2366 1194 2429 sola
1223 2367 1277 2430 via
1306 2367 1382 2431 codr—

241 2499 312 2540 cum
340 2500 411 2541 mss.
440 2482 546 2561 potest
568 2479 785 2562 discrepantia
811 2476 956 2541 iudicari.
1001 2474 1069 2551 Quo
1097 2476 1132 2538 in
1161 2497 1286 2560 genere
1315 2479 1384 2541 nolo

240 2610 326 2651 nuno
349 2588 523 2671 exspatiari
546 2588 683 2674 longius.
729 2588 879 2652 Eiusdem
908 2586 1073 2650 varietatis
1101 2585 1306 2669 elegantiam
1329 2587 1384 2651 Ro

241 2698 329 2760 mani
353 2699 528 2762 consectati
551 2702 641 2781 sunt,
665 2699 752 2762 velut
773 2697 926 2762 Horatius
949 2696 1016 2762 Sat.
1040 2695 1073 2778 I,
1099 2697 1128 2776 1,
1155 2697 1212 2760 12:

393 2848 480 2907 Solos
504 2849 620 2908 felices
642 2850 786 2908 viventis
809 2849 919 2907 clamat
941 2849 974 2905 in
996 2838 1071 2905 urbe
1094 2880 1151 2919 —,

240 2989 310 3052 alii:
338 2987 439 3071 quode
461 2988 579 3051 multus
609 2990 657 3051 est
688 2987 833 3051 Valerius
861 2986 982 3049 Probus
1010 2985 1092 3068 apud
1123 2984 1268 3049 Gellium
1298 2986 1387 3050 Noct..

239 3103 299 3162 att.
328 3097 418 3181 XIII,
451 3098 499 3161 19.
539 3099 687 3162 Ueterum
709 3097 747 3160 de
769 3098 974 3177 πολεμάρχα(
994 3094 1097 3159 forma
1120 3098 1212 3159 recte
1237 3097 1389 3161 iudicavit

240 3208 419 3272 Brunckius
442 3208 650 3272 adnotatione
673 3208 713 3272 ad
735 3206 904 3272 Persarum
926 3229 955 3269 v.
974 3206 1038 3270 554
1059 3205 1293 3303 [probavitque
1317 3231 1388 3271 ean·

238 3318 310 3381 dem
332 3318 538 3382 Hermannus
559 3341 591 3401 p.
615 3319 702 3399 3411.

321 3684 530 3767 Priusquam
553 3682 676 3746 adalia
698 3683 885 3767 aggrediar,
910 3682 1051 3765 corrigas
1074 3683 1173 3745 velim
1196 3685 1302 3749 etiam
1327 3687 1391 3761 illa,

236 3815 317 3876 quac
340 3793 373 3856 in
397 3793 552 3876 Septem
577 3793 624 3857 ad
645 3792 796 3857 Thebas
819 3794 970 3877 leguntur
991 3815 1021 3855 v.
1045 3792 1122 3855 206:

388 3966 554 4044 πειθαρχία
575 3965 637 4042 γάρ
659 3964 721 4028 terr
743 3969 798 4042 τῆς
821 3963 991 4043 εὐπραξία(

388 4076 504 4153 μήτηρ,
527 4077 624 4154 γυνὴ
647 4080 837 4154 (ωτῆρος
861 4074 923 4139 rbb’
945 4074 1010 4154 ἔχει
1033 4073 1141 4149 λόγος.

184 4263 217 4310 aa
236 4240 367 4306 Etenim
395 4243 556 4306 neminem
584 4244 723 4308 arbitror
751 4266 818 4307 esse
841 4243 918 4327 quin
941 4243 1073 4306 haereat
1111 4243 1146 4306 in
1176 4249 1265 4325 γυνή
1301 4271 1389 4324 voce,

237 4352 275 4415 de
309 4375 371 4436 qua
404 4353 558 4417 mirificae
592 4354 785 4417 exstiterunt
818 4375 888 4417 cum
922 4357 1062 4416 vetorum
1095 4356 1285 4419 sententiae
1320 4363 1388 4420 tum
