2948 4996
219 342 283 410 420
639 354 702 408 »nu
725 358 926 410 1011101110

221 518 293 599 post
309 513 538 598 Spanhemium
559 514 598 577 de
621 537 678 577 usu
701 518 734 578 et
755 519 874 598 praest.
898 515 1046 578 numism.
1071 514 1147 579 diss.
1169 511 1233 579 VH
1257 515 1366 600 (vall

220 648 251 709 p.
276 625 332 688 371
360 647 428 709 sqq.
458 624 506 688 cd.
531 647 560 687 a.
588 624 706 709 1706),
737 624 988 689 Valckenarium
1016 624 1057 689 ad
1085 624 1243 689 Herodoti
1272 624 1364 709 VIII,

224 736 282 799 139
310 739 342 798 et
369 733 620 819 Wesselingium
648 735 689 798 ad
716 735 892 799 Diodorum
924 735 1126 799 instituerint
1154 736 1189 799 in
1217 735 1367 800 Macedo

219 867 296 908 num
324 845 491 908 historiam
519 844 690 929 inquirere.
749 844 839 920 Quod
871 845 968 909 etiam
1002 845 1041 908 de
1070 845 1142 909 aliis
1176 846 1368 929 quibusdam

186 955 411 1040 efragmentis
433 954 555 1018 dictum
582 977 650 1019 esse
672 956 744 1018 volo
771 955 846 1019 inde
869 978 888 1018 a
911 978 941 1039 p.
966 956 1028 1019 313
1057 955 1194 1039 exempli
1218 949 1367 1037 Armenii

219 1065 421 1149 perscriptis:
450 1064 562 1148 quibus
585 1064 737 1128 historiae
764 1065 967 1129 illustrantur
989 1064 1228 1130 Corinthiorum
1252 1072 1285 1129 et
1307 1066 1367 1130 La-

221 1175 505 1240 cedaemoniorum.
551 1174 638 1250 Quae
666 1176 773 1239 omnia
797 1198 836 1239 ex
858 1174 989 1239 Diodori
1012 1175 1208 1240 bibliotheca
1238 1182 1367 1260 sumpta

220 1308 288 1351 esse
321 1286 389 1368 ipse
417 1288 555 1348 testatur
582 1284 739 1348 Eusebius
773 1309 844 1349 cum
872 1309 903 1369 p.
932 1286 995 1349 314
1022 1285 1094 1348 init.
1131 1291 1201 1350 tum
1228 1310 1261 1371 p.
1291 1287 1365 1351 318.

219 1396 300 1460 llluc
330 1399 482 1459 revertor.
533 1395 634 1458 Positi
663 1399 739 1459 sunt
766 1397 801 1459 in
828 1396 1011 1480 fragmento
1040 1394 1118 1477 isto,
1153 1399 1191 1459 ut
1217 1397 1369 1460 omittam

219 1507 356 1592 prlores,
381 1527 473 1590 reges
495 1505 580 1570 hice:

305 1670 308 1675 .
421 1615 591 1680 Perdiccas
614 1616 673 1702 (II)
697 1639 855 1681 annorum
878 1615 973 1681 XXII

423 1726 600 1790 Archelaus
624 1726 667 1812 (I)
877 1725 972 1791 XVII

423 1837 566 1920 Aeropus
590 1836 657 1921 (lli
924 1835 968 1900 Vl

424 1943 601 2009 Pausanias
956 1946 972 2009 I

422 2055 623 2119 Ptolemaeus
892 2137 900 2144 .
922 2056 972 2120 III

421 2165 590 2234 Perdiccas
614 2165 689 2251 (III)
941 2165 971 2229 V

422 2275 589 2359 Philippus
612 2275 672 2361 (II)
862 2274 971 2339 XXIV

421 2385 606 2449 Alexander
627 2385 670 2449 M.
905 2384 968 2449 XII
990 2386 1041 2450 vel
1063 2385 1153 2450 XIII.

220 2497 320 2560 Plane
336 2494 471 2559 cumbis
488 2496 637 2559 convenit
652 2495 791 2559 Diodoro
807 2495 845 2558 de
860 2497 1003 2579 A'e'ropo,
1026 2518 1120 2579 quem
1140 2518 1296 2580 regnasse
1319 2496 1367 2560 ait

220 2609 261 2670 ab
282 2606 323 2669 ol.
346 2604 444 2687 XCV,
469 2607 484 2667 l
509 2606 547 2668 ad
568 2605 683 2687 XCVI,
701 2609 720 2669 3
741 2606 797 2668 lib.
820 2604 899 2669 XIV
919 2628 945 2669 0.
968 2607 1024 2687 373
1048 2607 1086 2669 de
1107 2605 1286 2688 Pausania,
1315 2629 1365 2670 co·

219 2717 291 2781 dem
313 2738 398 2779 anno
419 2715 606 2799 interfecto,
632 2716 687 2780 lib.
711 2714 789 2779 XIV
812 2738 838 2779 c.
860 2716 916 2798 893
948 2714 986 2779 de
1006 2716 1156 2799 Philippo
1177 2738 1236 2798 per
1256 2715 1366 2780 XXIV

220 2849 323 2891 annos
339 2830 497 2911 regnante
513 2826 587 2890 inde
603 2827 643 2890 ab
659 2826 699 2890 ol.
718 2825 783 2909 OV,
804 2827 819 2888 l
844 2826 884 2890 ad
900 2825 982 2909 CXI,
1003 2830 1015 2890 l
1042 2826 1096 2889 lib.
1114 2824 1192 2889 XVI
1208 2847 1237 2890 c.
1254 2826 1364 2892 20011.

220 2961 291 3002 c-urn
314 2936 402 3018 XVI,
427 2937 483 3018 943
512 2937 650 3021 itemque
672 2937 711 3000 dc
734 2935 927 2999 Alexandro.
973 2936 1018 2999 At
1040 2957 1114 2999 vero
1136 2937 1221 3000 inter
1244 2935 1366 3000 Pausa-

219 3049 292 3112 niae
315 3052 348 3111 et
369 3046 544 3110 Ptolemaei
568 3069 669 3132 regna
691 3045 849 3110 Diodorus
872 3046 998 3130 quidem
1026 3046 1218 3129 interposuit
1242 3049 1365 3131 Amyn·

219 3161 272 3221 tae
299 3157 466 3241 imperium
493 3156 602 3220 XXIV
631 3179 802 3238 annorum,
841 3157 882 3219 ab
910 3157 950 3220 ol.
975 3155 1138 3238 XCVI,3
1167 3156 1206 3219 ad
1237 3155 1307 3240 CII,
1333 3160 1363 3238 3,

220 3267 275 3330 lib.
304 3266 382 3330 XIV
411 3288 437 3330 0.
468 3268 509 3330 89
547 3267 617 3330 0011.
647 3290 718 3331 curn
746 3266 822 3349 XV,
847 3267 904 3347 60,
952 3287 1154 3349 annuumque
1183 3265 1364 3330 Alexandri

219 3399 354 3461 regnum
376 3376 431 3440 lib.
448 3375 510 3440 XV
534 3398 560 3440 c.
577 3377 627 3441 60.
674 3376 813 3452 Quorum
835 3378 966 3441 nomina
988 3376 1127 3439 dubitari
1150 3377 1265 3459 nequit
1286 3378 1366 3461 quin

219 3487 254 3550 in
282 3487 413 3551 Eusebii
440 3487 546 3551 indice
573 3487 805 3552 interciderint.
863 3487 953 3562 Quod
982 3485 1108 3570 quidem
1136 3485 1183 3549 ita
1212 3507 1283 3550 esse
1312 3487 1365 3552 de·
1426 3554 1427 3559 ,

219 3598 294 3660 bere
317 3619 388 3661 cum
411 3598 482 3661 aliis
505 3597 543 3660 de
567 3597 685 3660 caussis
714 3597 882 3681 apparebit
904 3600 1031 3680 postea,
1060 3599 1130 3658 tum
1160 3596 1366 3682 intellegitur

220 3700 258 3770 ex
281 3707 412 3770 indice
435 3729 568 3792 regum
583 3706 929 3770 Macedonicorum
952 3707 993 3769 ab
1008 3705 1146 3769 Eusebio
1162 3706 1276 3769 statim
1292 3712 1367 3790 post

219 3815 350 3880 Diodori
379 3818 596 3902 fragmentum
623 3817 727 3900 posito
755 3840 786 3900 p.
811 3817 873 3879 324
900 3839 964 3900 sq.,
994 3837 1055 3899 quo
1083 3815 1173 3898 qnasi
1203 3837 1366 3880 summam

219 3927 459 4011 comprehendit
487 3931 582 3991 antea
604 3930 821 4009 narratorun13
853 3925 940 3990 cuius
962 3925 1093 4006 indicis,
1123 3924 1199 3988 licet
1222 3928 1367 4011 complu-

218 4038 305 4101 riens
320 4037 531 4121 discrepantis
554 4037 595 4098 ab
618 4036 717 4119 ipsius
733 4035 908 4120 fragmenti
923 4035 1087 4117 memoria,
1110 4039 1221 4098 tamen
1247 4037 1368 4121 aliquis

219 4170 293 4210 usus
322 4168 389 4211 esse
411 4150 518 4231 potest
545 4147 585 4209 ad
607 4146 783 4230 fragmenti
811 4146 906 4209 verba
934 4146 984 4208 vel
1007 4145 1185 4228 supplenda
1213 4147 1266 4210 vel
1296 4169 1368 4212 cor·

219 4257 364 4339 riganda.
392 4256 621 4340 Discrepantia
644 4260 749 4319 autern
772 4256 845 4336 ista,
869 4276 949 4338 quae
972 4255 1005 4316 in
1022 4255 1084 4318 hac
1107 4255 1176 4338 ipsa
1197 4261 1368 4338 postrema
1437 4288 1440 4295 ·

220 4368 312 4451 parte
346 4387 457 4450 regum
491 4365 769 4430 Macedonicorum
800 4364 1000 4450 potissimum
1037 4364 1192 4450 cernitur,
1227 4367 1367 4444 minime
