2948 4996
509 322 629 367 onorer
653 322 816 369 sonorus⁸
1169 306 1234 370 405

91 477 126 542 δέ
154 475 329 559 particulae
358 474 464 538 sedem
492 473 633 558 vulgaris
660 477 722 555 γάρ
756 479 959 559 occupasset,
994 477 1030 538 ut
1062 475 1108 540 sie
1142 498 1232 539 exue-

91 607 205 673 quasse
228 606 337 649 versus
359 587 487 671 poetam
509 584 757 671 perspiceretur:

243 764 410 844 ςημάντωρ
439 766 565 830 ἁλιώςει
594 766 662 845 χερὶ
691 765 822 844 πέρκας·
859 764 878 830 ὁ
913 765 946 828 δ’
979 764 1109 829 ἐςαιὲν
1143 765 1231 844 ὁρῶν

495 875 609 940 κύκλος
632 901 664 910 ·-

90 1014 123 1076 et
252 1012 293 1078 ςὰ
325 1012 359 1075 δ’
398 1011 570 1090 εὐήρετμος
604 1011 740 1086 ἔκπαγλ’
776 1010 849 1075 ἁλία
882 1011 967 1090 χερςὶ
1000 1011 1232 1090 παραπτομένα

495 1121 600 1186 πλάτα
621 1147 663 1185 -.

87 1302 128 1365 ln
151 1323 213 1384 qua
236 1301 394 1383 scriptura
417 1323 516 1364 unum
537 1291 638 1364 restat
660 1299 742 1383 quod
765 1297 971 1382 defendatur,
1002 1320 1067 1362 non
1095 1303 1131 1363 ut
1158 1321 1230 1384 gra-

87 1411 153 1474 tius
186 1414 219 1474 et
246 1409 392 1492 nitidius,
429 1409 483 1473 sed
516 1413 551 1472 ut
584 1409 809 1473 necessarium.
854 1408 1016 1494 Reisigius
1044 1409 1131 1472 enim
1160 1432 1230 1473 omn

87 1520 290 1603 responsioni
306 1519 558 1602 antistrophicae
579 1520 625 1583 sic
648 1518 876 1583 consulendum
896 1522 1035 1601 putaret,
1058 1523 1095 1582 ut
1117 1519 1136 1583 ὁ
1157 1521 1229 1599 γὰρ

88 1631 236 1712 εἰςξαιὲν
259 1631 347 1710 ὁρῶν
370 1631 485 1694 κύκλος
508 1633 540 1693 et
563 1631 669 1710 χερςὶ
692 1631 947 1714 παξραπτομένα
968 1629 1073 1693 πλάτα
1092 1629 1230 1692 invicem

87 1740 151 1803 sibi
185 1740 319 1804 referret
353 1739 571 1811 concinnitate
608 1762 703 1823 quam
740 1739 877 1802 maxime
913 1739 1125 1820 inconcinna,
1163 1761 1230 1802 non

87 1850 195 1933 potuit
216 1850 293 1933 quin
315 1871 368 1914 eos
391 1849 444 1934 qui
468 1848 664 1933 praecedunt
685 1871 795 1913 versus
818 1871 882 1913 una
897 1848 1023 1912 adiecta
1046 1850 1084 1914 ςά
1106 1849 1229 1932 syllaba

86 1960 135 2024 sic
167 1962 374 2043 exaequaret:
412 1961 572 2039 ςημαίμων
606 1960 732 2023 ἁλιώςει
760 1961 827 2039 χερὶ
854 1960 972 2038 πέρςας
993 1959 1069 2023 -ἁ
1097 1961 1129 2022 δ’
1158 1960 1228 2038 εὐή-

86 2091 202 2150 ρετμος
239 2070 374 2146 ἔκπαγλ’
410 2070 484 2134 ἁλία
521 2070 572 2134 ςά.
617 2068 748 2152 Frigore
785 2068 928 2131 additum
965 2070 1009 2133 ςά
1041 2067 1228 2132 Hermanno

86 2179 207 2243 visum:
238 2182 269 2242 et
298 2179 345 2243 ita
368 2179 495 2264 quidem
518 2178 719 2243 conlocatum
741 2177 842 2262 friget
863 2199 984 2261 reapse.
1030 2177 1119 2253 Quod
1142 2179 1228 2242 enim

86 2292 301 2372 exspectatur,
325 2312 391 2352 non
406 2288 466 2353 hoo
486 2292 550 2353 est:
574 2288 728 2371 ‘remipes
752 2293 857 2351 autem
880 2309 937 2371 per
959 2309 1046 2353 mare.
1069 2288 1149 2352 ratis
1171 2292 1227 2352 tua

85 2399 163 2462 salit
171 2406 192 2480 ⁹,
216 2399 269 2462 sed
292 2399 352 2463 hoc
374 2400 494 2482 potius:
518 2402 590 2462 ‘tua
613 2401 797 2480 astantem,
822 2420 902 2482 quae
917 2399 1053 2482 remipes
1068 2420 1125 2482 per
1139 2421 1227 2462 mare

85 2508 167 2571 ratis
195 2508 297 2591 salit',
335 2512 505 2592 postquam
532 2508 610 2571 illud
638 2508 814 2591 praecessit
850 2511 902 2572 ‘tu
929 2530 962 2572 es
969 2559 978 2592 ,
1017 2509 1071 2592 qui
1098 2509 1227 2572 frenare

84 2639 184 2701 equos
217 2617 383 2681 docueris?
432 2618 521 2703 Ergo
553 2617 693 2681 dubitari
725 2639 853 2700 prorsus
891 2640 957 2682 non
989 2623 1110 2701 potest,
1149 2619 1226 2702 quin

84 2749 197 2791 verum
211 2727 412 2811 Musgravius
432 2727 548 2791 viderit
569 2727 706 2803 ἀγυιαῖς·
731 2728 751 2791 ἁ
773 2728 806 2793 b‘
828 2756 859 2762 -
883 2733 1011 2791 mutans
1034 2729 1068 2792 in
1090 2730 1227 2806 ἀγυιαῖς·

84 2839 131 2902 ςά
158 2839 191 2901 δ’
217 2865 256 2900 -.
300 2835 384 2900 Nam
415 2837 455 2900 ad
489 2836 675 2920 Neptunum
707 2841 869 2901 auctorem
904 2838 1016 2900 referri
1049 2838 1225 2922 navigandi

82 2949 189 3009 artem
213 2969 283 3009 cunr
306 2946 567 3011 Schneidewinus
596 2947 642 3009 ait
669 2968 685 3010 e
715 2969 797 3010 nexu
820 2947 1052 3011 sententiarum
1073 2948 1223 3030 perspici,

82 3055 161 3139 quid
185 3060 233 3118 est
255 3057 385 3120 tandem
409 3080 464 3121 cur
486 3057 624 3120 noluisse
647 3061 791 3139 poetam,
822 3058 904 3141 quod
928 3079 1028 3120 nexus
1051 3057 1224 3120 sententia·

80 3187 158 3228 rum
176 3163 351 3249 flagitaret,
372 3167 477 3231 verbis
499 3167 610 3230 ell'erre
631 3170 777 3250 putemus
793 3187 874 3251 quae
895 3166 1022 3250 quidem
1043 3167 1076 3229 in
1098 3176 1224 3249 promp-

78 3280 120 3339 tu
144 3278 251 3339 essent
272 3275 369 3360 longe
389 3275 670 3347 ¹commodissima?

171 3467 295 3533 Licebit
331 3469 430 3554 igitur
465 3492 552 3534 nunc
585 3471 735 3553 strophae
768 3474 800 3534 et
833 3470 1053 3553 antistrophae
1086 3470 1225 3553 speciem

75 3578 267 3645 universam
288 3578 373 3644 hanc
397 3580 617 3645 commendare
640 3602 734 3665 quam
757 3580 842 3644 infra
864 3580 1061 3664 scripsimus:

191 3783 275 3848 ἔςτιν
297 3785 331 3848 δ’
354 3784 425 3849 οἷον
448 3785 512 3860 ἐγὼ
535 3788 593 3860 γᾶς
616 3784 716 3849 Ἀςίας
739 3786 798 3850 οὐκ
820 3785 970 3849 ἐπακούω

191 3892 267 3957 οὐδ’
289 3894 325 3959 ἐν
348 3899 386 3977 τᾷ
407 3895 528 3982 μεγάλᾳ
550 3895 674 3974 Δωρίδι
694 3895 782 3977 νάςῳ
804 3897 884 3959 ποτὲ
906 3894 1041 3975 βλαςιὸν

190 4002 328 4081 φύτευμ’
350 4003 518 4083 ἀχείρητον
540 4004 728 4082 αὐτόποιον,
778 4074 780 4078 ,

189 4112 314 4189 ἐγχέων
337 4114 466 4193 φόβημα
488 4115 602 4191 δαΐων,
648 4116 666 4179 ὃ
689 4118 764 4196 τᾷδε
787 4115 895 4179 θάλλει
918 4116 1044 4192 μέγιςτα
1066 4115 1166 4197 χώρᾳ,

188 4223 329 4296 γλαυκᾶς
350 4224 573 4307 παιδοτρόφου
596 4225 724 4304 φύλλον
748 4225 868 4288 ἐλαίας·

188 4330 228 4396 τὸ
250 4332 308 4409 μέν
330 4352 375 4397 τις
396 4333 528 4411 ἀκμαῖος
550 4334 624 4401 οὔτε
646 4335 745 4414 γηράς
