2896 4996
407 332 667 381 cucuronoorvu
689 333 971 383 vruuououursu.
1189 318 1251 382 573

197 484 288 550 Haec
315 485 415 570 igitur
448 486 748 566 ἀποφθέγματα,
782 491 952 566 γνῶμαι,
986 487 1252 566 παραινέςεις,

112 597 231 675 ὅμοια
258 596 421 680 quaeritur
446 618 524 659 num
553 600 702 679 excerpta
730 596 830 660 videri
858 617 896 659 ex
925 595 1083 660 Orionis
1105 597 1251 661 Antho-

112 707 224 790 logio
246 707 380 789 possint.
417 707 523 790 Atque
545 705 624 769 illud
647 709 731 770 certe
754 727 848 770 nemo
870 705 996 789 obiciet,
1020 705 1104 789 quod
1125 708 1253 790 practer

112 816 272 880 rationem
295 818 476 898 φιλόςοφος
503 819 635 880 vocator
658 816 749 900 Orio,
774 817 918 900 idemque
940 818 1023 900 quod
1045 816 1114 899 ipse
1137 816 1252 896 εἰρηκέ-

112 948 167 991 ναι
197 926 329 1009 dicitur,
364 947 460 1011 quae,
497 927 550 1010 qui
578 928 658 991 haee
686 926 961 1012 apophthegmata
988 924 1253 991 Vindobonensia

114 1038 302 1120 composuit,
327 1036 361 1100 in
383 1037 465 1101 libro
487 1036 615 1101 Orionis
638 1036 767 1102 nomine
789 1037 944 1121 inscripto
965 1036 1153 1120 reppererit.
1184 1035 1253 1101 Nec

113 1147 184 1210 leve
210 1145 334 1230 pondus
357 1147 414 1210 illi
428 1147 629 1211 coniecturae
652 1147 803 1212 accedere
825 1147 983 1231 quispiam
1005 1168 1102 1211 exeo
1125 1150 1250 1232 arguat,

113 1256 197 1340 quod
220 1279 318 1321 unum
333 1255 491 1341 quoddam
506 1258 662 1322 editorum
677 1281 696 1321 a
711 1257 803 1322 nobis
819 1257 1126 1344 apophthegmatum
1139 1278 1252 1341 reapse

113 1370 220 1430 exstat
242 1367 326 1450 apud
347 1389 457 1432 verum
480 1371 512 1431 et
533 1368 749 1432 indubitatum
773 1367 926 1432 Orionem
947 1368 998 1431 tit.
1022 1367 1123 1451 1,26:
1146 1368 1252 1433 ἃποι-

113 1480 162 1542 εῖν
186 1478 331 1558 αἰςχρὸν,
359 1482 437 1558 μηδὲ
464 1479 571 1559 νόμιζε
594 1481 709 1556 λέγειν.
754 1477 823 1543 Νοο
844 1477 988 1562 impedit,
1012 1477 1180 1561 quominus
1203 1478 1251 1541 in-

87 1676 89 1678 ,
112 1586 220 1650 didem
243 1588 344 1671 petita
366 1589 488 1673 reliqua
510 1593 674 1673 putemus,
704 1589 896 1672 scriptorum
925 1590 1014 1651 aetas
1036 1588 1086 1651 vel
1108 1588 1252 1652 nomina-

112 1697 173 1760 tim
200 1698 250 1761 vel
278 1699 378 1763 tacito
405 1699 535 1763 nomine
562 1702 801 1783 usurpatorum,
837 1697 1050 1783 Protagorae,
1085 1696 1250 1784 Diogenis,

113 1806 262 1892 Secundi,
286 1809 495 1892 Antiphanis,
520 1808 623 1893 Sexti,
648 1808 807 1893 Platonis,
831 1808 998 1890 Isocratis,
1028 1808 1198 1872 Menandri
1221 1812 1253 1872 et

114 1921 307 1999 ceterorum,
339 1940 416 2002 quos
452 1920 487 1983 in
514 1920 721 1984 adnotatione
748 1918 1003 1983 memoravimus.
1054 1917 1139 1981 Nam
1169 1918 1252 2002 quod

113 2027 190 2097 Nilo
213 2028 361 2112 episcopo
382 2051 447 2093 una
469 2030 630 2094 sententia
652 2031 687 2093 in
702 2029 835 2108 Maximi
859 2032 892 2092 et
908 2028 1045 2092 Antonii
1066 2029 1145 2092 locis
1170 2048 1252 2092 com:

114 2138 263 2215 munibus
290 2138 456 2223 tribuitur,
491 2162 557 2204 non
585 2140 656 2223 plus
685 2139 772 2203 valet
798 2160 892 2223 quam
921 2138 1004 2223 quod
1031 2138 1065 2201 in
1093 2138 1163 2221 ipsa
1185 2137 1253 2202 Nili

114 2249 335 2328 παραινέςεων
359 2249 546 2313 collectione
569 2250 670 2313 altera
693 2249 849 2333 quaedam
872 2249 991 2312 exstat:
1024 2252 1104 2332 quae
1127 2247 1254 2332 quidem

115 2379 188 2422 eum
210 2358 281 2423 aliis
304 2358 338 2422 in
360 2358 428 2424 Nili
449 2361 595 2446 syllogen
623 2381 755 2424 manare
783 2381 821 2422 er
850 2358 1082 2442 antiquioribus
1109 2358 1253 2422 fontibus

114 2468 229 2550 potuit.
279 2467 399 2533 Verum
437 2470 586 2554 graviora
625 2492 702 2534 sane
739 2472 930 2554 argumenta
962 2472 1102 2551 restant,
1140 2468 1253 2553 quibus

115 2577 207 2641 valde
237 2578 464 2663 labefactetur,
504 2602 600 2664 quarn
633 2580 775 2644 nondum
808 2579 945 2664 cognitis
978 2577 1141 2643 Lambecii
1180 2601 1254 2662 apo·

114 2688 334 2773 phthegmatis
350 2689 426 2752 olim
447 2690 666 2773 proposuimus
690 2690 915 2754 coniecturam.
947 2689 1032 2753 Nam
1046 2690 1184 2772 primum
1205 2690 1253 2753 in·

115 2797 203 2861 doles
224 2799 423 2882 quarundam
445 2800 678 2864 sententiarum
698 2802 734 2864 in
756 2800 955 2866 Christianos
980 2800 1086 2883 potius
1108 2799 1253 2863 homines

115 2906 241 2972 videtur
263 2910 443 2992 convenire,
466 2911 554 2974 velut
575 2910 705 2975 harum:
737 2914 795 2977 τὸν
818 2911 1049 2990 εὐεργετοῦντα
1072 2931 1104 2975 ςε
1126 2909 1170 2975 εἰς
1192 2932 1252 2989 ψυ-

114 3020 177 3099 χὴν
211 3019 256 3084 ὡς
290 3019 449 3101 ὑπηρέτην
483 3025 561 3086 θεοῦ
593 3022 671 3100 μετὰ
705 3023 781 3087 Θεὸν
809 3021 892 3101 τίμαε
930 3020 1033 3100 ἀρχὴν
1060 3020 1252 3099 μαθημάτων

115 3131 224 3209 λαβὼν
248 3130 412 3210 πρόκοπτε
433 3137 472 3215 τῇ
494 3135 553 3197 τοῦ
575 3136 651 3196 θεοῦ
680 3133 795 3214 βουλῇς
834 3130 994 3196 ἀδύνατόν
1024 3130 1087 3195 ἐςτι
1114 3131 1172 3196 τὸν
1195 3131 1250 3210 ὀρ-

114 3244 181 3303 θῶς
208 3242 432 3319 βιοῦντα...
460 3243 641 3322 περιπεςεῑν
668 3241 852 3319 πταίςμαςιν
880 3239 1027 3321 αἰςχῦνης
1056 3261 1082 3303 ο.
1107 3262 1137 3323 q.
1161 3262 1187 3303 s.
1220 3244 1253 3303 et

117 3348 224 3428 ὥςπερ
252 3351 286 3414 δὲ
315 3351 435 3430 ςκιῦληξ
560 3350 647 3416 οὕτω
680 3351 729 3414 καὶ
756 3351 775 3429 ἡ
805 3350 939 3430 ἁμαρτία
965 3351 1105 3429 μένοντα
1137 3349 1173 3416 ἐν
1206 3354 1252 3433 τῷ

114 3460 280 3538 ποιήςαντι
302 3461 411 3540 αὐτήν.
448 3459 509 3525 sed
531 3465 641 3525 tamen
662 3463 699 3523 ut
721 3460 788 3524 eius
806 3459 892 3524 modi
913 3461 1069 3544 quaedam
1090 3459 1253 3544 potuerint

115 3569 284 3634 admisceri
306 3592 372 3634 non
388 3591 426 3634 ex
443 3571 561 3636 Orione
583 3574 727 3654 sumpta:
751 3569 849 3633 etiam
866 3570 1014 3634 universa
1036 3570 1119 3634 ratio
1141 3570 1253 3633 horum

115 3679 425 3765 apophthegmatum
452 3681 568 3744 mirum
596 3684 751 3765 quantum
779 3681 819 3745 ab
848 3680 975 3745 Orionis
1010 3680 1158 3744 instituto
1191 3679 1252 3743 dia-

77 3822 81 3828 -
115 3792 237 3872 crepat.
268 3788 454 3854 Vberrimus
476 3791 530 3854 ille
553 3794 602 3855 est
624 3794 790 3874 poetarum
805 3789 910 3873 dictis,
934 3793 967 3853 et
988 3811 1097 3854 eorum
1114 3789 1251 3875 quidem,

115 3899 151 3962 in
174 3901 285 3983 quibus
314 3899 371 3964 flos
400 3904 433 3965 et
460 3899 556 3965 robur
578 3901 657 3964 artis
680 3903 712 3964 et
733 3900 913 3964 litterarum
934 3921 1123 3984 graecarum
1151 3899 1252 3964 consi-

114 4010 188 4073 stit:
224 4009 308 4074 idem
330 4010 534 4095 parcissimus
557 4010 789 4075 sententiarum
811 4033 831 4074 a
853 4010 1050 4095 philosophis
1071 4011 1252 4095 suppedita-

112 4123 230 4183 tarum.
276 4119 396 4186 Oontra
418 4121 468 4185 his
491 4121 570 4204 ipsis
592 4121 688 4209 longe
710 4107 850 4186 maxima
872 4143 946 4205 pars
969 4121 1111 4206 syllogae
1133 4120 1252 4186 Vindo·
1271 4140 1301 4190 lx

112 4230 267 4295 bonensis
295 4236 436 4317 constat,
472 4231 671 4315 paucissimis
701 4231 855 4295 immixtis
883 4231 1046 4296 versiculis
1074 4236 1250 4316 poetarum.

112 4342 176 4422 At,
206 4341 326 4425 inquit,
360 4343 421 4407 hoc
451 4341 519 4425 ipse
548 4341 616 4424 egit
642 4342 831 4427 quicumque
859 4342 1032 4427 excerpsit,
1067 4346 1102 4406 ut
1125 4343 1249 4409 omissis
