3008 5002
248 341 307 404 198
594 349 751 397 rznrzan
776 346 1037 395 ruonaaouusn

245 531 279 572 se
301 507 443 571 hausisse
465 503 600 567 dixerat.
645 500 714 576 Quo
736 501 858 564 sactum
881 503 1001 582 estut,
1026 522 1097 563 cmn
1120 498 1293 561 Mediolani
1317 520 1385 561 ver-

246 639 351 699 sarer,
369 614 481 698 cupide
496 613 586 676 illum
600 611 717 674 librum
732 614 889 693 peterem:
913 632 973 673 nee
987 609 1104 672 fefellit
1119 608 1245 694 opinio.
1270 608 1386 672 inveni

246 727 331 790 enim
358 722 584 805 Aristophanis
610 720 737 783 fabulas
759 727 824 783 tres
847 720 992 801 Plutum,
1023 719 1149 799 Ranas,
1179 717 1289 781 Nubes
1317 719 1386 800 plu—

246 835 334 900 rimis
350 832 478 897 scholiis
493 832 669 896 illustratas
686 833 718 892 et
733 829 796 892 illis
811 830 953 912 praefixa
968 830 1038 912 ipsa
1058 850 1139 911 quae
1154 828 1385 910 quaesiveram,

246 964 429 1029 quanquam
445 941 545 1005 multo
565 962 660 1024 quam
676 944 918 1022 expectaveram
935 939 1121 1021 copiosiora,
1145 938 1385 1021 prolegomena.

246 1038 307 1119 Est
334 1055 441 1115 autem
470 1049 569 1114 codex
591 1049 626 1114 Ο.
651 1047 713 1110 222
742 1071 811 1131 sup.
834 1052 856 1110 4
881 1049 956 1111 mai.
981 1047 1162 1130 bombycin.
1186 1069 1269 1110 saec.
1294 1047 1386 1111 XIII.

246 1173 304 1226 ‘ex
319 1160 409 1224 libris
425 1158 556 1242 Georgii
573 1158 733 1220 Merulae’
749 1161 785 1220 ut
799 1158 947 1240 ascripsit
962 1157 1081 1240 Maius,
1098 1156 1229 1238 litteris,
1249 1157 1388 1220 maxime

247 1273 281 1335 in
304 1269 432 1335 scholiis
456 1271 488 1331 et
509 1267 779 1350 disputationibus
801 1267 1037 1351 grammaticis,
1065 1266 1304 1349 minutissimis,
1334 1267 1388 1330 hic

246 1381 314 1444 illic
336 1379 433 1443 etiam
461 1376 629 1440 admodum
651 1376 776 1439 detritis
804 1380 837 1439 et
857 1377 966 1440 multis
988 1377 1164 1460 scripturae
1190 1376 1388 1459 compendiis

247 1491 394 1572 scriptus.
440 1485 592 1551 Continet
621 1489 727 1550 autem
754 1508 886 1570 graecos
916 1491 1027 1569 poetas
1055 1485 1183 1549 scholiis
1211 1486 1385 1550 instructos

248 1599 441 1681 complures,
469 1595 589 1659 relictis
612 1596 697 1659 inter
718 1596 811 1659 binos
832 1599 943 1679 poetas
966 1597 1016 1659 vel
1038 1596 1130 1659 binas
1153 1599 1319 1678 poetarum
1341 1597 1388 1659 fa-

247 1709 339 1772 bulas
363 1706 483 1789 aliquot
506 1705 647 1787 schedis,
671 1727 752 1787 quae
774 1706 892 1788 partim
914 1705 1040 1788 eadem,
1065 1706 1183 1788 partim
1199 1705 1263 1768 alia
1286 1710 1322 1768 ut
1344 1707 1388 1769 vi·

248 1819 356 1898 detur,
386 1815 441 1879 sed
468 1815 521 1877 vix
548 1815 724 1878 recentiore
752 1837 849 1878 manu
878 1816 1114 1878 commentariis
1141 1815 1330 1898 quibusdam
1357 1820 1390 1878 et

248 1904 396 1990 brevibus
425 1925 594 1988 sententiis
621 1925 824 2008 grammatici
854 1926 991 1988 maxime
1025 1913 1206 2009 aigmnenti
1239 1925 1411 2008 oppletae·

249 2040 334 2099 sunt.
364 2034 457 2098 Dabo
472 2033 571 2118 igitur
586 2034 722 2117 primmn
730 2086 738 2116 ,
755 2035 853 2118 ipsius
876 2035 949 2098 libri
965 2035 1108 2098 ordinem
1123 2038 1259 2117 secutuS,
1276 2034 1390 2098 horum

183 2172 231 2220 109
250 2149 416 2228 poetarum
438 2143 576 2207 indicem
599 2147 632 2206 et
660 2143 787 2207 brevem
815 2144 1066 2227 disputationmu
1094 2144 1388 2228 grammaticarum,

250 2275 331 2337 quae
347 2253 556 2336 interpositae
579 2258 671 2335 sunt,
695 2254 859 2317 notitiam:
883 2276 1064 2337 quanquam
1085 2255 1142 2317 has
1165 2253 1292 2337 quidem
1308 2254 1390 2317 nihil

250 2364 317 2426 fere
333 2363 395 2425 nisi
410 2362 523 2424 inanes
534 2361 784 2444 Byzantinorum
800 2364 1082 2448 grammaticorum
1097 2385 1200 2448 nugas
1212 2363 1388 2444 continere,

251 2493 345 2553 saepe
368 2471 465 2533 etiam
488 2471 663 2554 scripturae
678 2473 879 2557 negligentia
901 2473 983 2536 lusui
1007 2473 1131 2537 cuidam
1153 2473 1276 2536 librarii
1294 2495 1392 2556 quam

250 2580 362 2643 doctae
386 2581 649 2644 commentationi
671 2582 838 2646 similiores
861 2605 929 2645 esse
951 2604 1074 2646 moneo,

333 2689 402 2752 Fol.
430 2690 545 2753 e-iss.
577 2695 719 2772 Aeschyli
743 2697 861 2772 Septem
889 2699 932 2756 ad
960 2697 1087 2757 Thebas.
1139 2691 1281 2757 Schedae
1314 2698 1328 2757 1
1359 2698 1392 2757 et

250 2800 270 2861 2
294 2799 396 2880 enim,
420 2798 455 2861 in
477 2798 589 2882 quibus
612 2799 739 2863 initium
760 2802 889 2865 fabulae
905 2801 1102 2885 Aeschyleae
1121 2824 1206 2866 nunc
1221 2803 1392 2866 obtrimca-

249 2914 302 2973 tae
325 2909 478 2992 scriptum
501 2913 586 2990 erat,
615 2913 650 2970 ut
671 2932 792 2992 paucae
820 2912 975 2994 quaedam
998 2913 1080 2976 aliae
1103 2912 1219 2976 codicis
1248 2912 1390 2994 chartae,

251 3019 390 3102 antiquis
418 3017 551 3101 perditis
580 3020 705 3083 saeculo
728 3020 799 3083 XV.
824 3020 967 3084 adiectae
995 3024 1079 3084 sunt.
1128 3022 1166 3085 14
1188 3026 1220 3084 et
1245 3021 1284 3086 15
1306 3044 1390 3086 saec.

251 3128 322 3192 XV.
339 3128 455 3191 litteris
479 3131 599 3192 carent.
641 3129 764 3193 16-18
780 3131 888 3193 variae
911 3131 1090 3194 sententiae
1106 3134 1138 3194 et
1158 3131 1392 3213 disputationes

250 3238 496 3324 grammaticae,
525 3238 560 3301 in
588 3238 701 3322 quibus
729 3250 805 3302 sunt
832 3240 928 3304 haee:
956 3242 975 3319 ἡ
1001 3243 1180 3322 βιβλιοθήκη
1209 3246 1268 3306 τοῦ
1298 3245 1392 3322 φιλα·

250 3351 374 3430 δέλφου
403 3349 597 3427 πτολεμαίοιι
625 3351 664 3428 ἣν
689 3351 846 3428 ἀπέθηκεν
869 3352 904 3415 ἐν
928 3350 1135 3432 ἀλεξανδρείᾳ
1157 3350 1243 3429 εἶχεν
1272 3352 1393 3432 βίβλων

251 3460 401 3539 μυριάδα(
429 3464 477 3524 νδ.
500 3497 542 3506 -
569 3461 609 3524 τὰ
637 3460 721 3538 πάθη
750 3464 817 3525 τῶν
840 3461 954 3539 (τίχων
976 3499 1019 3508 -
1039 3462 1112 3540 περὶ
1134 3460 1394 3538 ἀνακρεοντείων

253 3567 368 3646 crixum
396 3606 439 3615 -—
472 3570 544 3648 περὶ
575 3574 683 3647 κοινῆ(
714 3573 879 3650 (υλλαβῆε.
931 3570 1064 3634 19-39
1098 3574 1237 3647 Aeschyli
1267 3574 1393 3633 Persae.

251 3676 376 3739 40-42
391 3675 495 3761 dispp.
513 3699 596 3741 varr.
622 3680 768 3758 ε’ρρενίοιι
791 3671 954 3758 φίλωνοε,
976 3684 1091 3756 γνῶιι(
1113 3683 1179 3744 τῶν
1202 3680 1334 3756 ἡλικιῶν
1350 3718 1396 3727 —-

252 3888 318 3940 ante
341 3885 477 3940 editorum
500 3887 604 3956 scripta
624 3889 711 3953 esset,
734 3887 869 3957 incipieus
893 3907 926 3943 ea
950 3890 985 3944 ab
1010 3889 1051 3943 his
1076 3888 1166 3943 verbis
1189 3891 1273 3943 Ἰδιον
1292 3908 1397 3959 κωμῳ-

252 3979 312 4033 δία(
336 3980 385 4043 μὲν
409 3982 443 4032 τὸ
462 3982 629 4046 μεμιγμένον
648 4021 671 4034 ..
685 4022 692 4032 .
708 4024 735 4048 .,
760 3980 796 4034 ud
820 3984 1015 4050 argumentum
1037 3983 1131 4035 autem
1152 3980 1249 4034 scholii
1269 3981 1397 4037 Plautini

252 4089 307 4125 non
330 4071 483 4139 pertinens,
511 4072 612 4126 abhinc
635 4073 742 4140 aliquot
768 4091 856 4128 annos
880 4074 1035 4128 Fridericus
1062 4074 1223 4127 Duebuerus
1250 4076 1399 4142 peramica

253 4162 320 4215 mihi
338 4166 458 4217 testatus
476 4167 526 4218 est.
563 4165 585 4217 E
604 4183 657 4233 quo
677 4165 770 4220 codice
789 4166 841 4220 etsi
859 4169 991 4236 excerpta
1009 4166 1147 4234 quaedam
1157 4165 1287 4218 Bonnam
1304 4169 1399 4221 trans·

254 4254 368 4308 miserat
390 4256 661 4324 benevolentissime,
685 4261 780 4312 tamon
797 4258 895 4313 eadem
918 4260 1067 4314 dolendum
1084 4259 1127 4312 est
1148 4274 1199 4326 per
1215 4258 1399 4326 migrationis

254 4345 404 4415 Lipsiensis
422 4348 622 4403 vicissitudines
642 4354 690 4405 aut
707 4351 822 4419 periisse
840 4353 888 4406 aut
905 4369 977 4407 nuno
995 4351 1157 4405 delitescere
1174 4349 1297 4419 saltem]
