2896 4996
248 339 311 403 628
631 357 678 402 ns
702 356 771 404 οιιο
796 356 839 402 nr
863 356 1005 403 οιιιοιιιι.

248 508 419 572 Elustathio
446 508 607 591 proditam
636 509 670 571 in
697 508 808 572 Iliadis
832 509 856 572 Λ
884 509 948 572 514
976 532 1008 592 p.
1033 509 1113 591 859,
1143 510 1203 575 53:
1241 514 1329 592 παρὰ
1354 515 1387 576 δέ

247 622 316 684 τοῑε
338 623 494 699 τεχνικοῑε
516 616 615 685 κεῖται
636 621 685 683 καὶ
707 619 756 683 ότι
779 619 798 683 ό
820 621 877 698 μὲν
894 619 993 697 Ὠροε
1015 620 1076 700 οὐχ
1099 621 1285 699 Ἑλληνικὴν
1308 624 1388 687 λέξιν

247 730 507 809 τήν-ἰατρίνην
531 728 614 795 εἷναί
637 750 747 811 φηιιν,
778 730 987 809 Ἀλέξανδροι
1010 731 1045 794 δὲ
1068 730 1087 794 ό
1113 732 1294 810 Κοττυαεὺε
1316 733 1388 814 (scr.

251 841 413 924 Κοτιαεὺτ)
436 842 518 920 πρὸ(
541 839 701 920 ἀκρίβειαν
725 842 833 905 λαλῶν
856 843 897 919 μή
914 842 1053 920 Ἀττικὴν
1070 839 1152 906 εἶναι
1175 831 1278 919 αὐτὴν
1300 844 1389 918 λέγει.

195 963 228 1011 43
247 950 446 1034 Quamquam
469 950 507 1014 de
530 951 650 1030 ἰατρίνη
672 949 776 1013 forma
799 949 854 1032 (cf.
872 949 1024 1014 Lobeckii
1047 950 1189 1036 Parerga
1212 952 1248 1015 in
1272 951 1389 1035 Phryn.

245 1082 277 1144 p.
295 1061 372 1143 651)
395 1060 430 1124 in
447 1060 659 1144 Phrynicheis
680 1060 774 1124 hodie
797 1061 931 1124 servatis
954 1060 1034 1123 nihil
1058 1064 1174 1125 exstat.
1206 1061 1389 1145 Praeterea,

246 1170 329 1254 quod
353 1171 394 1233 ad
417 1172 604 1235 Atticistam
626 1171 739 1235 referri
761 1175 879 1254 posset,
903 1170 985 1234 nihil
1007 1171 1134 1253 inveni,
1159 1172 1224 1235 nisi
1247 1172 1333 1237 forte
1355 1173 1391 1236 de

246 1281 349 1346 αἰετόε
370 1285 578 1365 pracceptum
600 1281 634 1345 in
658 1281 766 1364 Etym.
790 1281 834 1344 M.
858 1303 890 1364 p.
914 1282 967 1365 31,
989 1282 1047 1345 49:
1086 1284 1342 1364 ἀναλογώτερον
1364 1284 1392 1348 οἱ

246 1393 377 1456 Ἀτπκοὶ
400 1392 512 1457 ἀετό(
542 1393 668 1468 λέγοντι
690 1394 787 1472 χωρὶε
809 1396 868 1456 τοῦ
893 1415 917 1468 ι,
946 1392 991 1455 ὼε
1014 1394 1112 1456 κλαίω
1135 1395 1253 1458 κλάω.
1288 1394 1391 1459 οὕτω(

245 1501 346 1581 Ὠρο(
370 1501 481 1586 (vulgo
498 1502 642 1588 Ὠρίων);
666 1502 705 1565 dc
728 1524 789 1586 quo
813 1502 890 1566 item
912 1505 1024 1565 tacent
1045 1505 1158 1565 nostra
1173 1490 1390 1587 Phryniohea.

246 1611 479 1676 Contendenda
503 1614 677 1695 cumillis,
708 1634 788 1696 quac
811 1612 850 1676 de
873 1613 1026 1676 παλαίω
1049 1614 1175 1677 πταίω
1198 1615 1307 1679 παίω
1329 1615 1391 1678 sor-

244 1722 305 1784 mis
328 1744 345 1786 e
367 1721 546 1807 Philopono
569 1727 601 1787 et
616 1725 681 1787 Oro
701 1722 835 1787 tradunt
850 1721 978 1787 Scholia
1000 1723 1034 1786 in
1055 1721 1227 1787 Theodosii
1245 1724 1391 1790 canones

244 1854 275 1914 p.
303 1832 383 1896 1288
406 1832 507 1896 Bekk.
554 1833 661 1897 Minus
692 1834 789 1897 etiam
812 1832 911 1897 audeo
934 1832 979 1896 eis
1001 1833 1064 1915 uti,
1097 1855 1179 1917 quae
1202 1833 1263 1898 Ori
1287 1839 1390 1899 aucto·

244 1942 340 2005 ritate
363 1942 402 2006 de
425 1944 581 2010 ἀνθέων
604 1947 637 2006 et
659 1945 790 2010 ἀνθῶν
812 1943 923 2007 formis
948 1947 1183 2027 praeceperunt
1206 1943 1391 2010 Gudianum

244 2075 276 2135 p.
300 2052 373 2135 364,
398 2054 449 2135 27,
474 2053 613 2137 Regium
635 2053 742 2117 Koesii
765 2077 796 2137 p.
823 2054 893 2136 191,
920 2054 969 2136 19,
994 2052 1135 2116 Zonaras
1159 2076 1190 2137 p.
1218 2055 1314 2121 1295.
1345 2056 1391 2119 De

245 2163 359 2245 quihus
382 2185 574 2247 quamquam
590 2163 808 2248 Phrynichum
824 2185 946 2248 quoque
962 2164 1193 2228 commonuisse
1217 2166 1390 2249 probabili-

244 2276 294 2335 ter
318 2273 490 2337 coniecisse
505 2274 614 2337 videor
630 2274 756 2358 Proleg.
771 2274 805 2337 in
820 2273 976 2337 Thomam
991 2273 1034 2337 M.
1052 2297 1083 2358 p.
1100 2273 1269 2359 LXXVII,
1282 2281 1390 2340 tamen

244 2405 310 2446 non
333 2384 483 2447 dissentit
502 2385 595 2467 Orus,
619 2385 675 2448 sed
698 2386 868 2448 consentit.
900 2384 1073 2475 Quominus
1098 2388 1206 2448 autem
1231 2387 1267 2450 in
1290 2390 1388 2466 Ἡρω-

244 2494 355 2559 διανόε
370 2516 487 2558 nomen
505 2499 671 2558 convertas
687 2495 788 2574 Ὠροε
804 2495 1006 2578 scripturam,
1031 2493 1240 2560 Herodianea
1264 2503 1388 2561 secutus

244 2603 328 2686 apud
357 2603 546 2668 Piersonum
571 2606 607 2668 in
629 2604 729 2668 Moer.
754 2627 785 2688 p.
809 2606 888 2687 456,
913 2604 1057 2668 Zonaras
1085 2605 1223 2688 impedit
1246 2607 1386 2688 Ὦροεὸ

245 2715 405 2792 Μιλήειοε.
449 2715 518 2779 Nec
541 2714 676 2798 denique
698 2715 802 2799 magis
824 2715 886 2779 huc
909 2715 1141 2780 accommodari
1164 2738 1239 2780 mea
1262 2722 1386 2782 sentcn-

242 2823 289 2886 tia
312 2829 450 2908 queunt,
480 2825 652 2908 inquibus
675 2847 752 2890 sane
775 2825 958 2890 Atticorum
989 2826 1111 2895 mentio
1133 2826 1185 2909 fit,
1218 2830 1385 2906 εητάνειοι,

242 2936 415 3015 εινόμωροι
443 2936 554 3020 (vulgo
583 2936 778 3020 εινάμοροι),
812 2938 937 3018 φάρυγξ
966 2957 1059 2999 voces
1087 2935 1141 2999 nt.
1170 2935 1217 3000 M.
1252 2960 1284 3022 p.
1316 2939 1383 3018 711,

240 3045 292 3109 50.
318 3047 396 3128 713,
420 3046 471 3110 31.
497 3046 577 3128 788,
603 3046 654 3110 32.
700 3045 865 3110 Postremo
889 3046 1033 3110 conicere
1056 3046 1148 3128 licet,
1177 3048 1312 3130 probari
1334 3070 1382 3112 ne-

241 3156 324 3238 quit,
360 3178 398 3218 ex
433 3156 490 3219 Ori
519 3159 632 3219 contra
654 3155 871 3240 Phrynichum
900 3155 1171 3239 disputationibus
1200 3179 1270 3222 non
1298 3159 1382 3222 nulla

240 3266 394 3330 transisse
417 3266 450 3329 in
473 3266 709 3330 Attiatticistae
731 3266 874 3329 libellum
896 3265 1077 3331 aBekhero
1101 3267 1235 3332 editum.
1269 3268 1382 3334 Consu

241 3376 335 3459 §23,
359 3378 389 3440 2.

323 3488 353 3552 3.
399 3489 493 3566 Περὶ
521 3489 718 3568 διχρόνων
752 3487 833 3553 libro
862 3493 972 3573 aperto
1004 3489 1191 3554 testimonio
1221 3490 1304 3556 haec
1330 3489 1379 3554 tri·

239 3596 394 3661 buuntur:
430 3599 585 3678 γλύφω,
615 3600 681 3665 ἀπὸ
709 3604 768 3664 τοθ
796 3603 913 3680 γλάφω
943 3600 1026 3684 (cod.
1056 3602 1205 3686 γλυφῶ),
1236 3604 1313 3668 όθεν
1336 3604 1380 3666 καὶ

239 3711 339 3787 βραχὺ
363 3709 428 3787 ἔχει
450 3711 487 3773 τὸ
510 3732 544 3787 υ,
580 3709 624 3773 ῶ(
653 3730 747 3789 φηειν
771 3710 870 3789 Ὠρο(
893 3711 929 3777 έν
951 3718 999 3795 τῷ
1022 3711 1094 3790 περὶ
1116 3712 1301 3790 διχρόνων,
1334 3734 1379 3775 ex-

240 3822 350 3901 cerpta
373 3819 413 3881 ab
436 3818 551 3881 Kodsio
574 3841 612 3882 ex
635 3817 688 3882 Et.
714 3818 796 3904 Reg.
820 3843 851 3903 p.
879 3821 948 3901 190,
973 3821 1024 3883 29.
1064 3819 1116 3883 Ad
1139 3843 1277 3905 quorum
1300 3822 1380 3886 simi·

238 3927 407 3992 litudinem
432 3930 575 4012 proxime
604 3928 761 3992 accedunt
783 3952 803 3993 a
825 3930 1043 3995 Choerobosco
1072 3929 1193 3994 tradita
1224 3934 1261 3997 in
1284 3932 1380 3997 Theo-

238 4037 361 4102 dosium
375 4061 407 4121 p.
427 4039 508 4103 1185
524 4038 624 4102 Bekk.
644 4036 718 4125 [115
735 4039 867 4128 Gaisf.]:
890 4045 991 4105 ταῦτα
1006 4043 1041 4129 δὲ
1058 4042 1198 4106 καθόλου
1224 4047 1381 4109 ευετέλλει

237 4149 274 4211 τό
297 4172 315 4213 υ
337 4150 374 4213 έν
396 4155 432 4232 τῇ
456 4154 564 4233 όοτικῇ
588 4155 654 4215 τῶν
677 4153 906 4229 πληθυντικῶν.
952 4154 1002 4215 καὶ
1030 4152 1114 4227 λέγει
1138 4152 1157 4216 ό
1180 4155 1383 4234 Ἡρωδιανὸ(

237 4258 334 4337 χωρὶε
357 4262 416 4322 τοῦ
439 4263 496 4338 μῦ(
525 4261 604 4337 μυό(
626 4262 723 4336 μυεῖ·
752 4265 850 4327 τοῦτο
878 4263 940 4341 γὰρ
969 4262 1121 4341 φυλάττει
1150 4264 1188 4326 τό
1213 4287 1251 4343 υ,
1280 4266 1383 4346 φηείν,

237 4370 445 4448 ἐκτεταμένον
475 4371 510 4434 ἐν
537 4378 575 4452 τῇ
603 4376 711 4454 δοτικῇ
740 4376 805 4436 τῶν
829 4375 1058 4450 πληθυντικῶν.
1103 4374 1329 4453 λαμβάνονται
1350 4378 1384 4442 δὲ
