<?xml version="1.0" encoding="UTF-8"?>
<!DOCTYPE html PUBLIC "-//W3C//DTD XHTML 1.0 Transitional//EN"
    "http://www.w3.org/TR/xhtml1/DTD/xhtml1-transitional.dtd">
<html xmlns="http://www.w3.org/1999/xhtml" xml:lang="en" lang="en">
 <head>
  <title>
</title>
<meta http-equiv="Content-Type" content="text/html;charset=utf-8" />
  <meta name='ocr-system' content='tesseract 3.04.00' />
  <meta name='ocr-capabilities' content='ocr_page ocr_carea ocr_par ocr_line ocrx_word'/>
</head>
<body>
  <div class='ocr_page' id='page_1' title='image "./fridericiritsch04wachgoog_0723.png"; bbox 0 0 2904 4996; ppageno 0'>
   <div class='ocr_carea' id='block_1_1' title="bbox 218 319 968 383">
    <p class='ocr_par' dir='ltr' id='par_1_1' title="bbox 218 319 968 383">
     <span class='ocr_line' id='line_1_1' title="bbox 218 319 968 383; baseline -0.009 0"><span class='ocrx_word' id='word_1_1' title='bbox 218 319 281 383; x_wconf 81' lang='grc'>710</span> <span class='ocrx_word' id='word_1_2' title='bbox 612 330 772 379; x_wconf 73' lang='lat' dir='ltr'>sosanna</span> <span class='ocrx_word' id='word_1_3' title='bbox 795 327 968 376; x_wconf 79' lang='grc'><strong>0111110111.</strong></span> 
     </span>
    </p>
   </div>
   <div class='ocr_carea' id='block_1_2' title="bbox 217 478 1364 681">
    <p class='ocr_par' dir='ltr' id='par_1_2' title="bbox 217 478 1364 681">
     <span class='ocr_line' id='line_1_2' title="bbox 217 478 1364 569; baseline -0.006 -19"><span class='ocrx_word' id='word_1_4' title='bbox 217 487 343 550; x_wconf 84' lang='grc'><strong>10110110</strong></span> <span class='ocrx_word' id='word_1_5' title='bbox 367 485 514 569; x_wconf 84' lang='lat' dir='ltr'>cogitari.</span> <span class='ocrx_word' id='word_1_6' title='bbox 559 483 639 565; x_wconf 87' lang='lat' dir='ltr'>Adi,</span> <span class='ocrx_word' id='word_1_7' title='bbox 663 484 690 546; x_wconf 90' lang='lat' dir='ltr'>si</span> <span class='ocrx_word' id='word_1_8' title='bbox 712 482 797 546; x_wconf 86' lang='lat' dir='ltr'>tanti</span> <span class='ocrx_word' id='word_1_9' title='bbox 819 482 873 564; x_wconf 88' lang='lat' dir='ltr'>sit,</span> <span class='ocrx_word' id='word_1_10' title='bbox 897 480 1102 545; x_wconf 81' lang='lat' dir='ltr'>Siebelisium</span> <span class='ocrx_word' id='word_1_11' title='bbox 1124 479 1168 543; x_wconf 87' lang='lat' dir='ltr'>ad</span> <span class='ocrx_word' id='word_1_12' title='bbox 1188 479 1265 543; x_wconf 87' lang='lat' dir='ltr'>libri</span> <span class='ocrx_word' id='word_1_13' title='bbox 1286 478 1364 543; x_wconf 86' lang='lat' dir='ltr'>VIII</span> 
     </span>
     <span class='ocr_line' id='line_1_3' title="bbox 220 597 437 681; baseline -0.014 -20"><span class='ocrx_word' id='word_1_14' title='bbox 220 619 290 681; x_wconf 86' lang='lat' dir='ltr'>cap.</span> <span class='ocrx_word' id='word_1_15' title='bbox 314 597 334 660; x_wconf 87' lang='lat'>8</span> <span class='ocrx_word' id='word_1_16' title='bbox 357 599 437 660; x_wconf 84' lang='lat' dir='ltr'>ext.</span> 
     </span>
    </p>
   </div>
   <div class='ocr_carea' id='block_1_3' title="bbox 689 765 890 775">
    <p class='ocr_par' dir='ltr' id='par_1_3' title="bbox 689 765 890 775">
     <span class='ocr_line' id='line_1_4' title="bbox 689 765 890 775; baseline -0.005 0"><span class='ocrx_word' id='word_1_17' title='bbox 689 765 890 775; x_wconf 67' lang='lat'>..---——-</span> 
     </span>
    </p>
   </div>
   <div class='ocr_carea' id='block_1_4' title="bbox 221 929 1370 1788">
    <p class='ocr_par' dir='ltr' id='par_1_4' title="bbox 221 929 1370 1788">
     <span class='ocr_line' id='line_1_5' title="bbox 305 929 1367 1017; baseline -0.005 -19"><span class='ocrx_word' id='word_1_18' title='bbox 305 933 393 1010; x_wconf 72' lang='lat' dir='ltr'>Quod</span> <span class='ocrx_word' id='word_1_19' title='bbox 411 933 537 1017; x_wconf 87' lang='lat' dir='ltr'>saepius</span> <span class='ocrx_word' id='word_1_20' title='bbox 552 955 612 996; x_wconf 86' lang='lat' dir='ltr'>usu</span> <span class='ocrx_word' id='word_1_21' title='bbox 627 931 716 997; x_wconf 86' lang='lat' dir='ltr'>venit</span> <span class='ocrx_word' id='word_1_22' title='bbox 731 931 766 995; x_wconf 91' lang='lat' dir='ltr'>in</span> <span class='ocrx_word' id='word_1_23' title='bbox 783 929 894 995; x_wconf 85' lang='lat' dir='ltr'>critica</span> <span class='ocrx_word' id='word_1_24' title='bbox 909 933 978 994; x_wconf 84' lang='lat' dir='ltr'>arte</span> <span class='ocrx_word' id='word_1_25' title='bbox 993 931 1192 1010; x_wconf 76' lang='lat' dir='ltr'>lectitanda,</span> <span class='ocrx_word' id='word_1_26' title='bbox 1216 935 1266 1013; x_wconf 89' lang='lat' dir='ltr'>ut,</span> <span class='ocrx_word' id='word_1_27' title='bbox 1289 952 1367 1014; x_wconf 87' lang='lat' dir='ltr'>quae</span> 
     </span>
     <span class='ocr_line' id='line_1_6' title="bbox 221 1040 1366 1127; baseline -0.004 -18"><span class='ocrx_word' id='word_1_28' title='bbox 221 1048 366 1109; x_wconf 85' lang='lat' dir='ltr'>veterum</span> <span class='ocrx_word' id='word_1_29' title='bbox 398 1044 590 1127; x_wconf 87' lang='lat' dir='ltr'>scriptorum</span> <span class='ocrx_word' id='word_1_30' title='bbox 620 1042 707 1105; x_wconf 86' lang='lat' dir='ltr'>dicta</span> <span class='ocrx_word' id='word_1_31' title='bbox 739 1041 818 1105; x_wconf 89' lang='lat' dir='ltr'>satis</span> <span class='ocrx_word' id='word_1_32' title='bbox 846 1043 958 1124; x_wconf 88' lang='lat' dir='ltr'>aptum</span> <span class='ocrx_word' id='word_1_33' title='bbox 985 1040 1129 1105; x_wconf 75' lang='lat' dir='ltr'>habeant</span> <span class='ocrx_word' id='word_1_34' title='bbox 1159 1042 1366 1125; x_wconf 85' lang='lat' dir='ltr'>explicatum,</span> 
     </span>
     <span class='ocr_line' id='line_1_7' title="bbox 222 1144 1367 1236; baseline -0.003 -17"><span class='ocrx_word' id='word_1_35' title='bbox 222 1144 334 1220; x_wconf 81' lang='lat' dir='ltr'>eodeni</span> <span class='ocrx_word' id='word_1_36' title='bbox 355 1158 464 1219; x_wconf 90' lang='lat' dir='ltr'>tamen</span> <span class='ocrx_word' id='word_1_37' title='bbox 481 1154 515 1217; x_wconf 93' lang='lat' dir='ltr'>in</span> <span class='ocrx_word' id='word_1_38' title='bbox 532 1153 622 1217; x_wconf 90' lang='lat' dir='ltr'>libris</span> <span class='ocrx_word' id='word_1_39' title='bbox 643 1175 718 1215; x_wconf 87' lang='grc'><strong>11100.</strong></span> <span class='ocrx_word' id='word_1_40' title='bbox 736 1151 885 1236; x_wconf 85' lang='lat' dir='ltr'>graviore</span> <span class='ocrx_word' id='word_1_41' title='bbox 908 1173 980 1215; x_wconf 91' lang='lat' dir='ltr'>cum</span> <span class='ocrx_word' id='word_1_42' title='bbox 1001 1151 1225 1235; x_wconf 77' lang='lat' dir='ltr'><strong>discrepantia</strong></span> <span class='ocrx_word' id='word_1_43' title='bbox 1248 1153 1367 1236; x_wconf 84' lang='lat' dir='ltr'>scripta</span> 
     </span>
     <span class='ocr_line' id='line_1_8' title="bbox 221 1262 1368 1349; baseline -0.003 -20"><span class='ocrx_word' id='word_1_44' title='bbox 221 1264 434 1349; x_wconf 73' lang='lat' dir='ltr'>reperiantur,</span> <span class='ocrx_word' id='word_1_45' title='bbox 462 1285 558 1348; x_wconf 86' lang='lat' dir='ltr'>quam</span> <span class='ocrx_word' id='word_1_46' title='bbox 581 1284 661 1347; x_wconf 87' lang='lat' dir='ltr'>quae</span> <span class='ocrx_word' id='word_1_47' title='bbox 682 1262 863 1326; x_wconf 80' lang='lat' dir='ltr'>litte-rarum</span> <span class='ocrx_word' id='word_1_48' title='bbox 885 1265 1013 1325; x_wconf 87' lang='lat' dir='ltr'>tantum</span> <span class='ocrx_word' id='word_1_49' title='bbox 1035 1263 1277 1345; x_wconf 78' lang='lat' dir='ltr'>permutatione</span> <span class='ocrx_word' id='word_1_50' title='bbox 1298 1266 1368 1326; x_wconf 77' lang='lat' dir='ltr'>orta</span> 
     </span>
     <span class='ocr_line' id='line_1_9' title="bbox 223 1372 1368 1456; baseline -0.003 -18"><span class='ocrx_word' id='word_1_51' title='bbox 223 1375 283 1456; x_wconf 89' lang='lat' dir='ltr'>sit,</span> <span class='ocrx_word' id='word_1_52' title='bbox 318 1374 385 1437; x_wconf 90' lang='lat' dir='ltr'>eius</span> <span class='ocrx_word' id='word_1_53' title='bbox 417 1373 464 1436; x_wconf 92' lang='lat' dir='ltr'>rei</span> <span class='ocrx_word' id='word_1_54' title='bbox 497 1372 626 1456; x_wconf 83' lang='lat' dir='ltr'>insigne</span> <span class='ocrx_word' id='word_1_55' title='bbox 656 1372 837 1455; x_wconf 87' lang='lat' dir='ltr'>exemplum</span> <span class='ocrx_word' id='word_1_56' title='bbox 866 1374 992 1435; x_wconf 82' lang='lat' dir='ltr'>exstare</span> <span class='ocrx_word' id='word_1_57' title='bbox 1020 1372 1155 1436; x_wconf 90' lang='lat' dir='ltr'>memini</span> <span class='ocrx_word' id='word_1_58' title='bbox 1181 1372 1270 1455; x_wconf 87' lang='lat' dir='ltr'>apud</span> <span class='ocrx_word' id='word_1_59' title='bbox 1299 1373 1368 1435; x_wconf 85' lang='lat' dir='ltr'>Ac·</span> 
     </span>
     <span class='ocr_line' id='line_1_10' title="bbox 223 1480 1369 1569; baseline -0.001 -22"><span class='ocrx_word' id='word_1_60' title='bbox 223 1483 402 1568; x_wconf 86' lang='lat' dir='ltr'>schylum</span> <span class='ocrx_word' id='word_1_61' title='bbox 430 1482 465 1545; x_wconf 89' lang='lat' dir='ltr'>in</span> <span class='ocrx_word' id='word_1_62' title='bbox 488 1481 644 1564; x_wconf 81' lang='lat' dir='ltr'>Septem</span> <span class='ocrx_word' id='word_1_63' title='bbox 667 1483 715 1545; x_wconf 86' lang='lat' dir='ltr'>ad</span> <span class='ocrx_word' id='word_1_64' title='bbox 737 1481 891 1546; x_wconf 87' lang='lat' dir='ltr'>Thebas</span> <span class='ocrx_word' id='word_1_65' title='bbox 914 1505 944 1545; x_wconf 88' lang='lat' dir='ltr'>v.</span> <span class='ocrx_word' id='word_1_66' title='bbox 971 1482 1053 1546; x_wconf 89' lang='lat'>1000</span> <span class='ocrx_word' id='word_1_67' title='bbox 1077 1480 1139 1569; x_wconf 88' lang='lat' dir='ltr'>[ed.</span> <span class='ocrx_word' id='word_1_68' title='bbox 1163 1482 1283 1565; x_wconf 68' lang='lat' dir='ltr'>Well,</span> <span class='ocrx_word' id='word_1_69' title='bbox 1309 1483 1369 1546; x_wconf 83' lang='lat'>993</span> 
     </span>
     <span class='ocr_line' id='line_1_11' title="bbox 224 1591 1370 1680; baseline -0.003 -23"><span class='ocrx_word' id='word_1_70' title='bbox 224 1593 361 1680; x_wconf 70' lang='lat' dir='ltr'>Herml.</span> <span class='ocrx_word' id='word_1_71' title='bbox 399 1591 468 1655; x_wconf 92' lang='lat' dir='ltr'>Vbi.</span> <span class='ocrx_word' id='word_1_72' title='bbox 481 1614 552 1656; x_wconf 91' lang='lat' dir='ltr'>cum</span> <span class='ocrx_word' id='word_1_73' title='bbox 567 1592 601 1655; x_wconf 90' lang='lat' dir='ltr'>in</span> <span class='ocrx_word' id='word_1_74' title='bbox 617 1593 776 1676; x_wconf 88' lang='lat' dir='ltr'>plerisque</span> <span class='ocrx_word' id='word_1_75' title='bbox 799 1593 890 1656; x_wconf 91' lang='lat' dir='ltr'>libris</span> <span class='ocrx_word' id='word_1_76' title='bbox 912 1596 945 1656; x_wconf 87' lang='lat' dir='ltr'>et</span> <span class='ocrx_word' id='word_1_77' title='bbox 966 1592 1214 1676; x_wconf 84' lang='lat' dir='ltr'>manuscriptis</span> <span class='ocrx_word' id='word_1_78' title='bbox 1238 1596 1271 1656; x_wconf 93' lang='lat' dir='ltr'>et</span> <span class='ocrx_word' id='word_1_79' title='bbox 1285 1592 1370 1677; x_wconf 81' lang='lat' dir='ltr'>typis</span> 
     </span>
     <span class='ocr_line' id='line_1_12' title="bbox 224 1701 668 1788; baseline -0.005 -20"><span class='ocrx_word' id='word_1_80' title='bbox 224 1704 359 1788; x_wconf 90' lang='lat' dir='ltr'>proditis</span> <span class='ocrx_word' id='word_1_81' title='bbox 381 1703 428 1766; x_wconf 88' lang='lat' dir='ltr'>sic</span> <span class='ocrx_word' id='word_1_82' title='bbox 450 1701 589 1785; x_wconf 89' lang='lat' dir='ltr'>positum</span> <span class='ocrx_word' id='word_1_83' title='bbox 611 1702 668 1766; x_wconf 88' lang='lat' dir='ltr'>sit:</span> 
     </span>
    </p>
   </div>
   <div class='ocr_carea' id='block_1_5' title="bbox 352 1838 1223 1921">
    <p class='ocr_par' dir='ltr' id='par_1_5' title="bbox 352 1838 1223 1921">
     <span class='ocr_line' id='line_1_13' title="bbox 352 1838 1223 1921; baseline -0.001 -17"><span class='ocrx_word' id='word_1_84' title='bbox 352 1838 497 1917; x_wconf 83' lang='grc' dir='ltr'>εἴργων</span> <span class='ocrx_word' id='word_1_85' title='bbox 519 1839 581 1916; x_wconf 87' lang='grc' dir='ltr'>γὰρ</span> <span class='ocrx_word' id='word_1_86' title='bbox 604 1838 738 1918; x_wconf 80' lang='grc' dir='ltr'>ἐχθροῦ(</span> <span class='ocrx_word' id='word_1_87' title='bbox 761 1839 902 1904; x_wconf 88' lang='grc' dir='ltr'><strong>θάνατον</strong></span> <span class='ocrx_word' id='word_1_88' title='bbox 930 1838 1027 1905; x_wconf 81' lang='grc' dir='ltr'>εἵλετ’</span> <span class='ocrx_word' id='word_1_89' title='bbox 1050 1840 1086 1905; x_wconf 86' lang='grc' dir='ltr'>ἐν</span> <span class='ocrx_word' id='word_1_90' title='bbox 1109 1841 1223 1921; x_wconf 82' lang='grc' dir='ltr'>πόλει,</span> 
     </span>
    </p>
   </div>
   <div class='ocr_carea' id='block_1_6' title="bbox 176 1956 1379 3382">
    <p class='ocr_par' dir='ltr' id='par_1_6' title="bbox 176 1956 1379 3382">
     <span class='ocr_line' id='line_1_14' title="bbox 226 1956 1371 2058; baseline -0.001 -20"><span class='ocrx_word' id='word_1_91' title='bbox 226 1956 286 2038; x_wconf 84' lang='grc'><strong>0101</strong></span> <span class='ocrx_word' id='word_1_92' title='bbox 314 1973 396 2037; x_wconf 90' lang='lat' dir='ltr'>nihil</span> <span class='ocrx_word' id='word_1_93' title='bbox 423 1973 606 2036; x_wconf 85' lang='lat' dir='ltr'>laboramus</span> <span class='ocrx_word' id='word_1_94' title='bbox 633 1973 666 2038; x_wconf 90' lang='lat' dir='ltr'>iu</span> <span class='ocrx_word' id='word_1_95' title='bbox 700 1974 877 2057; x_wconf 85' lang='lat' dir='ltr'>sententia,</span> <span class='ocrx_word' id='word_1_96' title='bbox 906 1995 964 2058; x_wconf 91' lang='lat' dir='ltr'>per</span> <span class='ocrx_word' id='word_1_97' title='bbox 992 1977 1102 2038; x_wconf 86' lang='lat' dir='ltr'>tamen</span> <span class='ocrx_word' id='word_1_98' title='bbox 1132 1975 1253 2038; x_wconf 89' lang='lat' dir='ltr'>mirum</span> <span class='ocrx_word' id='word_1_99' title='bbox 1282 1975 1371 2039; x_wconf 90' lang='lat' dir='ltr'>nobis</span> 
     </span>
     <span class='ocr_line' id='line_1_15' title="bbox 225 2082 1371 2167; baseline 0 -20"><span class='ocrx_word' id='word_1_100' title='bbox 225 2084 305 2148; x_wconf 91' lang='lat' dir='ltr'>illud</span> <span class='ocrx_word' id='word_1_101' title='bbox 328 2082 462 2165; x_wconf 88' lang='lat' dir='ltr'>accidit,</span> <span class='ocrx_word' id='word_1_102' title='bbox 486 2082 569 2166; x_wconf 89' lang='lat' dir='ltr'>quod</span> <span class='ocrx_word' id='word_1_103' title='bbox 592 2083 627 2146; x_wconf 93' lang='lat' dir='ltr'>in</span> <span class='ocrx_word' id='word_1_104' title='bbox 649 2086 721 2146; x_wconf 89' lang='lat' dir='ltr'>octo</span> <span class='ocrx_word' id='word_1_105' title='bbox 745 2082 922 2166; x_wconf 80' lang='lat' dir='ltr'>codicibus,</span> <span class='ocrx_word' id='word_1_106' title='bbox 952 2084 1141 2167; x_wconf 86' lang='lat' dir='ltr'>quibuscum</span> <span class='ocrx_word' id='word_1_107' title='bbox 1165 2086 1371 2149; x_wconf 82' lang='lat' dir='ltr'>consentiunt</span> 
     </span>
     <span class='ocr_line' id='line_1_16' title="bbox 176 2192 1369 2279; baseline 0.005 -29"><span class='ocrx_word' id='word_1_108' title='bbox 176 2203 207 2250; x_wconf 91' lang='lat'>11</span> <span class='ocrx_word' id='word_1_109' title='bbox 226 2195 339 2275; x_wconf 84' lang='lat' dir='ltr'>Aldus,</span> <span class='ocrx_word' id='word_1_110' title='bbox 363 2192 541 2275; x_wconf 63' lang='lat' dir='ltr'>Turnebus</span> <span class='ocrx_word' id='word_1_111' title='bbox 565 2192 781 2277; x_wconf 82' lang='lat' dir='ltr'>Victorius*),</span> <span class='ocrx_word' id='word_1_112' title='bbox 806 2215 864 2277; x_wconf 91' lang='lat' dir='ltr'>pro</span> <span class='ocrx_word' id='word_1_113' title='bbox 886 2194 1003 2274; x_wconf 84' lang='grc' dir='ltr'>εἴργων</span> <span class='ocrx_word' id='word_1_114' title='bbox 1025 2194 1146 2279; x_wconf 86' lang='lat' dir='ltr'>legitur</span> <span class='ocrx_word' id='word_1_115' title='bbox 1170 2202 1316 2279; x_wconf 81' lang='grc' dir='ltr'>(τυγῶν,</span> <span class='ocrx_word' id='word_1_116' title='bbox 1340 2194 1369 2257; x_wconf 85' lang='grc'>11</span> 
     </span>
     <span class='ocr_line' id='line_1_17' title="bbox 227 2303 1373 2389; baseline 0.002 -22"><span class='ocrx_word' id='word_1_117' title='bbox 227 2304 310 2389; x_wconf 92' lang='lat' dir='ltr'>quod</span> <span class='ocrx_word' id='word_1_118' title='bbox 331 2303 543 2367; x_wconf 83' lang='lat' dir='ltr'>inconsultius</span> <span class='ocrx_word' id='word_1_119' title='bbox 565 2303 737 2387; x_wconf 85' lang='lat' dir='ltr'>probatum</span> <span class='ocrx_word' id='word_1_120' title='bbox 758 2304 793 2367; x_wconf 90' lang='lat' dir='ltr'>in</span> <span class='ocrx_word' id='word_1_121' title='bbox 816 2304 984 2368; x_wconf 86' lang='lat' dir='ltr'>verborum</span> <span class='ocrx_word' id='word_1_122' title='bbox 1013 2306 1269 2389; x_wconf 87' lang='lat' dir='ltr'>perpetuitatem</span> <span class='ocrx_word' id='word_1_123' title='bbox 1291 2329 1373 2370; x_wconf 81' lang='lat' dir='ltr'>rece·</span> 
     </span>
     <span class='ocr_line' id='line_1_18' title="bbox 227 2413 1372 2498; baseline 0.003 -20"><span class='ocrx_word' id='word_1_124' title='bbox 227 2415 276 2498; x_wconf 92' lang='lat' dir='ltr'>pit</span> <span class='ocrx_word' id='word_1_125' title='bbox 291 2413 484 2494; x_wconf 76' lang='lat' dir='ltr'>Brimckius,</span> <span class='ocrx_word' id='word_1_126' title='bbox 508 2435 574 2477; x_wconf 91' lang='lat' dir='ltr'>non</span> <span class='ocrx_word' id='word_1_127' title='bbox 599 2414 747 2498; x_wconf 85' lang='lat' dir='ltr'>cogitans</span> <span class='ocrx_word' id='word_1_128' title='bbox 765 2413 818 2478; x_wconf 89' lang='lat' dir='ltr'>ille</span> <span class='ocrx_word' id='word_1_129' title='bbox 834 2414 873 2478; x_wconf 92' lang='lat' dir='ltr'>de</span> <span class='ocrx_word' id='word_1_130' title='bbox 895 2415 1076 2479; x_wconf 88' lang='lat' dir='ltr'>sententiae</span> <span class='ocrx_word' id='word_1_131' title='bbox 1099 2417 1260 2481; x_wconf 82' lang='lat' dir='ltr'>exilitate.</span> <span class='ocrx_word' id='word_1_132' title='bbox 1292 2417 1372 2481; x_wconf 88' lang='lat' dir='ltr'>Nam</span> 
     </span>
     <span class='ocr_line' id='line_1_19' title="bbox 227 2523 1374 2610; baseline 0.003 -23"><span class='ocrx_word' id='word_1_133' title='bbox 227 2527 355 2588; x_wconf 88' lang='lat' dir='ltr'>tantum</span> <span class='ocrx_word' id='word_1_134' title='bbox 384 2523 512 2607; x_wconf 92' lang='lat' dir='ltr'>quidem</span> <span class='ocrx_word' id='word_1_135' title='bbox 534 2545 645 2588; x_wconf 88' lang='lat' dir='ltr'>verum</span> <span class='ocrx_word' id='word_1_136' title='bbox 672 2545 741 2588; x_wconf 88' lang='lat' dir='ltr'>esse</span> <span class='ocrx_word' id='word_1_137' title='bbox 765 2528 915 2608; x_wconf 87' lang='lat' dir='ltr'>apparet,</span> <span class='ocrx_word' id='word_1_138' title='bbox 946 2525 1109 2590; x_wconf 81' lang='lat' dir='ltr'>Eteoclem</span> <span class='ocrx_word' id='word_1_139' title='bbox 1139 2527 1290 2610; x_wconf 84' lang='lat' dir='ltr'>profecto</span> <span class='ocrx_word' id='word_1_140' title='bbox 1312 2550 1374 2591; x_wconf 91' lang='lat' dir='ltr'>non</span> 
     </span>
     <span class='ocr_line' id='line_1_20' title="bbox 228 2633 1374 2717; baseline 0.003 -21"><span class='ocrx_word' id='word_1_141' title='bbox 228 2636 414 2717; x_wconf 88' lang='lat' dir='ltr'>propterea,</span> <span class='ocrx_word' id='word_1_142' title='bbox 439 2633 521 2717; x_wconf 92' lang='lat' dir='ltr'>quod</span> <span class='ocrx_word' id='word_1_143' title='bbox 538 2633 622 2697; x_wconf 93' lang='lat' dir='ltr'>odit</span> <span class='ocrx_word' id='word_1_144' title='bbox 644 2633 767 2716; x_wconf 84' lang='grc'><strong>1100100,</strong></span> <span class='ocrx_word' id='word_1_145' title='bbox 792 2635 842 2698; x_wconf 89' lang='lat' dir='ltr'>vel</span> <span class='ocrx_word' id='word_1_146' title='bbox 857 2639 993 2700; x_wconf 89' lang='lat' dir='ltr'>mortem</span> <span class='ocrx_word' id='word_1_147' title='bbox 1008 2634 1124 2700; x_wconf 86' lang='lat' dir='ltr'>obiisse</span> <span class='ocrx_word' id='word_1_148' title='bbox 1146 2638 1198 2700; x_wconf 89' lang='lat' dir='ltr'>vel</span> <span class='ocrx_word' id='word_1_149' title='bbox 1215 2643 1374 2702; x_wconf 86' lang='lat' dir='ltr'>mortuum</span> 
     </span>
     <span class='ocr_line' id='line_1_21' title="bbox 229 2743 1375 2832; baseline 0.004 -25"><span class='ocrx_word' id='word_1_150' title='bbox 229 2744 411 2828; x_wconf 83' lang='lat' dir='ltr'>sepulturae</span> <span class='ocrx_word' id='word_1_151' title='bbox 433 2743 553 2808; x_wconf 88' lang='lat' dir='ltr'>honore</span> <span class='ocrx_word' id='word_1_152' title='bbox 576 2744 710 2828; x_wconf 85' lang='lat' dir='ltr'>dignum</span> <span class='ocrx_word' id='word_1_153' title='bbox 733 2745 924 2827; x_wconf 84' lang='lat' dir='ltr'>existimari,</span> <span class='ocrx_word' id='word_1_154' title='bbox 955 2745 1009 2810; x_wconf 85' lang='lat' dir='ltr'>sed</span> <span class='ocrx_word' id='word_1_155' title='bbox 1032 2746 1115 2830; x_wconf 93' lang='lat' dir='ltr'>quod</span> <span class='ocrx_word' id='word_1_156' title='bbox 1138 2746 1273 2811; x_wconf 88' lang='lat' dir='ltr'>fortiter</span> <span class='ocrx_word' id='word_1_157' title='bbox 1300 2770 1375 2832; x_wconf 87' lang='lat' dir='ltr'>pug-</span> 
     </span>
     <span class='ocr_line' id='line_1_22' title="bbox 228 2854 1375 2940; baseline 0.005 -23"><span class='ocrx_word' id='word_1_158' title='bbox 228 2855 336 2918; x_wconf 85' lang='lat' dir='ltr'>nando</span> <span class='ocrx_word' id='word_1_159' title='bbox 358 2854 498 2918; x_wconf 88' lang='lat' dir='ltr'>hostium</span> <span class='ocrx_word' id='word_1_160' title='bbox 520 2855 585 2918; x_wconf 83' lang='lat' dir='ltr'>vim</span> <span class='ocrx_word' id='word_1_161' title='bbox 608 2855 649 2918; x_wconf 82' lang='lat' dir='ltr'>ab</span> <span class='ocrx_word' id='word_1_162' title='bbox 669 2856 746 2919; x_wconf 90' lang='lat' dir='ltr'>urbe</span> <span class='ocrx_word' id='word_1_163' title='bbox 768 2857 976 2940; x_wconf 85' lang='lat' dir='ltr'>propulsavit.</span> <span class='ocrx_word' id='word_1_164' title='bbox 1007 2857 1109 2932; x_wconf 76' lang='lat' dir='ltr'>Quam</span> <span class='ocrx_word' id='word_1_165' title='bbox 1124 2858 1255 2922; x_wconf 89' lang='lat' dir='ltr'>obrem</span> <span class='ocrx_word' id='word_1_166' title='bbox 1271 2881 1375 2923; x_wconf 88' lang='lat' dir='ltr'>recen·</span> 
     </span>
     <span class='ocr_line' id='line_1_23' title="bbox 210 2965 1376 3051; baseline 0.003 -22"><span class='ocrx_word' id='word_1_167' title='bbox 210 2966 325 3035; x_wconf 69' lang='lat' dir='ltr'>,tiores</span> <span class='ocrx_word' id='word_1_168' title='bbox 349 2965 501 3047; x_wconf 81' lang='grc'><strong>01110100,</strong></span> <span class='ocrx_word' id='word_1_169' title='bbox 526 2965 608 3048; x_wconf 88' lang='lat' dir='ltr'>quod</span> <span class='ocrx_word' id='word_1_170' title='bbox 630 2969 663 3029; x_wconf 91' lang='lat' dir='ltr'>et</span> <span class='ocrx_word' id='word_1_171' title='bbox 678 2989 697 3029; x_wconf 89' lang='lat' dir='ltr'>a</span> <span class='ocrx_word' id='word_1_172' title='bbox 712 2968 884 3031; x_wconf 90' lang='lat' dir='ltr'>memoriae</span> <span class='ocrx_word' id='word_1_173' title='bbox 906 2967 968 3031; x_wconf 92' lang='lat' dir='ltr'>fide</span> <span class='ocrx_word' id='word_1_174' title='bbox 990 2968 1221 3051; x_wconf 83' lang='lat' dir='ltr'>praestabilius</span> <span class='ocrx_word' id='word_1_175' title='bbox 1247 2974 1333 3033; x_wconf 87' lang='lat' dir='ltr'>esset</span> <span class='ocrx_word' id='word_1_176' title='bbox 1347 2973 1376 3032; x_wconf 85' lang='lat' dir='ltr'>et</span> 
     </span>
     <span class='ocr_line' id='line_1_24' title="bbox 229 3075 1376 3161; baseline 0.004 -23"><span class='ocrx_word' id='word_1_177' title='bbox 229 3075 409 3139; x_wconf 84' lang='lat' dir='ltr'>sententiae</span> <span class='ocrx_word' id='word_1_178' title='bbox 435 3075 581 3138; x_wconf 87' lang='lat' dir='ltr'>bonitate</span> <span class='ocrx_word' id='word_1_179' title='bbox 603 3076 893 3160; x_wconf 87' lang='lat' dir='ltr'>commendaretur,</span> <span class='ocrx_word' id='word_1_180' title='bbox 921 3077 1038 3157; x_wconf 83' lang='grc' dir='ltr'>εἴργων</span> <span class='ocrx_word' id='word_1_181' title='bbox 1059 3078 1220 3161; x_wconf 90' lang='lat' dir='ltr'>scriptum</span> <span class='ocrx_word' id='word_1_182' title='bbox 1248 3080 1291 3143; x_wconf 86' lang='lat' dir='ltr'>ab</span> <span class='ocrx_word' id='word_1_183' title='bbox 1318 3082 1376 3143; x_wconf 77' lang='lat' dir='ltr'>Ae</span> 
     </span>
     <span class='ocr_line' id='line_1_25' title="bbox 229 3185 1378 3271; baseline 0.004 -23"><span class='ocrx_word' id='word_1_184' title='bbox 229 3185 338 3269; x_wconf 85' lang='lat' dir='ltr'>schylo</span> <span class='ocrx_word' id='word_1_185' title='bbox 354 3206 423 3250; x_wconf 88' lang='grc'><strong>0000</strong></span> <span class='ocrx_word' id='word_1_186' title='bbox 439 3189 640 3268; x_wconf 87' lang='lat' dir='ltr'>censuerunt,</span> <span class='ocrx_word' id='word_1_187' title='bbox 663 3186 697 3249; x_wconf 92' lang='lat' dir='ltr'>id</span> <span class='ocrx_word' id='word_1_188' title='bbox 719 3188 801 3271; x_wconf 92' lang='lat' dir='ltr'>quod</span> <span class='ocrx_word' id='word_1_189' title='bbox 824 3209 909 3271; x_wconf 85' lang='lat' dir='ltr'>nego</span> <span class='ocrx_word' id='word_1_190' title='bbox 925 3187 1079 3271; x_wconf 89' lang='lat' dir='ltr'>equidem.</span> <span class='ocrx_word' id='word_1_191' title='bbox 1112 3187 1378 3253; x_wconf 81' lang='lat' dir='ltr'>Consentaneum</span> 
     </span>
     <span class='ocr_line' id='line_1_26' title="bbox 230 3296 1379 3382; baseline 0.004 -24"><span class='ocrx_word' id='word_1_192' title='bbox 230 3298 278 3358; x_wconf 90' lang='grc'>001</span> <span class='ocrx_word' id='word_1_193' title='bbox 293 3296 379 3360; x_wconf 90' lang='lat' dir='ltr'>enim</span> <span class='ocrx_word' id='word_1_194' title='bbox 394 3297 566 3380; x_wconf 88' lang='lat' dir='ltr'>pristinum</span> <span class='ocrx_word' id='word_1_195' title='bbox 588 3297 748 3361; x_wconf 86' lang='lat' dir='ltr'>scribendi</span> <span class='ocrx_word' id='word_1_196' title='bbox 771 3320 872 3382; x_wconf 84' lang='lat' dir='ltr'>genus</span> <span class='ocrx_word' id='word_1_197' title='bbox 895 3297 969 3362; x_wconf 92' lang='lat' dir='ltr'>huic</span> <span class='ocrx_word' id='word_1_198' title='bbox 990 3298 1095 3361; x_wconf 85' lang='lat' dir='ltr'>versui</span> <span class='ocrx_word' id='word_1_199' title='bbox 1118 3298 1167 3362; x_wconf 90' lang='lat' dir='ltr'>sic</span> <span class='ocrx_word' id='word_1_200' title='bbox 1190 3301 1379 3365; x_wconf 87' lang='lat' dir='ltr'>restituere:</span> 
     </span>
    </p>
   </div>
   <div class='ocr_carea' id='block_1_7' title="bbox 357 3451 1285 3538">
    <p class='ocr_par' dir='ltr' id='par_1_7' title="bbox 357 3451 1285 3538">
     <span class='ocr_line' id='line_1_27' title="bbox 357 3451 1285 3538; baseline 0.004 -24"><span class='ocrx_word' id='word_1_201' title='bbox 357 3452 506 3527; x_wconf 77' lang='grc' dir='ltr'>(τέγων</span> <span class='ocrx_word' id='word_1_202' title='bbox 528 3452 589 3531; x_wconf 89' lang='grc' dir='ltr'>γὰρ</span> <span class='ocrx_word' id='word_1_203' title='bbox 613 3451 748 3531; x_wconf 77' lang='grc' dir='ltr'>ἐχθροῦ(</span> <span class='ocrx_word' id='word_1_204' title='bbox 769 3451 908 3517; x_wconf 86' lang='grc' dir='ltr'>θάνατον</span> <span class='ocrx_word' id='word_1_205' title='bbox 931 3451 1029 3517; x_wconf 74' lang='grc'><strong>1911’</strong></span> <span class='ocrx_word' id='word_1_206' title='bbox 1051 3452 1086 3517; x_wconf 85' lang='grc' dir='ltr'>ἐν</span> <span class='ocrx_word' id='word_1_207' title='bbox 1109 3453 1285 3538; x_wconf 72' lang='grc' dir='ltr'>πόλει**)ε</span> 
     </span>
    </p>
   </div>
   <div class='ocr_carea' id='block_1_8' title="bbox 229 3602 1381 3803">
    <p class='ocr_par' dir='ltr' id='par_1_8' title="bbox 229 3602 1381 3803">
     <span class='ocr_line' id='line_1_28' title="bbox 229 3602 1380 3686; baseline 0.007 -22"><span class='ocrx_word' id='word_1_208' title='bbox 229 3624 291 3684; x_wconf 85' lang='lat' dir='ltr'>quo</span> <span class='ocrx_word' id='word_1_209' title='bbox 313 3602 468 3666; x_wconf 86' lang='lat' dir='ltr'>vocabulo</span> <span class='ocrx_word' id='word_1_210' title='bbox 490 3602 666 3667; x_wconf 87' lang='lat' dir='ltr'>identidem</span> <span class='ocrx_word' id='word_1_211' title='bbox 689 3626 762 3667; x_wconf 83' lang='lat' dir='ltr'>usus</span> <span class='ocrx_word' id='word_1_212' title='bbox 785 3607 834 3667; x_wconf 89' lang='lat' dir='ltr'>est</span> <span class='ocrx_word' id='word_1_213' title='bbox 852 3603 1042 3686; x_wconf 82' lang='lat' dir='ltr'>Aeschylus,</span> <span class='ocrx_word' id='word_1_214' title='bbox 1066 3607 1103 3667; x_wconf 92' lang='lat' dir='ltr'>ut</span> <span class='ocrx_word' id='word_1_215' title='bbox 1125 3604 1226 3669; x_wconf 86' lang='lat' dir='ltr'>huius</span> <span class='ocrx_word' id='word_1_216' title='bbox 1251 3607 1380 3672; x_wconf 85' lang='lat' dir='ltr'>fabulae</span> 
     </span>
     <span class='ocr_line' id='line_1_29' title="bbox 230 3711 1381 3803; baseline 0.006 -29"><span class='ocrx_word' id='word_1_217' title='bbox 230 3734 260 3774; x_wconf 87' lang='lat' dir='ltr'>v.</span> <span class='ocrx_word' id='word_1_218' title='bbox 286 3712 356 3775; x_wconf 95' lang='grc'><strong>198.</strong></span> <span class='ocrx_word' id='word_1_219' title='bbox 381 3711 454 3775; x_wconf 90' lang='grc'><strong>779.</strong></span> <span class='ocrx_word' id='word_1_220' title='bbox 478 3713 540 3777; x_wconf 79' lang='grc'>216</span> <span class='ocrx_word' id='word_1_221' title='bbox 565 3711 649 3799; x_wconf 85' lang='grc'><strong>[199.</strong></span> <span class='ocrx_word' id='word_1_222' title='bbox 675 3713 746 3778; x_wconf 93' lang='grc'><strong>778.</strong></span> <span class='ocrx_word' id='word_1_223' title='bbox 770 3713 856 3803; x_wconf 69' lang='grc'><strong>2171</strong></span> <span class='ocrx_word' id='word_1_224' title='bbox 903 3713 1023 3788; x_wconf 83' lang='lat' dir='ltr'>Quibus</span> <span class='ocrx_word' id='word_1_225' title='bbox 1045 3715 1081 3777; x_wconf 88' lang='lat' dir='ltr'>in</span> <span class='ocrx_word' id='word_1_226' title='bbox 1103 3715 1210 3780; x_wconf 88' lang='lat' dir='ltr'>tribus</span> <span class='ocrx_word' id='word_1_227' title='bbox 1235 3720 1381 3783; x_wconf 81' lang='lat' dir='ltr'>versibus</span> 
     </span>
    </p>
   </div>
   <div class='ocr_carea' id='block_1_9' title="bbox 231 3982 1382 4247">
    <p class='ocr_par' dir='ltr' id='par_1_9' title="bbox 231 3982 1382 4247">
     <span class='ocr_line' id='line_1_30' title="bbox 298 3982 1381 4057; baseline 0.011 -23"><span class='ocrx_word' id='word_1_228' title='bbox 298 3982 322 4048; x_wconf 72' lang='grc'>*1</span> <span class='ocrx_word' id='word_1_229' title='bbox 343 3982 437 4050; x_wconf 90' lang='lat' dir='ltr'>[Nihili</span> <span class='ocrx_word' id='word_1_230' title='bbox 455 3984 484 4036; x_wconf 88' lang='lat' dir='ltr'>hi</span> <span class='ocrx_word' id='word_1_231' title='bbox 502 3983 566 4038; x_wconf 87' lang='lat' dir='ltr'>libri</span> <span class='ocrx_word' id='word_1_232' title='bbox 579 4001 674 4038; x_wconf 87' lang='lat' dir='ltr'>omncs</span> <span class='ocrx_word' id='word_1_233' title='bbox 693 3986 795 4051; x_wconf 86' lang='grc'><strong>0000111,</strong></span> <span class='ocrx_word' id='word_1_234' title='bbox 814 3984 868 4038; x_wconf 90' lang='lat' dir='ltr'>nisi</span> <span class='ocrx_word' id='word_1_235' title='bbox 885 4003 957 4039; x_wconf 89' lang='lat' dir='ltr'>nuuc</span> <span class='ocrx_word' id='word_1_236' title='bbox 976 3984 1109 4039; x_wconf 86' lang='lat' dir='ltr'>sciremus</span> <span class='ocrx_word' id='word_1_237' title='bbox 1127 3986 1158 4039; x_wconf 89' lang='lat' dir='ltr'>in</span> <span class='ocrx_word' id='word_1_238' title='bbox 1177 3988 1243 4057; x_wconf 86' lang='lat' dir='ltr'>ipso</span> <span class='ocrx_word' id='word_1_239' title='bbox 1257 3991 1381 4045; x_wconf 84' lang='lat' dir='ltr'>Mediceo</span> 
     </span>
     <span class='ocr_line' id='line_1_31' title="bbox 231 4074 1331 4154; baseline 0.011 -27"><span class='ocrx_word' id='word_1_240' title='bbox 231 4074 324 4129; x_wconf 63' lang='lat' dir='ltr'>coelice</span> <span class='ocrx_word' id='word_1_241' title='bbox 343 4083 547 4144; x_wconf 65' lang='lat' dir='ltr'>essenorum,</span> <span class='ocrx_word' id='word_1_242' title='bbox 567 4077 784 4147; x_wconf 86' lang='lat' dir='ltr'>superscriptum</span> <span class='ocrx_word' id='word_1_243' title='bbox 802 4081 897 4133; x_wconf 79' lang='grc'><strong>01110111</strong></span> <span class='ocrx_word' id='word_1_244' title='bbox 914 4097 949 4132; x_wconf 91' lang='lat' dir='ltr'>m.</span> <span class='ocrx_word' id='word_1_245' title='bbox 971 4096 1023 4133; x_wconf 87' lang='lat' dir='ltr'>soc.</span> <span class='ocrx_word' id='word_1_246' title='bbox 1045 4081 1151 4146; x_wconf 81' lang='grc' dir='ltr'>εἵργων</span> <span class='ocrx_word' id='word_1_247' title='bbox 1170 4084 1331 4154; x_wconf 68' lang='grc' dir='ltr'>δηλονότι]</span> 
     </span>
     <span class='ocr_line' id='line_1_32' title="bbox 298 4169 1382 4247; baseline 0.011 -25"><span class='ocrx_word' id='word_1_248' title='bbox 298 4169 338 4237; x_wconf 86' lang='grc'>**)</span> <span class='ocrx_word' id='word_1_249' title='bbox 358 4170 524 4239; x_wconf 87' lang='lat' dir='ltr'>[Occupasse</span> <span class='ocrx_word' id='word_1_250' title='bbox 543 4171 615 4225; x_wconf 85' lang='lat' dir='ltr'>hauc</span> <span class='ocrx_word' id='word_1_251' title='bbox 633 4171 857 4226; x_wconf 86' lang='lat' dir='ltr'>emendationem</span> <span class='ocrx_word' id='word_1_252' title='bbox 870 4172 1086 4226; x_wconf 83' lang='lat' dir='ltr'>Wakefieldium</span> <span class='ocrx_word' id='word_1_253' title='bbox 1099 4172 1167 4226; x_wconf 85' lang='lat' dir='ltr'>Silv.</span> <span class='ocrx_word' id='word_1_254' title='bbox 1188 4177 1253 4230; x_wconf 86' lang='lat' dir='ltr'>crit.</span> <span class='ocrx_word' id='word_1_255' title='bbox 1277 4179 1328 4247; x_wconf 85' lang='lat' dir='ltr'>Ip.</span> <span class='ocrx_word' id='word_1_256' title='bbox 1342 4185 1382 4242; x_wconf 87' lang='grc'>08,</span> 
     </span>
    </p>
   </div>
   <div class='ocr_carea' id='block_1_10' title="bbox 229 4259 1382 4421">
    <p class='ocr_par' dir='ltr' id='par_1_10' title="bbox 229 4259 1382 4421">
     <span class='ocr_line' id='line_1_33' title="bbox 229 4259 1382 4334; baseline 0.012 -22"><span class='ocrx_word' id='word_1_257' title='bbox 229 4259 258 4312; x_wconf 92' lang='lat' dir='ltr'>in</span> <span class='ocrx_word' id='word_1_258' title='bbox 276 4262 448 4330; x_wconf 85' lang='lat' dir='ltr'>eandemque</span> <span class='ocrx_word' id='word_1_259' title='bbox 469 4263 609 4318; x_wconf 88' lang='lat' dir='ltr'>Dobreum</span> <span class='ocrx_word' id='word_1_260' title='bbox 632 4264 762 4319; x_wconf 83' lang='lat' dir='ltr'>incidisse</span> <span class='ocrx_word' id='word_1_261' title='bbox 780 4265 926 4320; x_wconf 80' lang='lat' dir='ltr'>Adversur.</span> <span class='ocrx_word' id='word_1_262' title='bbox 948 4266 973 4318; x_wconf 92' lang='lat' dir='ltr'>II</span> <span class='ocrx_word' id='word_1_263' title='bbox 991 4284 1018 4334; x_wconf 89' lang='lat' dir='ltr'>p.</span> <span class='ocrx_word' id='word_1_264' title='bbox 1041 4272 1070 4319; x_wconf 85' lang='grc'>10</span> <span class='ocrx_word' id='word_1_265' title='bbox 1092 4266 1280 4324; x_wconf 87' lang='lat' dir='ltr'>Hermannus</span> <span class='ocrx_word' id='word_1_266' title='bbox 1300 4273 1382 4326; x_wconf 85' lang='lat' dir='ltr'>aduo-</span> 
     </span>
     <span class='ocr_line' id='line_1_34' title="bbox 229 4353 320 4421; baseline 0.011 -17"><span class='ocrx_word' id='word_1_267' title='bbox 229 4353 320 4421; x_wconf 80' lang='lat' dir='ltr'>tavit]</span> 
     </span>
    </p>
   </div>
   <div class='ocr_carea' id='block_1_11' title="bbox 341 4590 358 4627">
    <p class='ocr_par' dir='ltr' id='par_1_11' title="bbox 341 4590 358 4627">
     <span class='ocr_line' id='line_1_35' title="bbox 341 4590 358 4627; baseline 0 0"><span class='ocrx_word' id='word_1_268' title='bbox 341 4590 358 4627; x_wconf 61' lang='grc' dir='ltr'>’θ’</span> 
     </span>
    </p>
   </div>
   <div class='ocr_carea' id='block_1_12' title="bbox 0 0 1475 4996">
    <p class='ocr_par' dir='ltr' id='par_1_12' title="bbox 0 0 1475 4996">
     <span class='ocr_line' id='line_1_36' title="bbox 0 0 1475 4996; baseline 0 0"><span class='ocrx_word' id='word_1_269' title='bbox 0 0 1475 4996; x_wconf 95' lang='lat' dir='ltr'> </span> 
     </span>
    </p>
   </div>
  </div>
 </body>
</html>
