2924 4996
239 325 304 389 540
354 342 402 388 DE
424 341 554 390 comcs
576 341 753 389 vunlunrn
776 340 934 390 DIONYSII
954 341 1315 392 Hamcanuasssnffls.

241 493 408 578 exemplis,
431 493 516 557 bona
538 494 697 577 scriptura
718 493 785 576 peti
806 494 909 578 possit
923 517 989 558 non
1004 494 1158 560 maiorem
1177 495 1277 560 fidem
1292 520 1388 581 qnam

240 603 415 688 probabilis
443 603 644 668 coniecturae
661 603 805 671 ,habena
851 603 930 669 Eius
951 604 1038 669 modi
1060 606 1121 670 hoc
1144 610 1193 670 est
1216 606 1251 671 in
1274 607 1345 672 solo
1368 615 1390 673 C

240 716 402 798 repertum
424 713 486 797 Vl,
512 715 553 777 14
574 716 683 795 ςιγὴν
705 716 755 779 καὶ
777 715 895 794 κόςμον
918 716 1159 800 φυλάττοντας,
1183 717 1269 801 quod
1284 718 1387 783 nesci·

240 827 293 888 tur
314 823 398 888 unde
420 824 545 888 venerit
567 846 624 907 pro
648 827 828 906 φυλακὴν
851 827 901 890 καὶ
922 826 1040 905 κόςμον
1058 827 1295 907 φυλάττοντας.
1327 827 1388 893 Vel

239 935 275 998 in
303 935 412 998 eodem
440 933 597 1017 libroll,
625 935 667 998 43
694 934 733 1014 ἦν
762 938 797 1000 δὲ
825 935 934 1001 αὐτοῖς
962 937 1032 1000 οὐκ
1060 937 1230 1017 εὐπετὴς
1256 939 1276 1016 ἡ
1305 940 1388 1017 πρὸς

239 1046 299 1110 τὸν
322 1046 446 1124 χάρακα
466 1044 666 1124 ἀναχώρηςις
686 1066 744 1128 pro
765 1044 805 1124 ἦν
828 1047 863 1110 δὲ
886 1045 996 1110 αὐτοῖς
1018 1046 1184 1126 εὐπετὴς
1207 1051 1272 1113 κτλ.
1316 1046 1385 1112 Nisi

239 1154 323 1218 forte
355 1155 390 1218 in
423 1153 616 1218 conferendo
648 1158 678 1216 B
711 1154 830 1238 aliquid
859 1155 1119 1239 praetermissum
1152 1160 1213 1220 est.
1265 1157 1386 1221 Verum

240 1285 333 1347 quem
349 1263 388 1326 ad
404 1263 532 1328 modum
554 1263 605 1327 vel
620 1264 791 1328 deterrimo
806 1263 911 1349 Regio
931 1266 987 1350 (D)
1004 1287 1100 1350 aegre
1116 1287 1295 1351 careamus,
1312 1289 1385 1351 quo

239 1373 327 1437 niam
349 1373 426 1438 hinc
453 1376 595 1457 tantum,
626 1373 701 1457 quid
728 1373 764 1437 in
789 1374 970 1458 principem
997 1375 1169 1439 editionem
1199 1376 1256 1462 (P)
1287 1398 1384 1441 ems.

233 1485 400 1567 extmplo,
436 1483 511 1567 quid
540 1471 578 1547 ex
606 1482 763 1568 Stephani
791 1484 924 1569 ingenio
951 1485 1132 1568 transierit,
1165 1485 1315 1569 iudicari·
1332 1509 1384 1570 po

239 1596 318 1658 tcst:
340 1594 387 1656 ita
401 1593 539 1657 similem
553 1616 645 1658 usum
667 1595 784 1658 habere
800 1593 1031 1659 Coislinianum
1047 1595 1270 1678 comperimus.
1303 1595 1383 1660 Nam

239 1725 319 1788 quae
341 1703 472 1788 propria
493 1707 568 1768 sunt
581 1702 766 1787 Vrbinatis‚
792 1725 863 1768 cum
885 1705 1003 1787 partim
1025 1726 1042 1768 e
1063 1705 1164 1769 fontis
1185 1706 1381 1788 diversitate,

238 1814 357 1899 partim
386 1836 403 1877 e
430 1814 639 1899 neglegentia
666 1814 716 1877 vel
738 1813 870 1879 licentia
892 1835 960 1879 esse
988 1814 1162 1897 repetenda
1190 1815 1383 1880 intellexeri-

193 1965 199 1977 ·
239 1947 324 2006 mus,
358 1923 437 1988 illud
469 1923 596 2007 quidem
628 1944 730 2009 genus
758 1924 855 2011 etiam
883 1924 923 1988 ad
952 1929 976 1988 Ο
1000 1924 1161 2008 pertinere
1192 1926 1292 2009 solet,
1326 1926 1382 1990 hoo

240 2038 347 2098 autem
376 2034 461 2098 idem
489 2034 571 2098 liber
600 2056 676 2111 cum,
702 2039 731 2097 B
763 2055 965 2119 nequaquam
999 2038 1184 2099 constanter
1217 2057 1382 2100 commune

239 2144 347 2209 habet.
386 2143 455 2220 Quo
476 2143 514 2208 fit
535 2148 571 2207 ut
592 2166 659 2208 non
681 2166 754 2209 raro
777 2144 847 2229 ipsc
869 2143 1058 2210 Coisliniani
1081 2144 1199 2210 codicis
1223 2145 1382 2210 dissensus

240 2255 403 2320 commode
425 2254 596 2319 admoneat
618 2255 656 2318 dc
679 2257 828 2338 suspecta
848 2254 911 2319 fide
932 2255 1144 2340 singularium
1165 2256 1203 2319 in
1224 2259 1254 2319 B
1276 2256 1383 2320 lectio

238 2387 326 2430 num.
372 2364 441 2448 Sic,
465 2366 501 2428 ut
523 2386 540 2429 e
563 2365 707 2429 centenis
729 2387 828 2429 unum
851 2386 1109 2450 commemorem,
1133 2366 1255 2431 nullius
1278 2370 1382 2431 aucto

238 2474 344 2539 ritatis
363 2474 417 2538 ¹vel
439 2473 660 2539 reconditioris
682 2474 817 2539 rationis
840 2497 908 2539 esse
930 2476 1108 2540 solitarium
1130 2476 1210 2540 illud
1233 2476 1269 2541 in
1292 2480 1322 2540 B
1343 2476 1381 2558 V,

240 2586 281 2651 75
309 2586 536 2666 ςυγγράφω,
566 2584 643 2649 hino
670 2585 781 2648 statim
807 2585 1015 2670 perspicitur,
1048 2585 1131 2669 quod
1159 2607 1233 2649 cum
1262 2590 1293 2649 B
1320 2609 1383 2651 non

239 2694 443 2759 consentiens
467 2694 593 2758 Cidem
615 2697 753 2758 testatur
775 2695 858 2778 quod
879 2699 928 2760 est
949 2695 984 2759 in
1006 2695 1136 2779 reliquis
1164 2695 1258 2760 libris
1288 2698 1382 2762 ἀττο-

238 2807 490 2886 δειχθήςεται.
539 2804 747 2889 Eandemque
773 2826 919 2869 normam
946 2804 1121 2869 transferre
1149 2805 1190 2869 ad
1220 2807 1383 2871 lacunas

237 2914 452 2980 Vrbinatis
475 2914 592 2978 codicis
615 2914 701 2979 licet.
746 2914 807 2990 Qui
836 2937 907 2979 oum
930 2914 1051 2979 omittit
1078 2937 1159 2999 quae
1180 2938 1250 2981 non
1272 2917 1310 2981 in
1332 2922 1384 2981 AI)

236 3030 381 3109 tentum,
413 3025 468 3090 scd
500 3025 535 3089 in
563 3030 587 3089 0
616 3045 740 3109 quoque
768 3025 935 3109 leguntur,
967 3025 1028 3089 hoe
1058 3025 1164 3108 ipsum
1192 3026 1315 3092 indicio
1337 3031 1384 3091 est

201 3182 206 3191 -
237 3136 417 3200 omissionis
446 3156 590 3199 caussam
618 3155 683 3198 non
711 3156 779 3199 esse
812 3135 847 3199 in
881 3135 1056 3200 communis
1085 3135 1286 3201 Goisliniano
1315 3159 1381 3202 eum

237 3246 395 3311 Vrbinate
423 3245 522 3310 fontis
549 3244 656 3309 indole
684 3246 914 3328 quaerendam,
943 3244 999 3309 sed
1024 3245 1124 3329 ipsius
1153 3246 1298 3330 librarii,
1333 3247 1383 3331 qui

187 3368 221 3416 25
239 3357 429 3421 Vrbinatcm
451 3354 595 3439 scripsit,
618 3354 775 3419 incuriam
792 3355 993 3438 culpandam.
1033 3355 1129 3420 Cuius
1150 3355 1298 3421 incuriae
1321 3379 1381 3421 non

238 3488 342 3549 pauca
363 3466 509 3548 exempla
537 3467 664 3548 praesto
686 3468 776 3548 sunt,
806 3465 894 3529 velut
921 3486 992 3529 eum
1014 3464 1046 3548 l,
1071 3466 1109 3528 ll
1139 3469 1205 3529 tres
1236 3467 1383 3531 versiculi

238 3576 424 3640 exciderunt
446 3597 466 3639 a
487 3574 592 3639 verbis
614 3577 664 3640 καὶ
686 3575 768 3639 Διὸς
792 3575 837 3640 ὡς
860 3575 984 3651 λέγεται
1006 3575 1046 3638 ed
1072 3576 1192 3640 τούτου
1222 3579 1259 3643 δὲ
1282 3577 1384 3645 Οἴνω-

237 3706 329 3765 τρος,
351 3684 402 3750 vel
425 3688 555 3768 propter
569 3684 847 3749 homoeoteleuton
868 3684 900 3767 I,
923 3685 967 3750 50
989 3688 1069 3748 extr.
1086 3684 1143 3748 illa
1165 3687 1306 3766 ττληςίοα
1327 3692 1385 3754 τοῦ

237 3799 348 3874 μικροῦ
371 3795 411 3858 ad
434 3796 627 3877 terrineam,
650 3793 701 3857 vel
725 3815 752 3858 c.
770 3795 810 3859 78
832 3796 882 3860 καὶ
903 3796 965 3874 γὰρ
988 3796 1070 3874 ὁμοῦ
1088 3817 1120 3860 ’τι
1143 3793 1184 3858 ad
1208 3798 1387 3878 παρεδίδου

238 3907 287 3978 δὲ,
310 3904 361 3968 vel
383 3905 432 3988 Π,
455 3904 496 3969 28
518 3909 586 3970 τοῖς
607 3907 780 3970 πολιτικοῖς
802 3906 947 3987 πλήθεςι,
972 3903 1022 3967 vel
1044 3903 1145 3986 1v‚e
1167 3905 1249 3974 ὅςον
1273 3908 1312 3974 ἐκ
1334 3913 1388 3989 τῆς

237 4018 346 4093 κοινῆς
367 4015 521 4082 ἁπάντων
544 4014 706 4096 βοηθείας,
729 4013 853 4097 aliaque
875 4013 908 4077 id
929 4035 1031 4099 genus
1054 4014 1231 4098 complura.

659 4255 959 4266 --———.—.—
