2896 4996
488 329 535 376 nn
558 329 628 378 ono
650 330 695 376 ar
718 328 860 377 oaroun.
1182 310 1245 375 583

104 484 299 550 alobeckio
322 487 371 547 cst
385 483 535 567 Parergis
558 482 598 545 ad
614 482 832 566 Phrynichum
854 504 886 565 p.
908 481 982 563 482,
1006 481 1247 544 necimmerito

103 601 142 660 ut
160 596 298 660 arbitror
319 593 591 678 pernecessarium
613 592 733 656 nostris
749 592 866 655 litteris
881 592 973 655 nobis
989 613 1092 675 nuper
1107 592 1247 675 appella·

104 712 173 771 tum
196 705 437 789 Prolcgomenis
464 705 499 768 in
521 703 719 767 Theodulum
746 725 777 786 p.
802 702 859 766 IX.
905 703 1000 766 Nunc
1029 706 1135 766 autem
1164 703 1248 786 quod

104 839 171 895 non
205 817 435 901 grammaticae
468 815 523 878 sed
554 813 838 898 grammaticorum
871 795 1023 877 historiae
1056 813 1247 897 particulam

104 950 163 992 1111
185 930 380 991 tractaturos
402 928 471 1009 ipso
494 925 600 989 indice
623 924 758 1008 professi
781 944 902 1006 sumus,
932 924 964 987 id
987 946 1082 1007 quam
1104 925 1169 988 vim
1191 924 1246 987 ha-

104 1034 180 1102 beat
202 1037 313 1121 paucis
328 1036 577 1121 significandum
593 1039 651 1099 est.
682 1034 814 1099 Etenim
829 1033 928 1117 ipsius
945 1035 1023 1098 artis
1047 1034 1245 1098 enarrandae

103 1150 269 1213 fontenet
296 1147 481 1211 testimonia
511 1167 582 1211 curn
609 1148 737 1209 tantum
760 1166 825 1209 non
850 1146 958 1209 omnia
986 1146 1031 1209 eis
1060 1146 1245 1209 continean-

102 1263 157 1323 tur
178 1258 461 1343 grammaticorum
476 1257 615 1341 seriptis,
638 1278 718 1340 quae
740 1256 898 1340 propitiae
920 1256 1069 1320 fortunae
1091 1257 1246 1320 beneficio
1268 1264 1269 1267 ’

104 1371 146 1434 ab
167 1369 301 1433 interitu
322 1368 486 1433 vindicata
508 1367 601 1431 hodie
617 1367 765 1431 manibus
787 1369 980 1431 tractamus:
1003 1367 1098 1431 facile
1122 1368 1245 1431 intelle·

103 1481 197 1565 gitur
214 1501 279 1543 non
301 1501 394 1562 posse
416 1479 503 1563 prius
526 1480 604 1542 artis
631 1478 772 1563 origines
797 1481 830 1541 et
852 1477 1050 1541 incrementa
1079 1478 1243 1561 explicari,

104 1613 199 1676 quam
221 1591 260 1654 de
282 1590 405 1673 horum,
430 1589 578 1672 aquibus
593 1589 697 1653 omnis
719 1591 751 1653 et
773 1589 994 1673 proficiscatur
1016 1610 1112 1672 opera
1135 1592 1245 1652 nostra

104 1705 136 1764 et
163 1700 203 1764 ad
232 1722 312 1785 quae
338 1721 561 1783 usquequaque
589 1703 768 1763 revertatur
795 1702 939 1783 oportet,
968 1703 1244 1763 monumentorum
1331 1713 1338 1730 ⁸

104 1811 303 1893 condicione,
326 1810 440 1893 sonna,
466 1809 608 1892 consilio,
632 1809 694 1873 fide
718 1812 750 1873 et
771 1831 829 1873 usu
851 1810 897 1872 ita
919 1809 962 1873 sit
984 1810 1177 1892 quaesitum,
1209 1815 1245 1873 ut

103 1925 189 1984 certe
212 1920 409 2005 gramssimis
432 1921 606 2005 quibusque
630 1920 803 2003 exploratis
818 1918 938 1983 habeas
953 1919 1008 1983 ubi
1023 1920 1136 2003 pedem
1150 1923 1242 2005 figas

100 2031 171 2106 Quo
186 2031 320 2115 quidem
348 2031 382 2094 in
409 2051 527 2115 genere
555 2052 650 2113 quam
673 2032 823 2114 pleraque
846 2018 950 2094 adhuc
964 2031 1021 2094 -vel
1044 2029 1168 2094 ineerta
1190 2054 1244 2094 va·

101 2141 214 2205 cillent
235 2142 286 2205 vel
309 2142 442 2205 obscura
464 2142 599 2224 lateant,
624 2163 689 2205 non
712 2144 818 2225 potest
833 2161 1022 2224 quemquam
1042 2141 1165 2226 lugere,
1190 2143 1243 2226 qui

18 2296 21 2298 -
98 2253 151 2315 rel
180 2252 294 2315 leviter
321 2251 380 2315 has
409 2251 533 2315 litteras
564 2251 719 2336 attigerit.
766 2250 834 2315 Nec
856 2252 942 2336 fugit
963 2252 1042 2315 illud
1064 2253 1114 2315 vel
1136 2252 1243 2316 Ferrli-

98 2363 245 2426 nandum
272 2362 451 2445 Ranlrium,
480 2362 595 2425 emissa
623 2366 699 2426 ante
726 2362 784 2425 hos
812 2362 889 2426 ‹luos
918 2385 1020 2427 anuos
1050 2367 1242 2427 commenta·

99 2473 189 2536 tione
212 2472 251 2535 de
274 2472 367 2536 lenici
389 2472 588 2556 Hesychiani
616 2473 741 2556 origine
772 2475 824 2535 sat
846 2473 1056 2556 probabiliter
1078 2474 1241 2557 disputan-

99 2587 184 2664 tem,
208 2583 259 2646 vel
281 2582 321 2646 K.
345 2582 512 2647 Lehraium
534 2583 733 2647 Aristarchio
756 2583 861 2647 studio
883 2584 1075 2648 scholiorum
1097 2583 1276 2649 Homeri-2

98 2715 211 2758 corum
232 2692 370 2757 formam
392 2696 424 2756 et
447 2693 708 2777 compositionem
732 2695 913 2778 nuperrime
936 2697 1180 2777 perscrutatum.

185 2802 253 2867 Nos
276 2806 382 2889 autern
405 2804 488 2888 quod
510 2804 571 2867 hac
593 2805 702 2868 oblata
724 2805 885 2869 scribendi
908 2805 1149 2888 opportunitate
1172 2806 1241 2870 Ori·

96 2915 171 2978 onis
195 2914 331 2978 lexicum
354 2914 552 2998 potissimum
575 2915 767 2999 delegimus,
797 2916 831 2979 in
854 2937 915 2998 quo
942 2936 1140 2978 versaremur
1161 2914 1240 2978 iudi-

98 3025 214 3107 cando,
239 3046 304 3088 non
326 3025 460 3088 fecimus
482 3025 542 3088 hoc
564 3029 695 3109 propter
717 3027 922 3109 praecipuam
940 3026 1025 3088 illins
1047 3025 1240 3109 gravitatem

94 3135 271 3218 quandam,
295 3157 389 3219 quam
411 3157 478 3199 nun
500 3135 588 3199 nullo
609 3136 778 3199 intervallo
794 3132 928 3199 aliorum
951 3134 1141 3199 auctoritate
1163 3136 1239 3197 lexi-

96 3266 209 3309 corum
231 3245 367 3328 relinqui
391 3245 609 3328 perspicimus,
633 3246 689 3309 sed
711 3267 782 3309 cum
804 3250 935 3329 propter
957 3245 1152 3329 quaestionis
1174 3246 1239 3308 suis

93 3356 217 3420 finibus
240 3355 487 3439 comprehensae
516 3356 670 3419 ambitum
698 3355 772 3419 huic
799 3356 1009 3439 scriptionum
1038 3356 1149 3439 generi
1172 3357 1238 3419 fere

94 3465 308 3548 commodum,
332 3469 400 3530 turn
420 3466 503 3550 quod
525 3467 698 3552 singularis
713 3467 760 3528 rei
777 3488 890 3549 parum
913 3465 1079 3550 expeditae
1102 3465 1237 3529 difficul-

91 3701 208 3771 opellae
230 3703 342 3757 nostrae
366 3719 511 3758 censuram
537 3705 569 3758 Κ.
595 3704 755 3760 Lehrsius
783 3703 998 3758 Zimmermanni
1019 3703 1120 3757 Iliariis
1150 3705 1235 3773 antiq.

90 3794 170 3850 stud.
191 3812 216 3848 a.
237 3800 302 3849 1835
323 3813 350 3864 p.
370 3801 422 3850 449
440 3812 500 3863 sqq.
524 3797 641 3852 insaniit
662 3796 825 3851 cruditionis
848 3799 877 3851 et
903 3796 1065 3851 subtilitatis
1088 3798 1237 3851 luminibus

89 3888 224 3954 adaeque
243 3889 428 3957 conspicuam,
447 3906 480 3944 ex
499 3907 533 3945 ea
549 3909 605 3945 non
622 3908 667 3945 me
686 3890 809 3945 continui
827 3891 892 3957 quin
910 3891 1048 3957 quaedam
1067 3892 1237 3945 adverbum

86 3981 268 4051 transcripta
284 3982 353 4036 meis
370 4001 444 4036 nunc
461 3983 696 4053 disputationibus
715 3984 868 4038 subicerem
883 3984 1022 4038 communi
1041 3987 1151 4054 utputo
1165 4002 1236 4039 com·

87 4074 194 4130 modo:
224 4074 252 4127 id
272 4076 345 4142 quod
362 4075 440 4128 illum
458 4094 513 4130 non
531 4095 592 4132 1111
611 4080 792 4147 gravaturum
811 4078 925 4131 confido.
946 4110 978 4116 —
1009 4079 1138 4132 Ceterum
1157 4081 1235 4135 ante

85 4168 201 4226 editam
224 4168 297 4221 hanc
320 4170 582 4225 commentationem
605 4172 638 4225 dc
663 4173 718 4224 Oro
743 4173 771 4224 ct
794 4171 895 4226 Orione
918 4172 1028 4226 breuius
1051 4173 1236 4227 disserueram

83 4265 118 4318 in
143 4260 254 4314 Erschii
280 4261 453 4330 Gruberique
474 4263 697 4333 Encyelopaedia
723 4266 824 4318 artium
852 4265 1063 4334 litterarumque
1087 4266 1236 4321 universali

83 4357 160 4411 sect.
182 4353 389 4424 1111111.
411 4360 486 4424 1834)
508 4375 535 4427 p.
555 4359 708 4428 alb—283]
