2904 4996
231 337 293 401 706
623 346 784 397 sonuum
807 344 981 393 emmona.

232 506 405 584 (stupores,
429 500 578 588 οὕτως]
625 499 686 563 Sed
709 501 930 562 hexametrum
951 497 1043 560 illum
1065 498 1113 561 sic
1135 498 1295 581 perpolio:

360 614 444 678 εἰδὲ
466 613 546 676 κακὰ
568 609 724 688 ςπείραις,
753 611 832 672 κακά
855 609 886 671 κ’
908 607 1023 673 ἔνθεν
1046 608 1255 688 ἁπαμήςαιο.

234 724 320 808 [Non
349 723 413 803 sic,
443 723 470 785 si
499 720 574 805 quid
601 741 689 783 nunc
710 718 818 799 video,
849 717 1074 802 corrigendum
1104 722 1176 781 erat
1203 719 1284 782 satis
1312 719 1380 781 lan·

232 833 340 917 guido,
364 833 419 895 sed
442 831 557 894 saltem
578 830 639 892 hoo
662 828 822 911 exemplo:
845 828 895 892 καί
918 849 973 893 κεν
996 827 1069 892 κάκ’
1090 828 1287 908 ἀπαμήςαιο.
1322 827 1381 892 Sed

234 965 344 1007 verum
367 946 416 1005 est
438 941 501 1004 nisi
524 941 634 1003 fallor:

360 1053 387 1116 εί
409 1054 445 1117 δὲ
467 1051 576 1115 κακὸν
600 1049 753 1127 ςπείραις,
780 1051 843 1113 καί
871 1070 938 1114 κεν
960 1049 1069 1114 κακὸν
1093 1050 1257 1133 ἀμήςαιο.]

318 1186 510 1251 Coniectura
532 1187 640 1248 autem
662 1184 700 1247 dc
721 1183 900 1247 Pausaniae
923 1184 1028 1248 verbis
1054 1188 1168 1247 nostra
1190 1184 1267 1248 vide
1290 1207 1382 1268 quam

234 1297 364 1381 egregie
399 1295 603 1359 confirmetur
636 1315 728 1357 versu
760 1293 1034 1376 Lycophronis
1068 1293 1132 1358 850
1166 1294 1381 1376 Cassandrae,

235 1407 322 1470 cuius
355 1404 493 1488 pristina
529 1404 704 1486 scriptura,
745 1407 872 1468 servata
905 1424 924 1467 a
958 1403 1123 1486 Stephano
1158 1403 1324 1488 Byzantio
1353 1427 1382 1467 v.

234 1516 348 1592 Αίγυςε

360 1627 412 1690 καὶ
433 1626 539 1691 πάντα
561 1626 706 1704 τλήςεςθ’
729 1624 840 1691 οὕνεκ’
862 1623 1007 1700 Αἰγύας
1029 1624 1126 1690 κυνός
1149 1663 1192 1674 -

236 1764 386 1843 corrupta
409 1764 457 1824 est
478 1762 513 1822 in
536 1760 771 1842 exemplaribus
792 1760 827 1822 in
843 1761 1027 1839 Ἀργείας.
1057 1760 1149 1835 Quod
1165 1761 1299 1844 quidem
1321 1783 1380 1824 non

235 1874 468 1953 perspexerunt
490 1871 541 1933 vol
563 1870 729 1933 Berkelius
758 1871 808 1933 vel
831 1869 979 1940 Potterus
1009 1867 1059 1956 [ac
1086 1892 1128 1934 nc
1153 1870 1380 1935 Bachmanuus

236 1979 365 2063 quidem
391 1980 610 2064 Lycophronis
639 1981 687 2044 sui
716 2003 746 2063 p.
770 1980 833 2044 625
861 2002 974 2063 parum
1002 1980 1105 2063 perite
1132 1981 1215 2044 mihi
1239 1983 1381 2045 adversa·

236 2088 312 2178 tusl.
328 2128 370 2138 -
387 2089 535 2154 Ceterum
550 2092 646 2167 Αἴγυς
661 2092 753 2155 πόλις
777 2091 851 2154 urbs
875 2094 923 2154 cst
946 2112 1017 2153 cum
1039 2112 1117 2175 agro
1141 2113 1210 2173 suo,
1237 2114 1300 2175 qua
1322 2092 1380 2175 sig-

237 2200 425 2265 nificatione
454 2201 533 2264 adeo
561 2202 699 2281 πόλιςμα
731 2205 919 2284 usurpatum
947 2203 996 2264 est
1029 2202 1069 2264 ab
1103 2200 1269 2286 Aeschylo
1296 2202 1378 2265 Pers.

236 2334 265 2377 v.
289 2311 352 2374 481
378 2309 476 2398 [484].
514 2311 697 2394 Numquam
720 2312 805 2375 enim
829 2312 1001 2391 εἰςβάλλειν
1026 2311 1069 2376 εἰς
1091 2350 1134 2358 -
1157 2311 1196 2375 de
1219 2313 1299 2376 urhe
1321 2312 1379 2375 dic·

202 2431 216 2478 ἰ
236 2424 304 2483 tum
320 2421 451 2484 memini
468 2444 487 2483 a
503 2422 697 2516 Graecorum
713 2421 919 2505 quoquam.*)
932 2457 974 2467 —
988 2421 1049 2485 lllo
1065 2425 1173 2485 autem
1187 2427 1287 2505 pacto
1302 2421 1378 2506 quod

237 2531 421 2593 continetur
449 2531 545 2596 οὗτος
571 2531 761 2615 pronomine
789 2530 996 2614 attributum,
1026 2553 1091 2594 non
1121 2535 1170 2594 est
1193 2554 1211 2595 e
1236 2532 1378 2616 capite?

236 2639 477 2723 arcessendum,
508 2641 562 2704 sed
591 2641 691 2704 multo
719 2641 894 2723 simplicius
923 2644 956 2704 et
983 2642 1045 2705 arti
1075 2642 1322 2705 convenientius
1344 2664 1377 2703 cx

236 2751 388 2834 proximis
411 2751 517 2815 verbis
539 2751 763 2834 repetendum:
800 2757 865 2827 tie,
901 2772 988 2830 quem
1015 2757 1104 2815 modo
1131 2758 1272 2817 dicebam
1295 2758 1377 2831 Aryi-

235 2882 339 2925 oorum
362 2882 470 2938 aarum
493 2875 639 2926 vastasse.
668 2860 839 2924 Praeterea
856 2861 874 2925 ὁ
893 2861 1037 2943 articulo,
1062 2884 1156 2944 quem
1179 2885 1269 2927 nunc
1292 2861 1377 2925 uideo

236 2971 333 3034 ctiam
362 2970 396 3033 in
420 2970 558 3034 Bekkeri
582 2971 689 3034 codice
711 2970 874 3053 Parisino,
904 2970 981 3034 licet
1003 2991 1151 3053 perverse
1177 2972 1375 3050 collocatum,

235 3081 299 3164 legi
331 3078 420 3166 [item
448 3082 481 3144 in
505 3081 724 3164 Angelicauo,
754 3080 960 3165 [lugdunensi
989 3081 1105 3164 altero,
1135 3081 1377 3147 Vindobonensi

236 3191 336 3253 altero
360 3190 444 3273 apud
467 3190 681 3255 Schubartum
703 3190 942 3274 Walziumque,
966 3191 1000 3254 in
1023 3191 1136 3275 quibus
1160 3194 1312 3258 omnibus
1334 3196 1379 3256 est

235 3303 284 3365 καὶ
309 3300 327 3364 ὁ
350 3303 384 3366 ἐς
405 3302 488 3384 stul,
513 3324 579 3365 non
601 3300 746 3364 videmur
769 3322 876 3364 carere
899 3323 1006 3385 posse:
1031 3323 1106 3364 num
1129 3302 1199 3366 sive
1223 3304 1264 3383 ἦν
1287 3304 1378 3367 verbo

235 3411 400 3493 suppletur
423 3411 628 3494 participium
651 3410 717 3473 sive
740 3414 869 3494 aptatur
892 3433 930 3475 ex
953 3413 1093 3496 ἐδῄωςεν
1118 3414 1217 3477 verbo
1224 3464 1234 3496 ‚
1258 3418 1379 3478 senten·

235 3521 281 3583 tia
305 3521 434 3584 effertur
455 3525 619 3604 tamquam
635 3522 798 3584 narrantis
821 3543 871 3585 rcs
894 3522 1095 3604 praeteritas
1120 3545 1182 3586 nec
1197 3546 1264 3607 quo
1279 3525 1380 3588 valeat.

234 3632 295 3710 γάρ
318 3631 477 3714 particula
499 3631 707 3714 perspicit-um
737 3635 849 3694 contra
871 3630 974 3721 Ιοὗτος
996 3633 1058 3711 γὰρ
1081 3633 1100 3696 ὁ
1123 3633 1277 3713 ἐςβαλών
1300 3635 1381 3698 dicta

235 3744 310 3803 sunt
333 3742 449 3804 omisso
472 3741 550 3824 ἐςτί,
575 3744 785 3823 spectantque
814 3739 853 3803 ad
876 3763 1027 3824 praesens
1049 3763 1115 3805 non
1139 3746 1309 3808 narrantis
1331 3744 1381 3807 sed

236 3850 449 3914 existimantis
477 3851 645 3933 iudicium,
678 3854 773 3934 atque
800 3851 861 3929 γάρ
890 3852 1048 3934 particula
1071 3851 1262 3917 declaratur
1286 3856 1383 3920 consi·

235 3961 313 4023 lium
342 3961 507 4043 scriptoris
534 3983 641 4023 rerum
663 3961 696 4023 in
719 3961 851 4024 diversis
875 3961 952 4024 locis
976 3968 1303 4030 commemoratarum
1325 3988 1384 4030 nie

303 4181 327 4247 *l
342 4181 461 4249 [Fcl'ellit
478 4182 621 4235 memoria.
646 4180 729 4235 Vclut
747 4182 822 4251 apud
839 4180 992 4235 Diodorum
1009 4180 1055 4245 IV,
1073 4188 1105 4235 51
1124 4181 1222 4252 ipsum
1240 4185 1331 4241 habes
1349 4188 1385 4241 είς

234 4277 289 4339 τὴν
303 4276 386 4327 πόλιν
399 4274 535 4339 είςβαλεῑν
554 4278 733 4341 (qumquam
750 4274 789 4328 ibi
802 4293 874 4328 nunc
887 4274 978 4328 oditur
997 4277 1147 4341 ἐμβαλεῖν),
1169 4278 1287 4347 aliaque
1300 4299 1385 4335 exoni-

235 4365 283 4434 pla
301 4367 375 4433 apud
393 4367 528 4420 Thesauri
547 4367 729 4435 Stephanium
753 4368 873 4421 aditores
892 4371 911 4421 t.
932 4368 970 4419 ΙΙΙ
988 4386 1015 4436 p.
1036 4370 1105 4436 310]
