2880 4994
192 330 279 394 ‘aaa
666 347 712 393 66
735 346 904 394 Anemosa

217 499 249 562 h.
273 520 300 562 6.
326 505 513 579 olappitcr,
539 505 654 563 retinam
677 505 759 563 111166
777 507 871 575 llam!
914 498 1085 574 Quaeritur
1107 501 1185 583 ianr,
1208 501 1281 585 quid
1302 525 1346 565 ne·

217 609 298 693 getii
321 612 438 692 agant,
468 631 545 692 quos
568 609 711 672 videmus
740 609 781 672 ab
802 613 937 692 utraque
960 614 1052 693 parte
1076 611 1201 675 arboris
1229 612 1348 676 alicuius

218 720 295 782 (tuos
318 718 463 783 homines
486 719 572 782 sellis
595 709 781 782 insidentes.
826 718 902 783 Non
924 724 1030 802 potest
1058 724 1172 784 nostra
1201 723 1348 785 sententia

218 829 357 892 dubitari
380 830 458 913 quin
480 831 550 893 olea
572 831 846 913 repraesentetur,
871 830 960 893 cuius
981 830 1145 894 fructuum
1168 831 1262 895 modo
1283 854 1348 895 mes·

218 940 262 1003 sis
298 939 386 1003 facta
419 940 471 1002 sit.
516 939 628 1022 Neque
663 939 749 1003 enim
782 939 846 1002 alia
878 941 943 1002 ulla
978 941 1073 1004 arbor
1105 941 1186 1024 fuit,
1227 964 1244 1005 6
1276 943 1350 1005 cuius

219 1053 353 1133 quaestu
375 1053 507 1132 repente
529 1049 707 1113 redundare
729 1049 861 1113 divitiae
883 1053 1029 1133 possent:
1058 1050 1091 1114 id
1120 1051 1206 1135 qnod
1229 1052 1262 1115 in
1283 1074 1350 1115 mer-

221 1163 364 1224 caturam
386 1160 539 1223 olcariam
567 1160 679 1223 cadere
706 1164 742 1222 nt
771 1160 854 1244 quod
881 1160 1019 1224 maxime
1053 1164 1086 1223 et
1112 1166 1229 1225 notum
1256 1167 1301 1225 est
1326 1167 1351 1224 et

221 1271 383 1335 commode
406 1270 556 1354 cognosci
583 1291 621 1333 61
644 1269 798 1334 Boeckhii
820 1270 902 1334 libro
924 1274 1031 1354 potest
1060 1293 1123 1354 quo
1146 1273 1353 1336 oeconomiam

220 1383 382 1467 publicam
394 1381 534 1446 civitatis
546 1380 793 1445 Atheniensium
807 1380 989 1464 illustravit,
1006 1381 1068 1445 vol.
1079 1381 1096 1444 I
1110 1404 1143 1464 p.
1156 1383 1218 1447 109
1231 1381 1352 1468 [140611.

221 1493 291 1579 alt]
325 1493 376 1556 lta
398 1495 504 1556 autem
533 1513 574 1555 116
602 1490 680 1554 illud
709 1491 836 1574 quidem
857 1491 953 1574 latet,
988 1514 1043 1555 cur
1073 1497 1173 1576 caput
1201 1494 1352 1576 utriusque

221 1603 358 1666 hominis
382 1603 493 1687 (liccat
516 1602 599 1666 enim
624 1602 744 1685 aliquid
766 1623 921 1685 occupare
944 1623 982 1665 ex
1006 1602 1107 1666 altero
1131 1604 1248 1690 latere)
1279 1625 1354 1667 6616

221 1718 334 1777 natnm
352 1713 583 1797 conspiciatur3
607 1734 700 1795 quem
718 1712 758 1775 ad
774 1712 901 1775 modum
917 1712 1003 1776 enim
1025 1713 1079 1796 qui
1100 1714 1296 1778 vindemiam
1316 1714 1354 1776 l·

223 1825 322 1905 ciunt,
346 1823 439 1886 sertis
462 1823 641 1907 pampineis
664 1823 828 1886 redimitos
855 1844 949 1906 saepe
977 1824 1155 1906 reperimus
1185 1825 1222 1889 in
1252 1826 1355 1889 veteris

223 1935 302 1998 artis
334 1935 567 2017 monumentis,
603 1934 649 1997 ita
682 1934 859 1998 olivitatcm
893 1955 953 2017 par
986 1937 1035 1998 est
1067 1934 1183 1999 fronde
1219 1936 1356 2020 oleagina

115 2121 118 2126 Ι
156 2059 203 2108 187
222 2045 409 2128 significari.
447 2043 565 2108 Verum
589 2044 736 2127 fallatur,
766 2045 820 2129 qui
842 2045 944 2128 ipsam
967 2044 1078 2108 messis
1100 2044 1272 2110 faciendae
1293 2067 1356 2130 ope·

126 2149 130 2160 ’
222 2178 293 2219 ram
314 2155 375 2219 hac
397 2155 522 2240 pictura
546 2155 679 2238 exprimi
703 2155 873 2219 existimet.
897 2154 1033 2219 Peracta
1056 2158 1104 2218 est
1127 2157 1258 2238 messis,
1281 2178 1358 2240 pres-

223 2290 293 2330 sum
315 2267 378 2329 iarn
401 2265 490 2349 prelo
512 2266 615 2329 oleum
644 2287 682 2329 ex
713 2266 815 2330 olivis
860 2265 945 2329 Nam
979 2286 1016 2329 6ο
1044 2270 1239 2349 occupatum
1271 2267 1360 2331 domi-

224 2400 301 2441 num
334 2376 444 2440 oliveti
477 2375 635 2469 videmus,
672 2379 709 2439 ut
744 2377 894 2439 haustum
927 2397 965 2439 ex
1001 2377 1109 2460 ampla
1141 2377 1296 2461 amphora
1326 2377 1361 2440 ad

224 2486 320 2570 pedes
342 2486 448 2569 posita
471 2487 574 2550 oleum
602 2508 659 2569 per
689 2485 927 2550 infundibulum
950 2486 1071 2549 curiose
1099 2508 1138 2551 ac
1170 2489 1307 2552 sollicite
1332 2489 1362 2551 in

225 2598 388 2660 vasculum
411 2597 584 2680 immittat,
608 2600 659 2679 ut,
683 2599 837 2680 qnantum
860 2597 990 2661 tandem
1013 2597 1055 2659 sit
1078 2597 1163 2680 quod
1186 2599 1269 2662 lucri
1290 2601 1364 2661 fece-

225 2709 284 2790 rit,
324 2706 486 2771 metiendo
520 2707 672 2789 exploret.
719 2706 787 2770 Nec
821 2708 907 2770 enim
939 2708 1037 2771 alium
1070 2730 1167 2790 quam
1202 2729 1366 2772 mensurae

226 2841 318 2883 risum
345 2817 463 2881 habere
496 2817 659 2881 vasculum
692 2817 770 2880 illud
804 2820 919 2900 potest.
965 2816 1124 2892 Quoniam
1159 2821 1285 2901 autem,
1318 2819 1367 2902 qui

226 2953 293 2994 rem
315 2928 469 3013 liquidam
491 2950 648 3012 quamque
677 2928 746 2991 vult
773 2928 895 3010 metiri,
925 2929 1106 2991 necessario
1135 2928 1262 2993 duobus
1290 2930 1368 2992 vasis

227 3063 305 3124 opus
329 3040 442 3124 habet,
467 3039 568 3102 altero
591 3060 608 3101 6
630 3060 692 3122 quo
713 3038 855 3102 nondum
878 3059 1022 3102 mensam
1044 3038 1192 3122 hauriat,
1220 3041 1322 3103 altero
1339 3040 1370 3102 in

228 3151 310 3234 quod
334 3150 486 3214 infundat
508 3150 696 3232 dimensam,
720 3171 786 3212 non
809 3149 926 3213 oblitus
949 3153 997 3212 est
1018 3148 1124 3232 pictor
1148 3149 1289 3213 alteram
1311 3173 1371 3213 am·

229 3261 362 3346 phoram
385 3261 580 3324 simillimam
603 3281 764 3343 apponere
793 3260 833 3322 ad
855 3259 951 3342 pedes
980 3258 1109 3322 alterius
1138 3258 1284 3324 hominis
1311 3261 1372 3322 sive

230 3373 326 3436 amici
356 3373 424 3435 sive
452 3370 620 3455 participis
648 3370 734 3433 illius
756 3370 894 3454 negotii,
924 3368 1127 3454 quiquidem
1151 3370 1282 3433 laevum
1309 3370 1375 3433 bra-

231 3483 335 3547 chium
358 3481 496 3567 porrigit
518 3503 647 3564 prorsus
670 3484 705 3543 ut
727 3481 780 3564 qui
803 3482 983 3562 vasculum,
1007 3479 1222 3563 simulatque
1245 3481 1373 3564 plenum

230 3594 291 3657 olei
314 3593 429 3675 fuerit,
454 3613 491 3655 61
516 3592 610 3655 6111161
632 3590 780 3654 manibus
803 3594 1006 3676 suscepturus
1029 3590 1081 3653 sit.

314 3702 469 3788 Progredi
492 3702 532 3766 ad
561 3701 717 3786 posticum
742 3701 828 3764 latus
856 3701 941 3764 licet.
987 3699 1125 3763 Eosdem
1154 3700 1200 3763 ibi
1232 3700 1377 3765 homines

229 3815 420 3898 reperimur,
450 3807 674 3896 simillimoque
702 3812 830 3893 habitu,
865 3811 928 3875 nisi
958 3810 1050 3894 quod,
1077 3810 1130 3894 qui
1155 3811 1190 3873 111
1216 3813 1377 3875 anteriore

173 3958 175 3961 ·
230 3928 322 4008 parte
347 3925 534 3987 consederat
557 3946 575 3985 a
602 3923 730 4004 dextra,
758 3944 845 3985 nunc
868 3925 933 3985 stat
960 3944 979 3984 a
1002 3920 1150 4002 sinistra,
1183 3924 1218 3983 61
1246 3926 1378 3999 vestem,

230 4057 311 4118 quae
345 4034 529 4098 sedentibus
566 4033 756 4117 complicata
789 4055 885 4116 supra
917 4033 1039 4095 femora
1072 4035 1159 4110 erat,
1196 4029 1253 4095 hic
1285 4054 1379 4115 supra

231 4167 373 4208 umerum
397 4144 536 4228 collegit.
583 4143 667 4206 Nam
691 4144 825 4207 cundem
847 4143 932 4205 huuc
961 4162 1028 4204 csse
1056 4143 1152 4222 atque
1181 4140 1296 4224 illum,
1332 4142 1379 4204 vel

231 4255 361 4338 haculo,
399 4277 492 4339 6116111
529 4259 663 4338 utroque
698 4255 768 4317 loco
805 4255 904 4334 tenet,
943 4251 1020 4335 satis
1056 4249 1218 4314 declarari
1243 4252 1378 4316 videtur.

146 4418 152 4429 .
232 4365 328 4431 Cuius
352 4365 454 4429 baculi
478 4388 568 4429 usum
598 4365 638 4429 ad
661 4363 867 4428 decutiendus
896 4362 934 4425 de
963 4362 1074 4425 arbore
1102 4363 1252 4427 maturbs
1281 4363 1380 4429 olivas
