2904 4996
488 348 648 396 scuauus
671 347 844 395 carmena.
1177 327 1238 391 719

93 501 208 564 matris
230 502 263 564 et
285 500 386 583 patris
408 522 494 564 mors
517 501 558 564 ab
581 500 691 563 Aiacis
715 501 809 583 culpa
837 519 966 581 prorsus
989 497 1185 583 disiungitur
1207 503 1239 563 et

93 612 158 675 alio
181 611 318 695 quodam
340 611 409 675 fato
438 611 533 696 (ἄλλῃ
556 611 664 695 μοίρᾳ)
687 609 841 674 accidisse
863 608 995 691 dicitur,
1024 609 1159 672 multum
1181 610 1238 672 irn-

93 721 251 785 minuitur
272 743 310 785 ac
332 743 435 805 paene
458 722 589 786 diluitur
610 721 755 806 gravitas
783 724 816 783 et
845 719 1006 783 evidentia
1034 724 1238 803 argumenta·

93 831 194 894 tionis
216 831 414 895 Tecmessae.

180 941 261 1005 Illuc
294 944 445 1005 revertor.
497 941 593 1024 Apud
621 941 861 1005 Anacreontem
890 941 975 1004 enim
1004 940 1031 1003 si
1058 942 1129 1024 quis
1158 940 1238 1005 desi-

94 1051 185 1115 deret
207 1052 267 1117 οάν
290 1052 467 1135 particulae
494 1051 723 1135 ligamentum,
753 1051 900 1115 invectae
928 1052 962 1114 ni
984 1050 1080 1114 fallor
1101 1073 1120 1114 a
1142 1051 1239 1115 libra-

95 1161 168 1243 riis,
198 1162 382 1226 recordetur
409 1183 526 1245 quaeso
554 1162 618 1225 alia
646 1161 803 1245 quaedam
824 1162 1113 1225 Anacreontiomm
1136 1183 1239 1225 exem·

95 1271 162 1354 pla.
201 1270 299 1335 Velut
320 1272 471 1335 carminis
492 1271 569 1335 XIX
590 1295 620 1336 v.
638 1272 658 1336 6
681 1294 753 1336 cum
776 1271 936 1335 conclusio
957 1272 1049 1335 fieret
1070 1272 1237 1355 quaedam,

94 1384 207 1445 tamen
229 1382 275 1446 sic
297 1382 422 1446 locutus
446 1385 494 1446 est
516 1386 628 1465 poeta:
660 1384 689 1448 τί
716 1403 768 1463 μοι
796 1383 938 1463 μάχειθ’,
967 1384 1102 1462 ἑταῖροι,
1131 1384 1237 1468 καύτῷ

96 1494 223 1558 θέλοντι
245 1494 364 1563 πίνειν;
386 1514 578 1577 quamquam
595 1496 759 1576 exspectes
782 1492 810 1556 τί
825 1492 886 1560 οὖν
901 1514 953 1572 μοι
975 1494 1124 1573 μάχειθε;
1146 1493 1238 1556 Adde

95 1601 222 1684 XXIV,
246 1603 277 1667 5.
301 1602 426 1685 XXVI,
451 1604 481 1667 l.
505 1602 661 1686 XXXVI,
694 1604 742 1667 10.
767 1602 856 1685 LIII,
885 1604 915 1668 5.
959 1603 1022 1667 Illa
1043 1608 1150 1668 autem
1173 1625 1238 1670 ιτε-

98 1713 210 1793 φάνου
233 1734 269 1791 με
292 1715 342 1778 καὶ
364 1715 510 1793 χορεύιω
537 1736 596 1797 pro
620 1734 655 1776 re
676 1717 755 1776 nata
777 1713 827 1776 vel
848 1713 1038 1777 tantundem
1061 1714 1170 1778 valent
1192 1718 1238 1777 at

97 1844 159 1905 que
183 1825 345 1905 (τεφάνου
368 1845 405 1903 με
427 1823 518 1888 ὅπως
541 1825 580 1889 ἂν
604 1823 764 1906 χορεύιω,
788 1823 838 1886 vel
861 1824 887 1889 εἰ
909 1828 1080 1904 ιτεφανοῑ(
1102 1846 1154 1904 με,
1182 1846 1238 1905 χο-

96 1932 200 2011 ρεύιω
224 1932 290 1997 sive
312 1935 496 2014 χορεύεαιμ’
518 1934 567 1999 ἄν.

182 2041 271 2118 Quod
300 2065 371 2107 cum
400 2045 447 2107 ita
469 2044 527 2126 sit,
557 2044 647 2129 origo
675 2044 807 2127 patefiet
828 2044 1040 2128 discrepantis
1062 2044 1238 2128 scripturae

94 2153 130 2215 in
152 2152 384 2236 Epicharmi
406 2176 498 2218 versu
521 2154 604 2236 apud
621 2155 815 2218 Aeschinem
836 2155 888 2218 vel
909 2153 1077 2218 Platonem
1099 2155 1149 2219 vel
1172 2155 1239 2239 qui-

95 2284 230 2347 cumque
252 2268 363 2329 auctor
385 2269 434 2328 est
455 2265 603 2347 Aniochi,
627 2288 659 2348 p.
683 2265 744 2329 366
767 2265 888 2349 clade
910 2263 1043 2349 Beklr.):

248 2401 268 2465 ἁ
290 2403 325 2466 δὲ
347 2402 414 2481 χεὶρ
436 2403 495 2467 τάν
519 2405 609 2481 χεῖρα
631 2401 720 2467 νίζει·
743 2401 799 2465 δόι
821 2423 849 2465 τι
871 2402 921 2466 καὶ
944 2403 1021 2481 λαβέ
1042 2423 1078 2466 τι.

94 2534 160 2624 Vbi
185 2557 255 2600 cum
283 2538 318 2600 in
348 2540 499 2619 quattuor
525 2537 682 2601 Parisinis
705 2537 805 2622 (inter
827 2558 904 2620 quos
928 2537 1167 2621 antiquissimus
1190 2542 1239 2600 est

95 2647 216 2710 saeculi
238 2646 315 2730 IX),
346 2648 447 2711 altero
469 2646 712 2711 Vindobonensi
734 2669 859 2732 unoque
882 2646 1007 2712 Veneto
1030 2648 1106 2732 (quo
1128 2652 1237 2712 tamen

95 2779 174 2821 non
197 2758 354 2822 contineri
377 2758 558 2822 Aniochum
580 2757 744 2822 Belrlrerus
766 2759 938 2841 scripserat
960 2758 1063 2842 praef.
1086 2759 1148 2822 vol.
1167 2759 1194 2842 l,
1222 2761 1235 2821 1

94 2891 128 2951 p.
153 2867 246 2954 Xlll)
269 2869 373 2951 posita
396 2870 475 2933 haec
498 2870 578 2933 sint:
616 2870 643 2934 εἰ
665 2870 760 2934 δίδωι
782 2891 820 2948 τι,
843 2872 894 2934 καὶ
917 2870 1026 2950 λάβοι(
1046 2891 1085 2947 τι,
1108 2869 1236 2932 mirabi-

96 2978 170 3041 liter
202 2978 392 3063 Spengelius
425 2980 463 3042 de
497 2980 613 3043 artium
646 2979 853 3062 scriptoribus
886 3002 917 3062 p.
947 2980 988 3042 48
1023 2979 1159 3043 coniecit
1192 2979 1236 3041 sic
1256 2994 1289 3041 25

95 3088 252 3172 scriptum
273 3089 387 3154 fuisse:
425 3090 503 3155 άδὲ
525 3091 593 3169 χεὶρ
614 3091 674 3155 τὰν
703 3094 794 3170 χεῖρα
820 3091 908 3156 νίζει·
938 3090 964 3154 εί
990 3091 1087 3154 δίδωι
1115 3111 1159 3166 τι,
1188 3091 1238 3153 καὶ

96 3200 215 3279 λάβοιε.
258 3198 298 3263 In
326 3200 440 3283 quibus
467 3200 522 3283 qui
549 3199 611 3263 duo
640 3203 715 3264 sunt
738 3222 876 3282 errores,
908 3220 1016 3262 eorum
1045 3200 1126 3263 alter
1155 3221 1237 3263 com-

96 3311 202 3372 munis
224 3309 253 3372 ei
276 3312 324 3373 est
347 3331 418 3374 cum
434 3308 611 3392 Boeckhi0,
635 3310 682 3373 sic
704 3309 892 3373 restituente
915 3310 1017 3393 praef.
1035 3310 1075 3373 ad
1098 3309 1237 3374 Simonis

8 3502 11 3507 θ
96 3418 253 3483 Socratici
275 3419 350 3483 dial.
375 3443 406 3503 p.
424 3419 595 3484 XXXVII:
619 3421 675 3485 δό(
689 3442 728 3498 τι,
751 3422 801 3484 καὶ
822 3421 934 3500 λάβοιά
957 3440 993 3485 τι.
1040 3419 1101 3483 Sed
1124 3421 1236 3500 λάβοιο

95 3550 220 3613 quoque
236 3551 327 3592 suum
341 3529 465 3613 pridem
481 3531 619 3593 arbitror
630 3529 825 3594 Boeckhium
837 3534 1043 3594 retractasse:
1059 3552 1119 3593 nec
1134 3529 1238 3614 magis

94 3639 196 3721 probo
219 3640 269 3724 (ut
283 3640 344 3704 hoc
359 3640 496 3704 strictim
512 3620 674 3726 adiciam),
698 3663 890 3725 quamquam
911 3641 946 3704 in
961 3661 1079 3724 genere
1101 3640 1238 3723 diversa,

94 3748 234 3814 aredium
257 3772 359 3834 genus
374 3751 485 3818 κτίζειν
500 3751 588 3815 verbi
603 3752 638 3814 in
653 3751 843 3834 Aeschyli
865 3773 959 3814 versu
974 3750 1237 3834 Choephoron

98 3860 191 3942 1056,
215 3860 261 3924 sic
283 3862 542 3926 reconcinnando
565 3861 658 3926 unius
681 3861 863 3926 accessione
885 3861 1061 3924 litterulae:

573 3998 688 4064 Λοξίου
711 4001 746 4062 δὲ
768 3999 950 4078 προιθιγὼν

248 4108 419 4188 ἐλεύθερόν
442 4129 475 4174 ιε
496 4112 600 4175 τῶνδε
623 4111 777 4189 πημάτων
800 4110 948 4217 uticem

91 4239 161 4306 Vbi
184 4243 345 4326 proditam
366 4246 461 4310 κιίιει
482 4245 619 4308 formam
641 4267 718 4308 nmn
740 4266 798 4327 pro
820 4243 959 4308 secunda
982 4265 1119 4326 persona
1140 4245 1236 4308 medii

90 4353 264 4437 qnisquam
286 4353 435 4417 habuerit
457 4354 554 4438 (qnod
576 4354 707 4418 minime
730 4359 778 4418 est
801 4354 995 4436 absurdum),
1019 4355 1143 4418 nescio:
1165 4359 1236 4419 tan-
