2948 4996
255 312 318 379 432
697 330 743 382 na
766 336 966 387 roaruoms

256 487 302 549 ita
336 508 377 550 ne
412 486 596 571 posterioris
624 488 751 571 quidem
784 494 928 573 tempore
961 496 1103 555 mortuus
1137 492 1287 558 Socrates
1322 496 1405 560 furt:

256 597 338 680 quod
368 619 439 660 cum
466 598 532 661 veri
560 599 602 660 sit
629 599 825 663 simillimum
853 600 984 683 iccirco,
1019 602 1094 686 quia
1128 604 1218 667 brevi
1246 607 1405 689 temporis

254 707 425 771 intervallo
457 707 596 790 priorem
633 708 752 773 distare
785 732 804 772 a
836 711 1010 793 posteriore
1042 713 1229 777 narratione
1262 719 1403 794 πρώην

256 818 408 881 vocabulo
424 818 555 882 docetur
570 842 601 902 p.
623 820 681 882 172
698 827 733 900 Α,
756 822 826 882 tum
842 821 1052 884 certissimum
1075 826 1124 886 est
1145 827 1279 906 propter
1301 827 1403 889 verba

254 952 285 1012 p.
304 929 364 993 173
380 934 408 991 J)
430 932 479 993 καὶ
495 932 598 993 δοκεῖ(
618 950 670 1009 μοι
689 929 831 1009 ἀτεχνῶ(
853 932 976 995 πάντα(
999 932 1127 997 ἀθλίου(
1149 935 1291 1011 ἡγεῑεθαι
1315 939 1403 1016 πλὴν

254 1039 460 1118 (ωκράτουε,
488 1037 520 1100 1(1
543 1039 626 1121 quod
647 1061 761 1122 parum
782 1040 945 1123 perspexit
965 1041 1077 1105 Astius
1098 1042 1138 1105 de
1160 1041 1310 1106 Platonis
1333 1045 1402 1108 ulta

254 1153 287 1212 et
308 1171 368 1212 scr.
392 1171 424 1231 p.
448 1149 521 1213 313.
557 1149 670 1233 laque
693 1171 765 1226 cum
779 1150 991 1234 Apollodorus
1014 1151 1055 1214 ad
1077 1151 1276 1216 Glauconem
1299 1155 1402 1218 verba

239 1259 333 1345 'haec
355 1259 443 1322 dicat
470 1282 501 1342 p.
530 1260 589 1323 172
613 1265 649 1322 C:
687 1262 756 1325 οὐκ
779 1261 879 1325 οἶ(θ’
902 1262 962 1325 ὅτι
985 1264 1145 1327 πολλῶν
1169 1265 1270 1330 ἐτῶν
1295 1267 1401 1342 Ἀγά·

253 1376 330 1435 θων
354 1371 493 1434 ἐνθάδε
522 1371 593 1434 οὐκ
615 1372 913 1450 ἐπιδεδήμηκεν;
941 1410 993 1454 -‚
1023 1375 1159 1455 apparet
1186 1373 1401 1458 Agathonem

254 1480 389 1563 cogitari
413 1480 510 1543 etiam
531 1483 610 1544 tunc
631 1480 747 1543 vivum.

337 1589 539 1654 Revertimur
566 1612 652 1654 nunc
681 1590 722 1654 ad
744 1591 971 1676 Aristophanis
994 1592 1060 1656 sive
1082 1592 1193 1657 Ranas
1215 1594 1283 1658 sive
1307 1595 1400 1659 scho-

252 1700 390 1764 liastam.
436 1700 554 1775 Quodsi
580 1704 723 1764 mortuus
745 1702 844 1766 fuerit
865 1702 1006 1787 Agatho,
1031 1724 1102 1766 eum
1123 1702 1238 1767 Ranae
1259 1704 1400 1768 doceba-

251 1815 319 1894 tur,
349 1812 437 1895 prior
463 1811 520 1873 illa
543 1811 729 1894 Apollodori
756 1813 900 1875 narratio
929 1812 1080 1877 acciderit
1102 1816 1230 1896 oportet
1251 1819 1331 1878 ante
1353 1817 1398 1881 ol.

252 1922 373 2005 XCIII,
401 1925 432 1986 3.
477 1921 523 1985 Vt
549 1922 649 2006 igitur
677 1945 797 1986 anuum
824 1944 980 2007 ponamus
1008 1923 1050 1987 ol.
1072 1921 1179 1987 XCIII
1207 1924 1397 2007 secundum,

251 2055 312 2118 quo
334 2033 427 2096 modo
449 2033 565 2096 multos
592 2035 669 2095 tunc
693 2055 794 2096 annos
817 2032 948 2117 Agatho
974 2034 1080 2115 potuit
1107 2033 1246 2096 Athenis
1270 2036 1396 2119 abesse,

251 2166 345 2228 quem
376 2143 512 2207 vidimus
545 2165 610 2207 non
644 2148 720 2207 ante
754 2143 795 2207 ol.
829 2142 918 2221 XCII
925 2193 934 2225 ‚
968 2145 988 2208 3
1021 2144 1060 2206 ad
1095 2142 1293 2208 Archelaum
1326 2168 1398 2209 esse

250 2254 453 2337 profectum?
476 2254 629 2338 siquidem
652 2254 826 2317 trieunimn
842 2275 861 2315 a
876 2253 964 2317 nullo
985 2275 1135 2337 umquam
1157 2257 1293 2322 πολλῶν
1311 2237 1396 2322 ἐτῶν

251 2365 380 2428 nomine
412 2365 609 2448 appellatum
636 2368 685 2428 est
714 2368 808 2447 atque
837 2365 878 2426 ab
905 2363 975 2447 ipso
1003 2363 1081 2426 adeo
1109 2362 1244 2427 Platone
1273 2387 1307 2448 p.
1334 2368 1397 2429 172

250 2481 278 2537 D
309 2479 443 2540 πολλοῖς
476 2477 575 2541 ἔτεειν
613 2475 785 2558 opponitur
821 2479 986 2558 tamquam
1018 2495 1146 2556 prorsus
1183 2475 1392 2538 contrarium.

250 2586 404 2660 Quocirca
438 2584 559 2648 Bacchi
590 2586 686 2648 verba
715 2584 797 2667 apud
832 2583 1081 2666 Aristophanem
1113 2605 1180 2647 non
1213 2584 1326 2647 dubito
1358 2586 1392 2648 iu

250 2700 467 2779 campartem
492 2695 714 2779 interpretari,
746 2698 781 2757 ut
803 2694 907 2757 lautas
931 2693 1080 2757 Archelai
1105 2694 1231 2777 epulas,
1262 2693 1304 2757 de
1324 2698 1392 2779 qui-

249 2808 307 2871 bus
329 2807 401 2869 vide
418 2807 588 2870 Aelianum
608 2806 630 2869 1.
649 2828 688 2887 1.,
712 2805 937 2888 liberalemque
960 2806 1045 2868 vitae
1068 2805 1188 2867 cultum
1211 2806 1388 2888 significari

250 2917 451 2981 contendam.
497 2918 603 3001 Atque
625 2916 709 2980 haud
740 2916 805 2979 scio
828 2937 870 2978 an
893 2915 962 2997 ipso
989 2917 1156 2994 μακάρων
1186 2915 1273 2980 vocis
1296 2916 1388 2980 inilio

197 3041 229 3088 21
249 3028 456 3092 Macedoniae
493 3027 722 3111 cogitationem
759 3026 898 3089 excitare
930 3025 1066 3088 voluerit
1101 3030 1213 3108 poeta,
1251 3049 1271 3088 a
1302 3028 1386 3089 cuius

247 3139 297 3201 vel
332 3138 559 3202 consuetudine
586 3137 636 3200 vel
665 3136 768 3220 poesis
791 3157 909 3220 genere
932 3136 998 3199 eius
1025 3135 1109 3198 modi
1137 3136 1225 3199 lusus
1257 3137 1385 3200 minime

248 3249 345 3312 alieni
367 3252 452 3312 sunt.
497 3247 603 3322 Quid?
631 3247 714 3330 quod
736 3247 770 3309 in
792 3247 862 3330 ipsa
884 3246 994 3309 fabula
1017 3245 1245 3329 Aristophanis
1268 3246 1384 3310 Hercu·

248 3360 303 3442 les,
326 3360 380 3423 ubi
404 3381 441 3422 ex
465 3357 593 3422 Baccho
620 3358 720 3421 bonos
743 3357 817 3421 huic
839 3357 947 3420 deesse
975 3360 1085 3439 poetas
1108 3356 1291 3439 audiverat,
1322 3361 1383 3420 tam

127 3547 130 3553 .
247 3489 330 3552 vere,
354 3470 408 3553 qui
430 3469 546 3532 mortui
570 3471 676 3531 esseut
698 3468 751 3552 qui
773 3467 847 3548 vivi,
873 3470 1068 3550 compertum
1090 3465 1219 3548 habuit,
1246 3472 1283 3530 ut
1304 3468 1383 3530 inter

247 3600 356 3642 omnes
390 3580 461 3644 illos
494 3579 678 3663 tragoediae
711 3581 840 3660 poetas,
875 3577 913 3640 de
946 3577 1058 3661 quibus
1092 3576 1285 3661 singillatim
1316 3599 1381 3641 eum

246 3711 397 3773 quaerere
412 3690 565 3770 ridemus,
590 3710 631 3751 ne
647 3711 746 3751 unum
762 3688 889 3772 quidem
910 3692 1055 3771 poneret,
1078 3688 1131 3770 qui
1154 3709 1229 3750 vere
1244 3691 1381 3750 mortuus

246 3803 343 3863 essct:
367 3800 405 3863 de
427 3823 489 3884 quo
507 3802 614 3862 autem
629 3821 692 3861 uno
708 3799 868 3881 paulisper
890 3798 1036 3861 dubitare
1052 3797 1192 3876 ridetur,
1216 3797 1380 3880 lophoute,

245 3910 284 3973 (11
312 3932 347 3973 10
379 3912 474 3992 plane
503 3910 596 3973 aliter
623 3909 747 3992 quacrIt
775 3911 815 3973 οὐ
845 3915 895 3992 ζῇς
929 3930 1024 3991 quam
1052 3907 1090 3970 de
1119 3907 1294 3991 Agathone
1321 3911 1380 3970 ποῦ

245 4022 342 4091 ἔετινς
372 4021 483 4104 ltaque
511 4020 662 4104 quoniam
690 4018 858 4101 Euripides
885 4018 1032 4081 fortassis
1054 4017 1119 4080 iam
1142 4017 1244 4081 altero
1266 4019 1379 4101 olymp.

245 4129 348 4196 XCIII
380 4153 465 4194 anno
491 4135 634 4194 mortuus
662 4133 725 4211 est,
760 4129 890 4213 Agatho
918 4151 983 4191 non
1012 4132 1084 4211 post
1111 4127 1152 4190 ol.
1181 4127 1290 4192 XCIII
1311 4150 1339 4189 a.
1364 4128 1376 4188 1

245 4240 390 4304 Athenas
413 4242 537 4304 videtur
559 4239 736 4323 reliquisse:
774 4240 862 4303 cuius
890 4239 1016 4322 quidem
1044 4238 1168 4301 itineris
1192 4238 1238 4302 sic
1260 4234 1378 4301 definili

244 4355 379 4432 apparet
401 4354 562 4415 recentem
584 4352 681 4413 fuisse
705 4350 889 4413 memoriam
910 4353 978 4411 tum
1000 4369 1069 4412 cum
1086 4340 1199 4411 Ranae
1215 4348 1375 4429 edebatur5
