<?xml version="1.0" encoding="UTF-8"?>
<!DOCTYPE html PUBLIC "-//W3C//DTD XHTML 1.0 Transitional//EN"
    "http://www.w3.org/TR/xhtml1/DTD/xhtml1-transitional.dtd">
<html xmlns="http://www.w3.org/1999/xhtml" xml:lang="en" lang="en">
 <head>
  <title>
</title>
<meta http-equiv="Content-Type" content="text/html;charset=utf-8" />
  <meta name='ocr-system' content='tesseract 3.04.00' />
  <meta name='ocr-capabilities' content='ocr_page ocr_carea ocr_par ocr_line ocrx_word'/>
</head>
<body>
  <div class='ocr_page' id='page_1' title='image "./fridericiritsch04wachgoog_0491.png"; bbox 0 0 2924 4996; ppageno 0'>
   <div class='ocr_carea' id='block_1_1' title="bbox 202 337 1120 410">
    <p class='ocr_par' dir='ltr' id='par_1_1' title="bbox 202 337 1120 410">
     <span class='ocr_line' id='line_1_1' title="bbox 202 337 1120 410; baseline -0.002 -9"><span class='ocrx_word' id='word_1_1' title='bbox 202 376 207 383; x_wconf 86' lang='lat'>-</span> <span class='ocrx_word' id='word_1_2' title='bbox 237 337 300 401; x_wconf 79' lang='lat'><strong>476</strong></span> <span class='ocrx_word' id='word_1_3' title='bbox 504 352 551 397; x_wconf 84' lang='lat' dir='ltr'><strong>uu</strong></span> <span class='ocrx_word' id='word_1_4' title='bbox 571 349 801 399; x_wconf 76' lang='lat' dir='ltr'><strong>unsuuaums</strong></span> <span class='ocrx_word' id='word_1_5' title='bbox 824 348 1120 410; x_wconf 76' lang='lat' dir='ltr'><strong>surtovmanavs</strong></span> 
     </span>
    </p>
   </div>
   <div class='ocr_carea' id='block_1_2' title="bbox 157 502 1423 4435">
    <p class='ocr_par' dir='ltr' id='par_1_2' title="bbox 237 502 1423 1246">
     <span class='ocr_line' id='line_1_2' title="bbox 238 502 1366 588; baseline -0.003 -19"><span class='ocrx_word' id='word_1_6' title='bbox 238 506 289 568; x_wconf 88' lang='lat' dir='ltr'><strong>vel</strong></span> <span class='ocrx_word' id='word_1_7' title='bbox 312 506 379 588; x_wconf 90' lang='lat' dir='ltr'><strong>ipse</strong></span> <span class='ocrx_word' id='word_1_8' title='bbox 402 504 513 569; x_wconf 88' lang='lat' dir='ltr'>Vrsini</span> <span class='ocrx_word' id='word_1_9' title='bbox 541 503 705 568; x_wconf 88' lang='lat' dir='ltr'><strong>Romanus</strong></span> <span class='ocrx_word' id='word_1_10' title='bbox 734 504 798 567; x_wconf 89' lang='lat' dir='ltr'><strong>iam</strong></span> <span class='ocrx_word' id='word_1_11' title='bbox 826 504 866 567; x_wconf 90' lang='lat' dir='ltr'><strong>ab</strong></span> <span class='ocrx_word' id='word_1_12' title='bbox 889 502 977 586; x_wconf 88' lang='lat' dir='ltr'><strong>Lapo</strong></span> <span class='ocrx_word' id='word_1_13' title='bbox 1005 523 1074 566; x_wconf 91' lang='lat' dir='ltr'><strong>esse</strong></span> <span class='ocrx_word' id='word_1_14' title='bbox 1097 506 1268 587; x_wconf 89' lang='lat' dir='ltr'><strong>usurpatus</strong></span> <span class='ocrx_word' id='word_1_15' title='bbox 1288 504 1366 586; x_wconf 89' lang='lat' dir='ltr'><em>pute·</em></span> 
     </span>
     <span class='ocr_line' id='line_1_3' title="bbox 238 613 1368 706; baseline -0.004 -27"><span class='ocrx_word' id='word_1_16' title='bbox 238 619 301 679; x_wconf 88' lang='lat' dir='ltr'><em>tur.</em></span> <span class='ocrx_word' id='word_1_17' title='bbox 347 615 447 706; x_wconf 82' lang='lat' dir='ltr'><strong>Atqui</strong></span> <span class='ocrx_word' id='word_1_18' title='bbox 475 618 551 697; x_wconf 87' lang='lat' dir='ltr'><strong>hoe,</strong></span> <span class='ocrx_word' id='word_1_19' title='bbox 580 613 663 698; x_wconf 88' lang='lat' dir='ltr'><strong>quod</strong></span> <span class='ocrx_word' id='word_1_20' title='bbox 684 613 797 677; x_wconf 91' lang='lat' dir='ltr'><strong>ultimo</strong></span> <span class='ocrx_word' id='word_1_21' title='bbox 819 614 889 677; x_wconf 88' lang='lat' dir='ltr'><strong>loeo</strong></span> <span class='ocrx_word' id='word_1_22' title='bbox 917 613 1024 697; x_wconf 90' lang='lat' dir='ltr'><strong>posui,</strong></span> <span class='ocrx_word' id='word_1_23' title='bbox 1055 613 1151 677; x_wconf 89' lang='lat' dir='ltr'><strong>eertis</strong></span> <span class='ocrx_word' id='word_1_24' title='bbox 1180 614 1368 698; x_wconf 72' lang='lat' dir='ltr'>argumentis</span> 
     </span>
     <span class='ocr_line' id='line_1_4' title="bbox 239 723 1423 808; baseline -0.002 -20"><span class='ocrx_word' id='word_1_25' title='bbox 239 724 452 789; x_wconf 89' lang='lat' dir='ltr'><strong>demonstrari</strong></span> <span class='ocrx_word' id='word_1_26' title='bbox 477 727 583 808; x_wconf 91' lang='lat' dir='ltr'><strong>potest</strong></span> <span class='ocrx_word' id='word_1_27' title='bbox 611 746 677 787; x_wconf 88' lang='lat' dir='ltr'><strong>nou</strong></span> <span class='ocrx_word' id='word_1_28' title='bbox 705 745 773 788; x_wconf 91' lang='lat' dir='ltr'><strong>esse</strong></span> <span class='ocrx_word' id='word_1_29' title='bbox 800 723 932 787; x_wconf 79' lang='lat' dir='ltr'><strong>facturn.</strong></span> <span class='ocrx_word' id='word_1_30' title='bbox 979 723 1019 788; x_wconf 90' lang='grc' dir='ltr'><strong>Ιιι</strong></span> <span class='ocrx_word' id='word_1_31' title='bbox 1052 724 1164 807; x_wconf 82' lang='lat' dir='ltr'>paucis</span> <span class='ocrx_word' id='word_1_32' title='bbox 1196 724 1368 787; x_wconf 77' lang='lat' dir='ltr'><strong>subsistam.</strong></span> <span class='ocrx_word' id='word_1_33' title='bbox 1415 745 1423 758; x_wconf 94' lang='lat'>·</span> 
     </span>
     <span class='ocr_line' id='line_1_5' title="bbox 240 832 1371 917; baseline -0.003 -18"><span class='ocrx_word' id='word_1_34' title='bbox 240 835 327 899; x_wconf 86' lang='lat' dir='ltr'><strong>Libri</strong></span> <span class='ocrx_word' id='word_1_35' title='bbox 349 834 396 899; x_wconf 86' lang='lat' dir='ltr'><strong>Vl</strong></span> <span class='ocrx_word' id='word_1_36' title='bbox 420 856 447 898; x_wconf 88' lang='lat' dir='ltr'><strong>e.</strong></span> <span class='ocrx_word' id='word_1_37' title='bbox 470 835 512 897; x_wconf 90' lang='lat'><strong>44</strong></span> <span class='ocrx_word' id='word_1_38' title='bbox 533 857 565 917; x_wconf 91' lang='lat' dir='ltr'><strong>p.</strong></span> <span class='ocrx_word' id='word_1_39' title='bbox 593 833 674 897; x_wconf 83' lang='lat'>1140</span> <span class='ocrx_word' id='word_1_40' title='bbox 696 834 744 896; x_wconf 92' lang='lat' dir='ltr'><strong>ed.</strong></span> <span class='ocrx_word' id='word_1_41' title='bbox 769 832 877 897; x_wconf 87' lang='lat' dir='ltr'><strong>Reisk.</strong></span> <span class='ocrx_word' id='word_1_42' title='bbox 902 855 984 916; x_wconf 90' lang='lat' dir='ltr'><strong>quae</strong></span> <span class='ocrx_word' id='word_1_43' title='bbox 1006 834 1184 897; x_wconf 78' lang='lat' dir='ltr'><strong>affertmtur</strong></span> <span class='ocrx_word' id='word_1_44' title='bbox 1202 855 1220 896; x_wconf 92' lang='lat' dir='ltr'><strong>e</strong></span> <span class='ocrx_word' id='word_1_45' title='bbox 1235 833 1371 897; x_wconf 87' lang='lat' dir='ltr'><strong>Romano</strong></span> 
     </span>
     <span class='ocr_line' id='line_1_6' title="bbox 238 942 1372 1028; baseline -0.004 -19"><span class='ocrx_word' id='word_1_46' title='bbox 238 946 321 1009; x_wconf 91' lang='lat' dir='ltr'><strong>libro</strong></span> <span class='ocrx_word' id='word_1_47' title='bbox 348 945 426 1008; x_wconf 89' lang='lat' dir='ltr'><strong>satis</strong></span> <span class='ocrx_word' id='word_1_48' title='bbox 449 944 642 1028; x_wconf 82' lang='lat' dir='ltr'><strong>singularia,</strong></span> <span class='ocrx_word' id='word_1_49' title='bbox 672 965 780 1007; x_wconf 88' lang='lat' dir='ltr'><em>eorum</em></span> <span class='ocrx_word' id='word_1_50' title='bbox 808 944 930 1007; x_wconf 89' lang='lat' dir='ltr'><strong>nullum</strong></span> <span class='ocrx_word' id='word_1_51' title='bbox 958 946 993 1007; x_wconf 92' lang='lat' dir='ltr'><strong>in</strong></span> <span class='ocrx_word' id='word_1_52' title='bbox 1021 942 1071 1006; x_wconf 89' lang='lat' dir='ltr'><strong>his</strong></span> <span class='ocrx_word' id='word_1_53' title='bbox 1093 943 1175 1026; x_wconf 87' lang='lat' dir='ltr'><strong>Lapi</strong></span> <span class='ocrx_word' id='word_1_54' title='bbox 1203 943 1227 1006; x_wconf 85' lang='lat' dir='ltr'><strong>f.</strong></span> <span class='ocrx_word' id='word_1_55' title='bbox 1252 942 1372 1010; x_wconf 76' lang='lat' dir='ltr'><strong>exva</strong></span> 
     </span>
     <span class='ocr_line' id='line_1_7' title="bbox 238 1054 1373 1139; baseline -0.003 -20"><span class='ocrx_word' id='word_1_56' title='bbox 238 1055 344 1119; x_wconf 88' lang='lat' dir='ltr'><strong>verbis</strong></span> <span class='ocrx_word' id='word_1_57' title='bbox 372 1054 543 1139; x_wconf 85' lang='lat' dir='ltr'><strong>vestigium</strong></span> <span class='ocrx_word' id='word_1_58' title='bbox 571 1057 721 1137; x_wconf 88' lang='lat' dir='ltr'><strong>apparet:</strong></span> <span class='ocrx_word' id='word_1_59' title='bbox 759 1065 788 1118; x_wconf 88' lang='lat' dir='ltr'><strong>et</strong></span> <span class='ocrx_word' id='word_1_60' title='bbox 814 1074 862 1118; x_wconf 86' lang='lat' dir='ltr'><strong>res</strong></span> <span class='ocrx_word' id='word_1_61' title='bbox 891 1060 1001 1119; x_wconf 78' lang='lat' dir='ltr'><strong>ciuium</strong></span> <span class='ocrx_word' id='word_1_62' title='bbox 1024 1059 1181 1133; x_wconf 79' lang='lat' dir='ltr'><strong>publicari</strong></span> <span class='ocrx_word' id='word_1_63' title='bbox 1203 1060 1373 1134; x_wconf 82' lang='lat' dir='ltr'><strong>postulans:</strong></span> 
     </span>
     <span class='ocr_line' id='line_1_8' title="bbox 237 1168 1374 1246; baseline -0.001 -18"><span class='ocrx_word' id='word_1_64' title='bbox 237 1171 415 1246; x_wconf 78' lang='lat' dir='ltr'><strong>probibente</strong></span> <span class='ocrx_word' id='word_1_65' title='bbox 435 1173 498 1229; x_wconf 80' lang='lat' dir='ltr'><strong>siue</strong></span> <span class='ocrx_word' id='word_1_66' title='bbox 519 1185 576 1228; x_wconf 85' lang='lat' dir='ltr'><em>nou</em></span> <span class='ocrx_word' id='word_1_67' title='bbox 594 1169 777 1246; x_wconf 82' lang='lat' dir='ltr'><strong>probibente</strong></span> <span class='ocrx_word' id='word_1_68' title='bbox 790 1185 835 1229; x_wconf 87' lang='lat' dir='ltr'><strong>eo.</strong></span> <span class='ocrx_word' id='word_1_69' title='bbox 861 1174 1047 1245; x_wconf 77' lang='lat' dir='ltr'><em>praeterque</em></span> <span class='ocrx_word' id='word_1_70' title='bbox 1061 1170 1157 1243; x_wconf 79' lang='lat' dir='ltr'><em>tepent</em></span> <span class='ocrx_word' id='word_1_71' title='bbox 1172 1170 1269 1242; x_wconf 67' lang='grc' dir='ltr'><strong>θρέττε</strong></span> <span class='ocrx_word' id='word_1_72' title='bbox 1283 1168 1374 1227; x_wconf 76' lang='lat' dir='ltr'><strong>duait-</strong></span> 
     </span>
    </p>

    <p class='ocr_par' dir='ltr' id='par_1_3' title="bbox 190 1279 1380 2460">
     <span class='ocr_line' id='line_1_9' title="bbox 190 1279 1376 1355; baseline 0.003 -21"><span class='ocrx_word' id='word_1_73' title='bbox 190 1284 221 1333; x_wconf 82' lang='lat'><strong>18</strong></span> <span class='ocrx_word' id='word_1_74' title='bbox 240 1286 365 1339; x_wconf 86' lang='lat' dir='ltr'><strong>tentem:</strong></span> <span class='ocrx_word' id='word_1_75' title='bbox 401 1296 447 1341; x_wconf 84' lang='lat' dir='ltr'><em>nro</em></span> <span class='ocrx_word' id='word_1_76' title='bbox 467 1287 574 1339; x_wconf 79' lang='lat' dir='ltr'><em>renutu</em></span> <span class='ocrx_word' id='word_1_77' title='bbox 596 1280 794 1338; x_wconf 73' lang='lat' dir='ltr'><strong>doomonte:</strong></span> <span class='ocrx_word' id='word_1_78' title='bbox 830 1295 898 1339; x_wconf 83' lang='lat' dir='ltr'><em>euru</em></span> <span class='ocrx_word' id='word_1_79' title='bbox 926 1286 1080 1355; x_wconf 80' lang='lat' dir='ltr'><em>oporteret</em></span> <span class='ocrx_word' id='word_1_80' title='bbox 1105 1280 1137 1337; x_wconf 81' lang='lat' dir='ltr'><strong>tu</strong></span> <span class='ocrx_word' id='word_1_81' title='bbox 1164 1279 1376 1353; x_wconf 70' lang='lat' dir='ltr'><strong>campestribus</strong></span> 
     </span>
     <span class='ocr_line' id='line_1_10' title="bbox 240 1383 1375 1464; baseline -0.004 -13"><span class='ocrx_word' id='word_1_82' title='bbox 240 1407 292 1451; x_wconf 89' lang='lat' dir='ltr'><strong>vos</strong></span> <span class='ocrx_word' id='word_1_83' title='bbox 318 1390 533 1464; x_wconf 76' lang='lat' dir='ltr'><strong>erroribusque</strong></span> <span class='ocrx_word' id='word_1_84' title='bbox 559 1391 697 1449; x_wconf 80' lang='lat' dir='ltr'><em>detineri.</em></span> <span class='ocrx_word' id='word_1_85' title='bbox 741 1383 862 1448; x_wconf 82' lang='lat' dir='ltr'><strong>Eadem</strong></span> <span class='ocrx_word' id='word_1_86' title='bbox 890 1383 1057 1448; x_wconf 85' lang='lat' dir='ltr'><strong>diversitas</strong></span> <span class='ocrx_word' id='word_1_87' title='bbox 1085 1406 1210 1448; x_wconf 87' lang='lat' dir='ltr'><strong>summa</strong></span> <span class='ocrx_word' id='word_1_88' title='bbox 1239 1404 1277 1447; x_wconf 83' lang='lat' dir='ltr'><strong>ex</strong></span> <span class='ocrx_word' id='word_1_89' title='bbox 1300 1405 1375 1447; x_wconf 92' lang='lat' dir='ltr'><strong>oom-</strong></span> 
     </span>
     <span class='ocr_line' id='line_1_11' title="bbox 240 1492 1376 1580; baseline -0.002 -21"><span class='ocrx_word' id='word_1_90' title='bbox 240 1496 352 1580; x_wconf 90' lang='lat' dir='ltr'><strong>positis</strong></span> <span class='ocrx_word' id='word_1_91' title='bbox 375 1495 416 1559; x_wconf 92' lang='lat' dir='ltr'><strong>ab</strong></span> <span class='ocrx_word' id='word_1_92' title='bbox 439 1495 507 1578; x_wconf 92' lang='lat' dir='ltr'><strong>ipso</strong></span> <span class='ocrx_word' id='word_1_93' title='bbox 531 1492 701 1579; x_wconf 81' lang='lat' dir='ltr'><strong>Sylburgio</strong></span> <span class='ocrx_word' id='word_1_94' title='bbox 724 1493 764 1558; x_wconf 89' lang='lat' dir='ltr'><strong>ad</strong></span> <span class='ocrx_word' id='word_1_95' title='bbox 786 1494 846 1576; x_wconf 87' lang='lat' dir='ltr'><strong>Ill,</strong></span> <span class='ocrx_word' id='word_1_96' title='bbox 872 1494 911 1559; x_wconf 89' lang='lat'><strong>16</strong></span> <span class='ocrx_word' id='word_1_97' title='bbox 931 1517 963 1578; x_wconf 88' lang='lat' dir='ltr'><strong>p.</strong></span> <span class='ocrx_word' id='word_1_98' title='bbox 985 1494 1050 1560; x_wconf 83' lang='lat'><strong>450</strong></span> <span class='ocrx_word' id='word_1_99' title='bbox 1071 1493 1110 1558; x_wconf 80' lang='lat' dir='ltr'><strong>lt.</strong></span> <span class='ocrx_word' id='word_1_100' title='bbox 1134 1494 1275 1558; x_wconf 85' lang='lat' dir='ltr'><strong>Romani</strong></span> <span class='ocrx_word' id='word_1_101' title='bbox 1299 1494 1376 1558; x_wconf 89' lang='lat' dir='ltr'><strong>eodi-</strong></span> 
     </span>
     <span class='ocr_line' id='line_1_12' title="bbox 241 1604 1377 1689; baseline -0.003 -19"><span class='ocrx_word' id='word_1_102' title='bbox 241 1606 286 1671; x_wconf 89' lang='lat' dir='ltr'><strong>eis</strong></span> <span class='ocrx_word' id='word_1_103' title='bbox 309 1609 342 1670; x_wconf 90' lang='lat' dir='ltr'><strong>et</strong></span> <span class='ocrx_word' id='word_1_104' title='bbox 363 1605 443 1689; x_wconf 83' lang='lat' dir='ltr'><strong>Lapi</strong></span> <span class='ocrx_word' id='word_1_105' title='bbox 471 1604 663 1668; x_wconf 80' lang='lat' dir='ltr'><strong>testimoniis</strong></span> <span class='ocrx_word' id='word_1_106' title='bbox 691 1605 892 1688; x_wconf 81' lang='lat' dir='ltr'><em>perspicitur.</em></span> <span class='ocrx_word' id='word_1_107' title='bbox 937 1605 1020 1669; x_wconf 89' lang='lat' dir='ltr'><strong>Item</strong></span> <span class='ocrx_word' id='word_1_108' title='bbox 1041 1604 1090 1687; x_wconf 86' lang='grc' dir='ltr'><strong>Π,</strong></span> <span class='ocrx_word' id='word_1_109' title='bbox 1125 1605 1166 1669; x_wconf 79' lang='lat'><strong>74</strong></span> <span class='ocrx_word' id='word_1_110' title='bbox 1192 1627 1226 1688; x_wconf 92' lang='lat' dir='ltr'><strong>p.</strong></span> <span class='ocrx_word' id='word_1_111' title='bbox 1250 1604 1314 1669; x_wconf 87' lang='grc'><strong>398</strong></span> <span class='ocrx_word' id='word_1_112' title='bbox 1335 1605 1377 1667; x_wconf 89' lang='lat' dir='ltr'><strong>in·</strong></span> 
     </span>
     <span class='ocr_line' id='line_1_13' title="bbox 239 1694 1378 1801; baseline -0.004 -20"><span class='ocrx_word' id='word_1_113' title='bbox 239 1721 363 1801; x_wconf 88' lang='lat' dir='ltr'><strong>terpres</strong></span> <span class='ocrx_word' id='word_1_114' title='bbox 391 1715 557 1800; x_wconf 83' lang='lat' dir='ltr'><strong>vulgatum</strong></span> <span class='ocrx_word' id='word_1_115' title='bbox 586 1715 758 1797; x_wconf 82' lang='grc' dir='ltr'>φυλάττειν</span> <span class='ocrx_word' id='word_1_116' title='bbox 788 1715 866 1780; x_wconf 87' lang='grc' dir='ltr'>αὐτὸ</span> <span class='ocrx_word' id='word_1_117' title='bbox 895 1715 934 1780; x_wconf 83' lang='grc' dir='ltr'><strong>οὗ</strong></span> <span class='ocrx_word' id='word_1_118' title='bbox 962 1717 1054 1795; x_wconf 86' lang='grc' dir='ltr'>χάριν</span> <span class='ocrx_word' id='word_1_119' title='bbox 1077 1714 1193 1796; x_wconf 90' lang='lat' dir='ltr'><strong>vertit,</strong></span> <span class='ocrx_word' id='word_1_120' title='bbox 1224 1713 1309 1798; x_wconf 88' lang='lat' dir='ltr'><strong>quod</strong></span> <span class='ocrx_word' id='word_1_121' title='bbox 1324 1694 1378 1776; x_wconf 83' lang='lat' dir='ltr'><strong>vix</strong></span> 
     </span>
     <span class='ocr_line' id='line_1_14' title="bbox 240 1823 1378 1914; baseline -0.004 -23"><span class='ocrx_word' id='word_1_122' title='bbox 240 1827 382 1911; x_wconf 90' lang='lat' dir='ltr'><em>potuerit</em></span> <span class='ocrx_word' id='word_1_123' title='bbox 403 1847 420 1889; x_wconf 94' lang='lat' dir='ltr'><strong>e</strong></span> <span class='ocrx_word' id='word_1_124' title='bbox 444 1829 594 1907; x_wconf 82' lang='lat' dir='ltr'><em>corrupta</em></span> <span class='ocrx_word' id='word_1_125' title='bbox 616 1824 690 1888; x_wconf 87' lang='lat' dir='ltr'><strong>libri</strong></span> <span class='ocrx_word' id='word_1_126' title='bbox 705 1823 844 1889; x_wconf 87' lang='lat' dir='ltr'><strong>Romani</strong></span> <span class='ocrx_word' id='word_1_127' title='bbox 866 1825 1024 1914; x_wconf 82' lang='lat' dir='ltr'><strong>scriptura</strong></span> <span class='ocrx_word' id='word_1_128' title='bbox 1047 1825 1221 1907; x_wconf 86' lang='grc' dir='ltr'>φυλάττειν</span> <span class='ocrx_word' id='word_1_129' title='bbox 1244 1824 1378 1890; x_wconf 70' lang='grc' dir='ltr'>άποτοιι</span> 
     </span>
     <span class='ocr_line' id='line_1_15' title="bbox 242 1933 1380 2019; baseline -0.004 -16"><span class='ocrx_word' id='word_1_130' title='bbox 242 1939 320 2003; x_wconf 76' lang='grc' dir='ltr'>άεου</span> <span class='ocrx_word' id='word_1_131' title='bbox 341 1938 434 2017; x_wconf 89' lang='grc' dir='ltr'>χάριν</span> <span class='ocrx_word' id='word_1_132' title='bbox 458 1934 667 1999; x_wconf 76' lang='lat' dir='ltr'><strong>coniectando</strong></span> <span class='ocrx_word' id='word_1_133' title='bbox 690 1935 825 2019; x_wconf 79' lang='lat' dir='ltr'><strong>assequi.</strong></span> <span class='ocrx_word' id='word_1_134' title='bbox 867 1933 957 2010; x_wconf 81' lang='lat' dir='ltr'><strong>Quod</strong></span> <span class='ocrx_word' id='word_1_135' title='bbox 979 1938 1086 1999; x_wconf 93' lang='lat' dir='ltr'><strong>autem</strong></span> <span class='ocrx_word' id='word_1_136' title='bbox 1108 1933 1380 1998; x_wconf 80' lang='lat' dir='ltr'><strong>Vaticanum450</strong></span> 
     </span>
     <span class='ocr_line' id='line_1_16' title="bbox 242 2044 1379 2129; baseline -0.002 -19"><span class='ocrx_word' id='word_1_137' title='bbox 242 2047 306 2111; x_wconf 87' lang='lat' dir='ltr'><strong>dixi</strong></span> <span class='ocrx_word' id='word_1_138' title='bbox 335 2045 470 2110; x_wconf 87' lang='lat' dir='ltr'><strong>eundem</strong></span> <span class='ocrx_word' id='word_1_139' title='bbox 495 2045 633 2109; x_wconf 88' lang='lat' dir='ltr'><strong>fortasse</strong></span> <span class='ocrx_word' id='word_1_140' title='bbox 662 2066 730 2108; x_wconf 91' lang='lat' dir='ltr'><strong>esse</strong></span> <span class='ocrx_word' id='word_1_141' title='bbox 759 2066 830 2109; x_wconf 90' lang='lat' dir='ltr'><strong>eum</strong></span> <span class='ocrx_word' id='word_1_142' title='bbox 858 2044 1020 2129; x_wconf 88' lang='lat' dir='ltr'><strong>Romano,</strong></span> <span class='ocrx_word' id='word_1_143' title='bbox 1050 2044 1088 2109; x_wconf 91' lang='lat' dir='ltr'><strong>de</strong></span> <span class='ocrx_word' id='word_1_144' title='bbox 1117 2045 1213 2109; x_wconf 88' lang='lat' dir='ltr'><strong>eoin</strong></span> <span class='ocrx_word' id='word_1_145' title='bbox 1235 2048 1379 2108; x_wconf 77' lang='lat' dir='ltr'><em>neutram</em></span> 
     </span>
     <span class='ocr_line' id='line_1_17' title="bbox 241 2154 1380 2242; baseline -0.005 -20"><span class='ocrx_word' id='word_1_146' title='bbox 241 2160 366 2242; x_wconf 89' lang='lat' dir='ltr'><strong>partem</strong></span> <span class='ocrx_word' id='word_1_147' title='bbox 388 2156 556 2242; x_wconf 86' lang='lat' dir='ltr'><strong>quiequam</strong></span> <span class='ocrx_word' id='word_1_148' title='bbox 579 2155 711 2219; x_wconf 83' lang='lat' dir='ltr'><strong>definire</strong></span> <span class='ocrx_word' id='word_1_149' title='bbox 733 2154 819 2239; x_wconf 87' lang='lat' dir='ltr'><strong>licet,</strong></span> <span class='ocrx_word' id='word_1_150' title='bbox 844 2177 915 2219; x_wconf 92' lang='lat' dir='ltr'><strong>oum</strong></span> <span class='ocrx_word' id='word_1_151' title='bbox 937 2177 998 2220; x_wconf 90' lang='lat' dir='ltr'><strong>nee</strong></span> <span class='ocrx_word' id='word_1_152' title='bbox 1019 2155 1074 2219; x_wconf 91' lang='lat' dir='ltr'><strong>ille</strong></span> <span class='ocrx_word' id='word_1_153' title='bbox 1095 2155 1160 2219; x_wconf 90' lang='lat' dir='ltr'><strong>nisi</strong></span> <span class='ocrx_word' id='word_1_154' title='bbox 1181 2155 1218 2219; x_wconf 91' lang='lat' dir='ltr'><strong>in</strong></span> <span class='ocrx_word' id='word_1_155' title='bbox 1232 2154 1281 2219; x_wconf 88' lang='lat' dir='ltr'><strong>XI</strong></span> <span class='ocrx_word' id='word_1_156' title='bbox 1303 2155 1380 2218; x_wconf 91' lang='lat' dir='ltr'><strong>libro</strong></span> 
     </span>
     <span class='ocr_line' id='line_1_18' title="bbox 241 2249 1379 2350; baseline -0.004 -18"><span class='ocrx_word' id='word_1_157' title='bbox 241 2269 309 2332; x_wconf 89' lang='lat' dir='ltr'><strong>solo</strong></span> <span class='ocrx_word' id='word_1_158' title='bbox 331 2289 350 2332; x_wconf 86' lang='lat' dir='ltr'><strong>a</strong></span> <span class='ocrx_word' id='word_1_159' title='bbox 373 2249 532 2350; x_wconf 85' lang='lat' dir='ltr'><strong>quoquam</strong></span> <span class='ocrx_word' id='word_1_160' title='bbox 553 2266 717 2349; x_wconf 85' lang='lat' dir='ltr'><strong>inspectus</strong></span> <span class='ocrx_word' id='word_1_161' title='bbox 740 2266 797 2348; x_wconf 91' lang='lat' dir='ltr'><strong>sit,</strong></span> <span class='ocrx_word' id='word_1_162' title='bbox 828 2287 889 2329; x_wconf 88' lang='lat' dir='ltr'><strong>nee</strong></span> <span class='ocrx_word' id='word_1_163' title='bbox 916 2265 1008 2329; x_wconf 90' lang='lat' dir='ltr'><strong>huius</strong></span> <span class='ocrx_word' id='word_1_164' title='bbox 1031 2265 1066 2329; x_wconf 90' lang='lat' dir='ltr'><strong>in</strong></span> <span class='ocrx_word' id='word_1_165' title='bbox 1088 2265 1199 2329; x_wconf 87' lang='lat' dir='ltr'><strong>eodem</strong></span> <span class='ocrx_word' id='word_1_166' title='bbox 1223 2264 1281 2328; x_wconf 92' lang='lat' dir='ltr'><strong>illo</strong></span> <span class='ocrx_word' id='word_1_167' title='bbox 1302 2265 1379 2328; x_wconf 92' lang='lat' dir='ltr'><strong>libro</strong></span> 
     </span>
     <span class='ocr_line' id='line_1_19' title="bbox 241 2375 1380 2460; baseline -0.004 -19"><span class='ocrx_word' id='word_1_168' title='bbox 241 2380 369 2460; x_wconf 87' lang='lat' dir='ltr'><strong>praeter</strong></span> <span class='ocrx_word' id='word_1_169' title='bbox 400 2399 499 2441; x_wconf 90' lang='lat' dir='ltr'><strong>unum</strong></span> <span class='ocrx_word' id='word_1_170' title='bbox 531 2376 648 2440; x_wconf 89' lang='lat' dir='ltr'><strong>duosve</strong></span> <span class='ocrx_word' id='word_1_171' title='bbox 682 2376 768 2439; x_wconf 83' lang='lat' dir='ltr'><strong>locos</strong></span> <span class='ocrx_word' id='word_1_172' title='bbox 802 2375 887 2458; x_wconf 90' lang='lat' dir='ltr'><strong>apud</strong></span> <span class='ocrx_word' id='word_1_173' title='bbox 918 2375 1123 2460; x_wconf 84' lang='lat' dir='ltr'><strong>Sylburgium</strong></span> <span class='ocrx_word' id='word_1_174' title='bbox 1154 2375 1279 2438; x_wconf 89' lang='lat' dir='ltr'><strong>mentio</strong></span> <span class='ocrx_word' id='word_1_175' title='bbox 1311 2376 1380 2438; x_wconf 88' lang='lat' dir='ltr'><strong>fiat:</strong></span> 
     </span>
    </p>

    <p class='ocr_par' dir='ltr' id='par_1_4' title="bbox 178 2483 1384 3338">
     <span class='ocr_line' id='line_1_20' title="bbox 178 2483 1381 2571; baseline -0.002 -22"><span class='ocrx_word' id='word_1_176' title='bbox 178 2501 183 2505; x_wconf 83' lang='grc'><strong><em>·</em></strong></span> <span class='ocrx_word' id='word_1_177' title='bbox 242 2487 355 2571; x_wconf 90' lang='lat' dir='ltr'><strong>quibus</strong></span> <span class='ocrx_word' id='word_1_178' title='bbox 379 2508 457 2549; x_wconf 91' lang='lat' dir='ltr'><strong>sane</strong></span> <span class='ocrx_word' id='word_1_179' title='bbox 479 2487 557 2550; x_wconf 88' lang='lat' dir='ltr'><strong>loeis</strong></span> <span class='ocrx_word' id='word_1_180' title='bbox 580 2487 621 2549; x_wconf 91' lang='lat' dir='ltr'><strong>ab</strong></span> <span class='ocrx_word' id='word_1_181' title='bbox 643 2485 793 2550; x_wconf 78' lang='lat' dir='ltr'><strong>Vaticani</strong></span> <span class='ocrx_word' id='word_1_182' title='bbox 818 2486 971 2550; x_wconf 89' lang='lat' dir='ltr'><strong>memoria</strong></span> <span class='ocrx_word' id='word_1_183' title='bbox 993 2506 1059 2549; x_wconf 90' lang='lat' dir='ltr'><strong>non</strong></span> <span class='ocrx_word' id='word_1_184' title='bbox 1081 2484 1226 2548; x_wconf 88' lang='lat' dir='ltr'><strong>dissidet.</strong></span> <span class='ocrx_word' id='word_1_185' title='bbox 1258 2483 1323 2548; x_wconf 85' lang='lat' dir='ltr'><em>Sed</em></span> <span class='ocrx_word' id='word_1_186' title='bbox 1344 2484 1381 2547; x_wconf 90' lang='lat' dir='ltr'><strong>ab</strong></span> 
     </span>
     <span class='ocr_line' id='line_1_21' title="bbox 241 2593 1380 2679; baseline -0.002 -19"><span class='ocrx_word' id='word_1_187' title='bbox 241 2597 321 2679; x_wconf 91' lang='lat' dir='ltr'><strong>Lapi</strong></span> <span class='ocrx_word' id='word_1_188' title='bbox 355 2595 482 2679; x_wconf 88' lang='lat' dir='ltr'><strong>quidem</strong></span> <span class='ocrx_word' id='word_1_189' title='bbox 514 2595 723 2660; x_wconf 86' lang='lat' dir='ltr'><strong>similitudine</strong></span> <span class='ocrx_word' id='word_1_190' title='bbox 750 2616 849 2679; x_wconf 89' lang='lat' dir='ltr'><em>prope</em></span> <span class='ocrx_word' id='word_1_191' title='bbox 878 2596 989 2659; x_wconf 88' lang='lat' dir='ltr'><strong>abesse</strong></span> <span class='ocrx_word' id='word_1_192' title='bbox 1017 2594 1152 2658; x_wconf 91' lang='lat' dir='ltr'><strong>eundem</strong></span> <span class='ocrx_word' id='word_1_193' title='bbox 1174 2593 1380 2675; x_wconf 76' lang='lat' dir='ltr'><strong>Vaticanum,</strong></span> 
     </span>
     <span class='ocr_line' id='line_1_22' title="bbox 240 2703 1380 2789; baseline -0.002 -20"><span class='ocrx_word' id='word_1_194' title='bbox 240 2706 272 2769; x_wconf 91' lang='lat' dir='ltr'><strong>id</strong></span> <span class='ocrx_word' id='word_1_195' title='bbox 296 2712 371 2769; x_wconf 88' lang='lat' dir='ltr'><strong>vero</strong></span> <span class='ocrx_word' id='word_1_196' title='bbox 394 2727 465 2769; x_wconf 88' lang='lat' dir='ltr'><strong>eum</strong></span> <span class='ocrx_word' id='word_1_197' title='bbox 487 2706 554 2789; x_wconf 90' lang='lat' dir='ltr'><strong>ipse</strong></span> <span class='ocrx_word' id='word_1_198' title='bbox 576 2706 748 2770; x_wconf 89' lang='lat' dir='ltr'><strong>Hudsonus</strong></span> <span class='ocrx_word' id='word_1_199' title='bbox 770 2705 907 2769; x_wconf 88' lang='lat' dir='ltr'><strong>senserit</strong></span> <span class='ocrx_word' id='word_1_200' title='bbox 932 2704 1034 2788; x_wconf 86' lang='lat' dir='ltr'><strong>praef.</strong></span> <span class='ocrx_word' id='word_1_201' title='bbox 1062 2726 1093 2787; x_wconf 94' lang='lat' dir='ltr'><em>p.</em></span> <span class='ocrx_word' id='word_1_202' title='bbox 1121 2703 1233 2767; x_wconf 83' lang='lat' dir='ltr'>XXIX</span> <span class='ocrx_word' id='word_1_203' title='bbox 1261 2703 1380 2784; x_wconf 71' lang='lat' dir='ltr'><strong>Reislr,</strong></span> 
     </span>
     <span class='ocr_line' id='line_1_23' title="bbox 241 2798 1381 2901; baseline -0.003 -21"><span class='ocrx_word' id='word_1_204' title='bbox 241 2820 310 2880; x_wconf 91' lang='lat' dir='ltr'><strong>tum</strong></span> <span class='ocrx_word' id='word_1_205' title='bbox 332 2816 420 2880; x_wconf 95' lang='lat' dir='ltr'><strong>nullo</strong></span> <span class='ocrx_word' id='word_1_206' title='bbox 447 2798 578 2901; x_wconf 80' lang='lat' dir='ltr'><strong>negotio</strong></span> <span class='ocrx_word' id='word_1_207' title='bbox 600 2816 650 2880; x_wconf 93' lang='lat' dir='ltr'><strong>vel</strong></span> <span class='ocrx_word' id='word_1_208' title='bbox 673 2838 712 2879; x_wconf 86' lang='lat' dir='ltr'><strong>ex</strong></span> <span class='ocrx_word' id='word_1_209' title='bbox 739 2814 950 2898; x_wconf 78' lang='lat' dir='ltr'><strong>discrepantis</strong></span> <span class='ocrx_word' id='word_1_210' title='bbox 976 2815 1153 2897; x_wconf 86' lang='lat' dir='ltr'><strong>scripturae</strong></span> <span class='ocrx_word' id='word_1_211' title='bbox 1181 2815 1269 2897; x_wconf 91' lang='lat' dir='ltr'><strong>apud</strong></span> <span class='ocrx_word' id='word_1_212' title='bbox 1298 2813 1381 2878; x_wconf 90' lang='lat' dir='ltr'><strong>Hud-</strong></span> 
     </span>
     <span class='ocr_line' id='line_1_24' title="bbox 242 2923 1384 3011; baseline -0.003 -21"><span class='ocrx_word' id='word_1_213' title='bbox 242 2949 355 2991; x_wconf 90' lang='lat' dir='ltr'><strong>sonum</strong></span> <span class='ocrx_word' id='word_1_214' title='bbox 381 2926 546 3011; x_wconf 85' lang='lat' dir='ltr'><strong>farragine</strong></span> <span class='ocrx_word' id='word_1_215' title='bbox 577 2926 759 3010; x_wconf 86' lang='lat' dir='ltr'><strong>intellegas.</strong></span> <span class='ocrx_word' id='word_1_216' title='bbox 804 2923 1003 3008; x_wconf 79' lang='lat' dir='ltr'><strong>Quamquam</strong></span> <span class='ocrx_word' id='word_1_217' title='bbox 1031 2926 1087 2986; x_wconf 89' lang='lat' dir='ltr'><strong>aut</strong></span> <span class='ocrx_word' id='word_1_218' title='bbox 1113 2923 1235 2987; x_wconf 90' lang='lat' dir='ltr'><strong>similes</strong></span> <span class='ocrx_word' id='word_1_219' title='bbox 1256 2927 1384 2988; x_wconf 86' lang='lat' dir='ltr'><strong>tantum</strong></span> 
     </span>
     <span class='ocr_line' id='line_1_25' title="bbox 241 3034 1383 3119; baseline -0.003 -19"><span class='ocrx_word' id='word_1_220' title='bbox 241 3038 372 3100; x_wconf 87' lang='lat' dir='ltr'><em>suerunt</em></span> <span class='ocrx_word' id='word_1_221' title='bbox 393 3039 525 3119; x_wconf 90' lang='lat' dir='ltr'><em>uterque</em></span> <span class='ocrx_word' id='word_1_222' title='bbox 548 3035 663 3118; x_wconf 82' lang='lat' dir='ltr'><strong>sodex,</strong></span> <span class='ocrx_word' id='word_1_223' title='bbox 695 3057 760 3099; x_wconf 89' lang='lat' dir='ltr'><strong>uon</strong></span> <span class='ocrx_word' id='word_1_224' title='bbox 781 3057 863 3099; x_wconf 89' lang='lat' dir='ltr'><strong>unus</strong></span> <span class='ocrx_word' id='word_1_225' title='bbox 886 3035 1041 3117; x_wconf 89' lang='lat' dir='ltr'><strong>idemque,</strong></span> <span class='ocrx_word' id='word_1_226' title='bbox 1065 3036 1210 3097; x_wconf 90' lang='lat' dir='ltr'><strong>autnon</strong></span> <span class='ocrx_word' id='word_1_227' title='bbox 1233 3034 1270 3097; x_wconf 90' lang='lat' dir='ltr'><strong>in</strong></span> <span class='ocrx_word' id='word_1_228' title='bbox 1293 3035 1383 3097; x_wconf 81' lang='lat' dir='ltr'><strong>utrius</strong></span> 
     </span>
     <span class='ocr_line' id='line_1_26' title="bbox 242 3142 1384 3229; baseline -0.004 -20"><span class='ocrx_word' id='word_1_229' title='bbox 242 3168 301 3209; x_wconf 89' lang='lat' dir='ltr'><strong>usu</strong></span> <span class='ocrx_word' id='word_1_230' title='bbox 316 3145 421 3228; x_wconf 81' lang='lat' dir='ltr'><strong>Lepus</strong></span> <span class='ocrx_word' id='word_1_231' title='bbox 437 3145 605 3229; x_wconf 78' lang='lat' dir='ltr'><strong>acquievit,</strong></span> <span class='ocrx_word' id='word_1_232' title='bbox 630 3145 685 3208; x_wconf 90' lang='lat' dir='ltr'><strong>sed</strong></span> <span class='ocrx_word' id='word_1_233' title='bbox 708 3146 844 3209; x_wconf 89' lang='lat' dir='ltr'><strong>alterum</strong></span> <span class='ocrx_word' id='word_1_234' title='bbox 872 3144 1010 3227; x_wconf 88' lang='lat' dir='ltr'><strong>aliquem</strong></span> <span class='ocrx_word' id='word_1_235' title='bbox 1038 3142 1202 3206; x_wconf 89' lang='lat' dir='ltr'><strong>interdum</strong></span> <span class='ocrx_word' id='word_1_236' title='bbox 1226 3144 1384 3208; x_wconf 79' lang='lat' dir='ltr'><strong>consuluit</strong></span> 
     </span>
     <span class='ocr_line' id='line_1_27' title="bbox 242 3252 1162 3338; baseline -0.004 -19"><span class='ocrx_word' id='word_1_237' title='bbox 242 3254 403 3319; x_wconf 86' lang='lat' dir='ltr'><strong>Vaticano</strong></span> <span class='ocrx_word' id='word_1_238' title='bbox 426 3255 596 3338; x_wconf 88' lang='lat' dir='ltr'><strong>disparem,</strong></span> <span class='ocrx_word' id='word_1_239' title='bbox 619 3255 707 3318; x_wconf 88' lang='lat' dir='ltr'><strong>velut</strong></span> <span class='ocrx_word' id='word_1_240' title='bbox 729 3277 799 3338; x_wconf 87' lang='lat' dir='ltr'><strong>cap.</strong></span> <span class='ocrx_word' id='word_1_241' title='bbox 823 3254 864 3317; x_wconf 93' lang='grc'><strong>22</strong></span> <span class='ocrx_word' id='word_1_242' title='bbox 886 3275 918 3338; x_wconf 91' lang='lat' dir='ltr'><em>p.</em></span> <span class='ocrx_word' id='word_1_243' title='bbox 941 3252 1036 3334; x_wconf 82' lang='grc'>2210,</span> <span class='ocrx_word' id='word_1_244' title='bbox 1062 3254 1101 3316; x_wconf 87' lang='grc'><strong>14</strong></span> <span class='ocrx_word' id='word_1_245' title='bbox 1122 3252 1162 3316; x_wconf 81' lang='lat' dir='ltr'><strong>R.</strong></span> 
     </span>
    </p>

    <p class='ocr_par' dir='ltr' id='par_1_5' title="bbox 242 3361 1388 3996">
     <span class='ocr_line' id='line_1_28' title="bbox 327 3361 1386 3449; baseline 0 -21"><span class='ocrx_word' id='word_1_246' title='bbox 327 3363 451 3430; x_wconf 75' lang='lat' dir='ltr'><strong>Cestius</strong></span> <span class='ocrx_word' id='word_1_247' title='bbox 479 3365 579 3449; x_wconf 81' lang='lat' dir='ltr'><strong>igitur</strong></span> <span class='ocrx_word' id='word_1_248' title='bbox 605 3364 644 3428; x_wconf 91' lang='lat' dir='ltr'><strong>de</strong></span> <span class='ocrx_word' id='word_1_249' title='bbox 666 3364 746 3448; x_wconf 84' lang='lat' dir='ltr'><strong>Lapi</strong></span> <span class='ocrx_word' id='word_1_250' title='bbox 775 3367 870 3447; x_wconf 91' lang='lat' dir='ltr'><strong>atque</strong></span> <span class='ocrx_word' id='word_1_251' title='bbox 892 3362 1002 3426; x_wconf 90' lang='lat' dir='ltr'><strong>Vrsini</strong></span> <span class='ocrx_word' id='word_1_252' title='bbox 1031 3361 1192 3426; x_wconf 80' lang='lat' dir='ltr'><strong>codicibus</strong></span> <span class='ocrx_word' id='word_1_253' title='bbox 1222 3362 1386 3440; x_wconf 86' lang='lat' dir='ltr'><strong>iudicium,</strong></span> 
     </span>
     <span class='ocr_line' id='line_1_29' title="bbox 242 3472 1386 3558; baseline -0.001 -20"><span class='ocrx_word' id='word_1_254' title='bbox 242 3475 304 3538; x_wconf 92' lang='lat' dir='ltr'><strong>nisi</strong></span> <span class='ocrx_word' id='word_1_255' title='bbox 327 3475 362 3538; x_wconf 91' lang='lat' dir='ltr'><strong>in</strong></span> <span class='ocrx_word' id='word_1_256' title='bbox 384 3475 542 3558; x_wconf 88' lang='lat' dir='ltr'><em>prioribus</em></span> <span class='ocrx_word' id='word_1_257' title='bbox 564 3495 686 3558; x_wconf 91' lang='lat' dir='ltr'><strong>quoque</strong></span> <span class='ocrx_word' id='word_1_258' title='bbox 709 3474 948 3557; x_wconf 83' lang='lat' dir='ltr'><strong>Antiquitatum</strong></span> <span class='ocrx_word' id='word_1_259' title='bbox 970 3472 1060 3536; x_wconf 91' lang='lat' dir='ltr'><strong>libris</strong></span> <span class='ocrx_word' id='word_1_260' title='bbox 1087 3472 1275 3535; x_wconf 84' lang='lat' dir='ltr'><strong>examinato</strong></span> <span class='ocrx_word' id='word_1_261' title='bbox 1298 3473 1386 3537; x_wconf 89' lang='lat' dir='ltr'><strong>Vati-</strong></span> 
     </span>
     <span class='ocr_line' id='line_1_30' title="bbox 244 3581 1387 3668; baseline -0.001 -20"><span class='ocrx_word' id='word_1_262' title='bbox 244 3607 325 3649; x_wconf 89' lang='lat' dir='ltr'><strong>eauo</strong></span> <span class='ocrx_word' id='word_1_263' title='bbox 353 3583 564 3648; x_wconf 89' lang='lat' dir='ltr'><strong>Hudsoniano</strong></span> <span class='ocrx_word' id='word_1_264' title='bbox 597 3584 695 3668; x_wconf 87' lang='lat' dir='ltr'><strong>(quod</strong></span> <span class='ocrx_word' id='word_1_265' title='bbox 727 3584 878 3648; x_wconf 87' lang='lat' dir='ltr'><strong>omissum</strong></span> <span class='ocrx_word' id='word_1_266' title='bbox 905 3582 1111 3646; x_wconf 87' lang='lat' dir='ltr'><strong>vehementer</strong></span> <span class='ocrx_word' id='word_1_267' title='bbox 1140 3581 1266 3667; x_wconf 86' lang='lat' dir='ltr'><strong>doleo),</strong></span> <span class='ocrx_word' id='word_1_268' title='bbox 1303 3605 1387 3647; x_wconf 88' lang='lat' dir='ltr'><strong>nune</strong></span> 
     </span>
     <span class='ocr_line' id='line_1_31' title="bbox 242 3690 1388 3777; baseline -0.001 -20"><span class='ocrx_word' id='word_1_269' title='bbox 242 3695 312 3757; x_wconf 90' lang='lat' dir='ltr'><strong>fieri</strong></span> <span class='ocrx_word' id='word_1_270' title='bbox 327 3715 378 3757; x_wconf 90' lang='lat' dir='ltr'><strong>res</strong></span> <span class='ocrx_word' id='word_1_271' title='bbox 393 3694 464 3776; x_wconf 89' lang='lat' dir='ltr'><strong>ipsa</strong></span> <span class='ocrx_word' id='word_1_272' title='bbox 479 3696 577 3758; x_wconf 91' lang='lat' dir='ltr'><strong>vetat.</strong></span> <span class='ocrx_word' id='word_1_273' title='bbox 615 3692 676 3757; x_wconf 85' lang='lat' dir='ltr'><strong>Sed</strong></span> <span class='ocrx_word' id='word_1_274' title='bbox 691 3694 752 3758; x_wconf 89' lang='lat' dir='ltr'><strong>hoe</strong></span> <span class='ocrx_word' id='word_1_275' title='bbox 767 3693 895 3777; x_wconf 89' lang='lat' dir='ltr'><strong>quidem</strong></span> <span class='ocrx_word' id='word_1_276' title='bbox 917 3714 956 3755; x_wconf 85' lang='lat' dir='ltr'><strong>ex</strong></span> <span class='ocrx_word' id='word_1_277' title='bbox 979 3692 1025 3755; x_wconf 87' lang='lat' dir='ltr'><strong>eis</strong></span> <span class='ocrx_word' id='word_1_278' title='bbox 1047 3712 1127 3775; x_wconf 85' lang='lat' dir='ltr'><strong>quae</strong></span> <span class='ocrx_word' id='word_1_279' title='bbox 1150 3690 1388 3775; x_wconf 83' lang='lat' dir='ltr'><strong>disputavimus</strong></span> 
     </span>
     <span class='ocr_line' id='line_1_32' title="bbox 243 3800 1388 3887; baseline 0.001 -21"><span class='ocrx_word' id='word_1_280' title='bbox 243 3824 399 3887; x_wconf 87' lang='lat' dir='ltr'><strong>apparere</strong></span> <span class='ocrx_word' id='word_1_281' title='bbox 421 3807 514 3886; x_wconf 89' lang='lat' dir='ltr'><em>puto,</em></span> <span class='ocrx_word' id='word_1_282' title='bbox 546 3803 572 3866; x_wconf 90' lang='lat' dir='ltr'><strong>si</strong></span> <span class='ocrx_word' id='word_1_283' title='bbox 595 3824 661 3866; x_wconf 87' lang='lat' dir='ltr'><strong>non</strong></span> <span class='ocrx_word' id='word_1_284' title='bbox 683 3802 760 3886; x_wconf 93' lang='lat' dir='ltr'><strong>du0,</strong></span> <span class='ocrx_word' id='word_1_285' title='bbox 792 3807 826 3866; x_wconf 90' lang='lat' dir='ltr'><strong>at</strong></span> <span class='ocrx_word' id='word_1_286' title='bbox 848 3824 947 3866; x_wconf 92' lang='lat' dir='ltr'><strong>unum</strong></span> <span class='ocrx_word' id='word_1_287' title='bbox 970 3805 1055 3866; x_wconf 86' lang='lat' dir='ltr'><em>certe</em></span> <span class='ocrx_word' id='word_1_288' title='bbox 1076 3800 1139 3864; x_wconf 92' lang='lat' dir='ltr'><strong>XV</strong></span> <span class='ocrx_word' id='word_1_289' title='bbox 1161 3804 1195 3865; x_wconf 91' lang='lat' dir='ltr'><strong>et</strong></span> <span class='ocrx_word' id='word_1_290' title='bbox 1218 3800 1300 3866; x_wconf 87' lang='lat' dir='ltr'><strong>XVI</strong></span> <span class='ocrx_word' id='word_1_291' title='bbox 1324 3824 1388 3867; x_wconf 86' lang='lat' dir='ltr'><strong>sae</strong></span> 
     </span>
     <span class='ocr_line' id='line_1_33' title="bbox 244 3911 1388 3996; baseline 0 -19"><span class='ocrx_word' id='word_1_292' title='bbox 244 3914 323 3978; x_wconf 84' lang='lat' dir='ltr'><strong>aulis</strong></span> <span class='ocrx_word' id='word_1_293' title='bbox 350 3915 385 3977; x_wconf 88' lang='lat' dir='ltr'><strong>in</strong></span> <span class='ocrx_word' id='word_1_294' title='bbox 406 3913 567 3977; x_wconf 81' lang='lat' dir='ltr'><strong>Vaticana</strong></span> <span class='ocrx_word' id='word_1_295' title='bbox 594 3911 789 3976; x_wconf 77' lang='lat' dir='ltr'><strong>bibliotheca</strong></span> <span class='ocrx_word' id='word_1_296' title='bbox 811 3912 958 3996; x_wconf 88' lang='lat' dir='ltr'><strong>Dionysii</strong></span> <span class='ocrx_word' id='word_1_297' title='bbox 987 3912 1103 3975; x_wconf 90' lang='lat' dir='ltr'><strong>librum</strong></span> <span class='ocrx_word' id='word_1_298' title='bbox 1125 3932 1185 3973; x_wconf 90' lang='lat' dir='ltr'><strong>ms.</strong></span> <span class='ocrx_word' id='word_1_299' title='bbox 1212 3912 1388 3995; x_wconf 84' lang='lat' dir='ltr'><strong>exstitisse,</strong></span> 
     </span>
    </p>

    <p class='ocr_par' dir='ltr' id='par_1_6' title="bbox 157 4010 1393 4435">
     <span class='ocr_line' id='line_1_34' title="bbox 157 4010 1391 4106; baseline -0.003 -16"><span class='ocrx_word' id='word_1_300' title='bbox 157 4010 164 4023; x_wconf 52' lang='lat'><em>⁶</em></span> <span class='ocrx_word' id='word_1_301' title='bbox 244 4025 332 4090; x_wconf 88' lang='lat' dir='ltr'><strong>euius</strong></span> <span class='ocrx_word' id='word_1_302' title='bbox 364 4023 420 4086; x_wconf 89' lang='lat' dir='ltr'><strong>illa</strong></span> <span class='ocrx_word' id='word_1_303' title='bbox 453 4025 565 4106; x_wconf 91' lang='lat' dir='ltr'><strong>postea</strong></span> <span class='ocrx_word' id='word_1_304' title='bbox 598 4025 756 4086; x_wconf 78' lang='lat' dir='ltr'><strong>iacturam</strong></span> <span class='ocrx_word' id='word_1_305' title='bbox 788 4023 911 4086; x_wconf 89' lang='lat' dir='ltr'><strong>feeerit.</strong></span> <span class='ocrx_word' id='word_1_306' title='bbox 955 4021 996 4085; x_wconf 89' lang='lat' dir='ltr'><strong>In</strong></span> <span class='ocrx_word' id='word_1_307' title='bbox 1025 4042 1087 4104; x_wconf 90' lang='lat' dir='ltr'><strong>quo</strong></span> <span class='ocrx_word' id='word_1_308' title='bbox 1120 4041 1242 4104; x_wconf 83' lang='lat' dir='ltr'><em>genere</em></span> <span class='ocrx_word' id='word_1_309' title='bbox 1277 4023 1391 4086; x_wconf 78' lang='lat' dir='ltr'><strong>liceret</strong></span> 
     </span>
     <span class='ocr_line' id='line_1_35' title="bbox 243 4130 1391 4217; baseline -0.001 -20"><span class='ocrx_word' id='word_1_310' title='bbox 243 4134 335 4197; x_wconf 91' lang='lat' dir='ltr'><strong>nobis</strong></span> <span class='ocrx_word' id='word_1_311' title='bbox 363 4133 460 4217; x_wconf 82' lang='lat' dir='ltr'><strong>longe</strong></span> <span class='ocrx_word' id='word_1_312' title='bbox 488 4132 586 4195; x_wconf 89' lang='lat' dir='ltr'><strong>etiam</strong></span> <span class='ocrx_word' id='word_1_313' title='bbox 614 4131 848 4196; x_wconf 87' lang='lat' dir='ltr'><strong>liberalioribus</strong></span> <span class='ocrx_word' id='word_1_314' title='bbox 876 4152 961 4213; x_wconf 88' lang='lat' dir='ltr'><strong>esse,</strong></span> <span class='ocrx_word' id='word_1_315' title='bbox 991 4130 1017 4193; x_wconf 91' lang='lat' dir='ltr'><strong>si</strong></span> <span class='ocrx_word' id='word_1_316' title='bbox 1047 4151 1123 4193; x_wconf 87' lang='lat' dir='ltr'><strong>vera</strong></span> <span class='ocrx_word' id='word_1_317' title='bbox 1146 4134 1274 4212; x_wconf 86' lang='lat' dir='ltr'><strong>essent,</strong></span> <span class='ocrx_word' id='word_1_318' title='bbox 1311 4155 1391 4216; x_wconf 91' lang='lat' dir='ltr'><strong>quae</strong></span> 
     </span>
     <span class='ocr_line' id='line_1_36' title="bbox 244 4239 1392 4324; baseline 0.002 -19"><span class='ocrx_word' id='word_1_319' title='bbox 244 4242 327 4324; x_wconf 90' lang='lat' dir='ltr'><strong>apud</strong></span> <span class='ocrx_word' id='word_1_320' title='bbox 356 4241 642 4305; x_wconf 80' lang='lat' dir='ltr'><strong>ltlontefaloonium</strong></span> <span class='ocrx_word' id='word_1_321' title='bbox 667 4241 751 4305; x_wconf 92' lang='lat' dir='ltr'><strong>Bibl.</strong></span> <span class='ocrx_word' id='word_1_322' title='bbox 780 4242 857 4304; x_wconf 90' lang='lat' dir='ltr'><strong>bibl.</strong></span> <span class='ocrx_word' id='word_1_323' title='bbox 881 4242 903 4305; x_wconf 90' lang='lat'><strong>1.</strong></span> <span class='ocrx_word' id='word_1_324' title='bbox 928 4263 955 4305; x_wconf 86' lang='lat' dir='ltr'><strong>o.</strong></span> <span class='ocrx_word' id='word_1_325' title='bbox 980 4241 1081 4305; x_wconf 85' lang='lat' dir='ltr'><strong>Lucas</strong></span> <span class='ocrx_word' id='word_1_326' title='bbox 1104 4239 1300 4305; x_wconf 89' lang='lat' dir='ltr'><strong>Holsteuius</strong></span> <span class='ocrx_word' id='word_1_327' title='bbox 1329 4265 1392 4307; x_wconf 89' lang='lat' dir='ltr'><strong>me-</strong></span> 
     </span>
     <span class='ocr_line' id='line_1_37' title="bbox 243 4349 1393 4435; baseline 0.003 -21"><span class='ocrx_word' id='word_1_328' title='bbox 243 4350 363 4415; x_wconf 89' lang='lat' dir='ltr'><strong>moriae</strong></span> <span class='ocrx_word' id='word_1_329' title='bbox 385 4350 540 4434; x_wconf 89' lang='lat' dir='ltr'><strong>prodidit,</strong></span> <span class='ocrx_word' id='word_1_330' title='bbox 570 4350 723 4415; x_wconf 83' lang='lat' dir='ltr'><strong>vanitatis</strong></span> <span class='ocrx_word' id='word_1_331' title='bbox 746 4351 906 4435; x_wconf 84' lang='lat' dir='ltr'><strong>exemplo,</strong></span> <span class='ocrx_word' id='word_1_332' title='bbox 935 4351 1017 4434; x_wconf 89' lang='lat' dir='ltr'><strong>quod</strong></span> <span class='ocrx_word' id='word_1_333' title='bbox 1045 4351 1079 4415; x_wconf 89' lang='lat' dir='ltr'><strong>in</strong></span> <span class='ocrx_word' id='word_1_334' title='bbox 1101 4349 1158 4414; x_wconf 92' lang='lat' dir='ltr'><strong>illo</strong></span> <span class='ocrx_word' id='word_1_335' title='bbox 1179 4350 1252 4417; x_wconf 90' lang='lat' dir='ltr'><strong>viro</strong></span> <span class='ocrx_word' id='word_1_336' title='bbox 1275 4352 1393 4417; x_wconf 89' lang='lat' dir='ltr'><strong>merito</strong></span> 
     </span>
    </p>
   </div>
   <div class='ocr_carea' id='block_1_3' title="bbox 0 0 1470 4996">
    <p class='ocr_par' dir='ltr' id='par_1_7' title="bbox 0 0 1470 4996">
     <span class='ocr_line' id='line_1_38' title="bbox 0 0 1470 4996; baseline 0 0"><span class='ocrx_word' id='word_1_337' title='bbox 0 0 1470 4996; x_wconf 95' lang='lat' dir='ltr'><strong> </strong></span> 
     </span>
    </p>
   </div>
  </div>
 </body>
</html>
