3008 5002
214 322 277 383 234
565 338 722 385 saurais
745 340 1005 388 11011101111

215 489 343 565 Quaest.
373 490 497 556 Callim.
527 514 558 574 p.
586 492 624 555 16
652 514 739 575 sqq.,
774 493 827 576 qui
860 493 944 556 inter
971 494 1013 557 01.
1045 495 1104 559 116
1132 498 1164 558 11
1194 495 1255 559 134
1282 517 1354 558 eam

216 607 355 684 coercet,
372 605 404 665 et
419 606 454 665 ut
469 601 594 665 videtur
609 602 777 667 Clintonus
792 602 878 667 Fast.
896 603 981 668 Hell.
999 604 1047 668 Ill
1063 627 1094 688 p.
1114 606 1163 687 15,
1186 605 1240 688 qui
1257 627 1354 689 usque

215 712 255 775 ad
283 713 324 776 ol.
357 713 415 776 137
449 712 516 776 1111
549 716 688 776 aetatem
721 713 881 796 producit:
915 715 957 778 ab
990 715 1092 778 altera
1121 718 1229 779 autem
1261 721 1355 799 parte

215 825 303 886 stant
325 821 552 906 Bernhardyus
575 823 614 887 ad
638 822 725 887 Suid.
750 846 781 907 p.
801 825 854 907 46,
880 847 950 889 cum
973 826 1014 889 ol.
1040 826 1097 889 127
1121 824 1355 891 Callimachum

214 933 384 997 admodum
405 934 640 997 adolescentem
667 934 765 997 fuisse
788 934 890 1015 dicat,
920 940 953 1000 et
974 936 1157 1020 Droysenus
1179 936 1265 1001 Hist.
1288 937 1355 1001 hel-

213 1043 517 1126 1111111111ρ.725,
535 1045 587 1127 qui
604 1045 825 1110 consentiente
837 1044 1045 1130 Bernhardyo
1061 1046 1145 1111 Hist.
1163 1048 1226 1111 litt.
1244 1069 1353 1132 graec.
1464 1056 1466 1061 '

214 1155 245 1218 11
268 1177 299 1237 p.
324 1154 406 1218 1035
429 1156 471 1219 ab
492 1155 533 1218 01.
559 1155 618 1219 125
640 1177 738 1239 usque
761 1156 861 1219 adol.
887 1156 947 1221 135
970 1178 1040 1220 eum
1063 1157 1205 1221 floruisse
1227 1158 1354 1221 statuit.

215 1265 429 1348 Antiquorum
444 1264 551 1329 111111
566 1266 757 1350 scriptorum
778 1267 977 1350 testimonia,
1002 1289 1019 1331 e
1035 1269 1147 1351 quibus
1163 1268 1244 1332 alius
1268 1268 1355 1331 aliud

215 1376 281 1439 fere
303 1396 380 1458 prae
404 1377 518 1440 ceteris
541 1379 667 1441 secutus
690 1381 754 1460 est,
779 1377 858 1442 haec
880 1381 965 1441 sunt.

303 1488 330 1549 1.
362 1485 474 1550 Suidas
492 1488 633 1565 Καλλίμε
657 1489 717 1554 ἐπὶ
739 1489 775 1552 δὲ
789 1492 856 1554 τῶν
875 1488 1005 1568 χρόνων
1021 1490 1060 1567 ἠν
1075 1490 1281 1567 Πτολεμαίου
1295 1495 1357 1554 τοῦ

216 1598 422 1679 Φιλαδέλφου
444 1636 487 1648 —-
509 1599 559 1663 καὶ
586 1599 752 1678 παρέτεινε
780 1600 869 1678 μέχρι
894 1603 954 1663 τοῦ
982 1599 1156 1679 Εὐεργέτου
1183 1601 1357 1677 κληθέντα(

215 1708 427 1787 Πτολεμαίου.
452 1707 572 1772 Gellius
588 1708 629 1772 N.
643 1710 683 1772 A.
700 1707 805 1790 XVll,
821 1709 879 1772 21:
896 1709 1031 1773 ‘bellum
1047 1709 1215 1774 adversum
1229 1708 1357 1772 Poenos

216 1818 354 1901 primum
377 1823 523 1902 coeptum
547 1823 672 1902 11111.
691 1818 893 1883 1490201.
917 1820 988 1902 129,
1016 1820 1184 1904 1)(11111
1206 1819 1261 1882 diu
1283 1822 1359 1903 post

149 1928 432 2000 114811111111111
455 1933 550 2013 poeta
573 1930 763 2013 Cyrenensis
786 1929 1002 1994 Alexandriae
1030 1930 1114 2013 apud
1136 1930 1358 1993 Ptolemaeum

216 2061 325 2123 regem
348 2041 525 2104 celebratus
552 2044 623 2104 111.’
668 2040 831 2124 Equibus
859 2041 920 2105 hoc
943 2044 1029 2104 certo
1053 2040 1229 2124 colligitur,
1261 2039 1357 2105 Calli-

216 2150 364 2215 machum
380 2150 590 2234 Philadelpho
605 2155 763 2235 regnante
780 2151 867 2235 (123,
882 2151 1020 2233 4-133,
1036 2152 1069 2234 2)
1086 2150 1243 2215 celebrem
1259 2172 1358 2233 usque

124 2292 126 2296 v
217 2262 257 2325 ad
279 2261 461 2345 Euergetac
489 2262 657 2344 imperium
684 2261 783 2325 vitam
810 2261 1012 2344 produxisse,
1042 2261 1102 2324 hoc
1131 2264 1180 2324 est
1208 2264 1284 2324 ante
1315 2261 1357 2324 01.

222 2372 296 2453 139,
320 2372 339 2435 3
362 2377 521 2435 mortuum
549 2393 626 2435 esse.
672 2371 756 2436 Nam
785 2372 868 2454 quod
890 2371 1093 2435 Weichertus
1121 2370 1160 2434 de
1183 2370 1358 2453 Apollonio

218 2480 321 2544 [thod.
351 2503 382 2564 p.
406 2482 448 2545 22
476 2484 607 2565 propter
633 2485 799 2563 παρέτεινε
823 2483 952 2546 verbum
979 2481 1090 2565 primis
1117 2480 1203 2544 illius
1231 2480 1358 2563 imperii

220 2592 313 2655 annis
336 2613 408 2654 eum
430 2590 546 2654 obiisse
570 2593 751 2675 contendit,
777 2593 949 2676 speciosius
972 2614 1066 2675 quam
1089 2591 1192 2655 verius
1215 2590 1358 2673 disputa—

219 2706 287 2765 tum
314 2705 371 2765 est.
417 2700 547 2765 Nullam
575 2703 660 2766 enim
689 2703 718 2766 id
747 2704 810 2766 vim
839 2702 951 2784 habet,
981 2702 1043 2765 nisi
1073 2706 1109 2765 ut
1130 2702 1244 2782 finem,
1273 2701 1359 2763 ultra

219 2834 312 2896 quem
332 2834 398 2875 non
413 2812 542 2875 extendi
564 2812 679 2876 debeat
694 2813 776 2895 vita,
801 2812 986 2876 constituat.
1026 2811 1122 2876 Gellii
1138 2815 1243 2875 autem
1259 2810 1358 2873 verba

219 2945 256 2986 eo
289 2923 464 3004 inclinant,
499 2926 535 2986 ut
563 2922 620 2986 sub
648 2924 745 2987 finem
777 2923 882 3005 potius
911 2944 1006 3006 quam
1033 2922 1126 2985 initio
1153 2919 1358 3003 Philadelphi

219 3035 343 3117 imperii
367 3035 580 3100 Callimachus
603 3034 745 3097 floruisse
768 3032 923 3096 videatur.

303 3147 333 3208 2.
371 3146 464 3208 Arati
493 3146 559 3208 vita
582 3144 613 3207 Π
642 3167 673 3225 p.
698 3143 760 3207 432
789 3142 837 3205 ed.
867 3141 977 3205 Buhl.:
1015 3144 1165 3221 μέμνηται
1192 3143 1228 3205 δὲ
1257 3141 1359 3204 αὐτοῦ

219 3257 381 3339 (Ἀράτου)
406 3257 602 3334 Καλλίμαχος
630 3255 674 3319 ὼ(
702 3254 917 3333 πρεεβυτέρου
946 3253 986 3317 οὐ
1014 3252 1117 3331 μόνον
1140 3252 1176 3315 ἐν
1201 3254 1269 3315 roi(
1292 3252 1360 3314 έπι·

219 3368 409 3446 γράμμαειν,
438 3367 520 3429 ἀλλὰ
547 3367 595 3429 καὶ
625 3365 660 3430 ἐν
687 3366 755 3428 rot(
783 3364 865 3443 apoc
892 3364 1111 3442 Πραξιφάνην.
1156 3360 1203 3423 Ib.
1227 3359 1242 3422 I
1265 3382 1298 3442 p.
1321 3361 1359 3422 4:

219 3483 339 3560 γηραιῷ
373 3483 418 3561 τῷ
452 3477 618 3560 Κυρηναίῳ
649 3475 681 3558 (ὁ
711 3473 859 3557 Ἄρατος)
889 3473 1098 3553 ἐπεβάλλετο,
1132 3473 1206 3550 παρ’
1236 3469 1274 3535 αὖ
1309 3471 1363 3534 καὶ

219 3587 453 3666 ἐπιγράμματα(
475 3588 599 3664 ἠξιώθη.
644 3584 808 3667 liquibus
837 3585 1117 3646 1111111111111
1145 3602 1225 3664 quae
1254 3584 1360 3662 poste·

220 3695 302 3758 riore
330 3696 399 3759 loco
428 3696 518 3779 posui
548 3694 816 3758 animadverteret
844 3692 1038 3757 Ritschelius
1060 3715 1092 3775 p.
1117 3691 1168 3772 88,
1199 3690 1362 3753 immerito

221 3804 451 3869 Callimachum
467 3808 568 3871 Arato
590 3808 669 3868 natu
689 3806 845 3868 minorem
866 3803 964 3866 fuisse
981 3802 1120 3885 collegit.
1158 3799 1257 3863 Recte
1273 3799 1362 3862 enini

222 3914 447 3999 Bernhardyus
463 3916 583 3980 Annal.
603 3914 707 3978 Berol.
721 3938 752 3997 p.
767 3916 829 3979 839
843 3913 1036 3978 concedente
1052 3908 1229 3975 Ritschelio
1241 3908 1380 3973 Coroll:

213 4048 251 4109 p.
276 4028 318 4091 30
340 4048 428 4106 eum,
457 4027 510 4110 qui
539 4026 623 4089 hanc
652 4026 752 4088 vitam
780 4024 924 4107 scripsit,
954 4043 1076 4085 errasse
1100 4019 1218 4103 (minus
1246 4018 1363 4101 proba-

221 4137 329 4200 biliter
355 4137 441 4200 enim
469 4158 573 4199 errore
602 4136 642 4198 ad
670 4136 835 4198 librarium
864 4136 1011 4196 revocato
1040 4131 1170 4211 γηραιόε
1195 4127 1366 4191 substituit

222 4246 319 4309 Clint.
342 4247 429 4309 Fast.
447 4246 532 4310 Hell.
550 4246 598 4309 lll
614 4269 644 4329 p.
664 4247 707 4328 7),
732 4249 764 4308 11
785 4267 823 4307 ex
844 4243 974 4306 alterius
997 4239 1174 4304 testimonii
1196 4237 1258 4300 fide
1281 4239 1365 4301 natu

222 4356 377 4418 minorem
406 4356 511 4439 potius
539 4356 636 4418 fuisse
666 4353 896 4419 Callimachum
926 4350 1101 4415 contendit.
1156 4347 1259 4422 Quare
1290 4367 1366 4409 cum
