3008 5002
192 393 216 441 ο
532 346 649 404 unove
672 346 889 392 usuronono.
1220 330 1278 392 177

135 500 213 562 τοὺς
236 499 396 563 ςωθέντας
418 501 484 560 τῶν
508 497 729 575 (υρακουςίων
751 497 787 560 ἐν
810 503 846 579 τῇ
870 497 1053 580 πολιορκίᾳ,
1082 498 1212 574 γνώμας
1240 498 1279 559 δι’

136 608 279 684 ἐλεγείας
302 607 345 672 εἰς
368 608 427 685 ἔπη
449 604 522 692 ,βωῖ
559 605 649 668 Haec
672 606 879 668 attuleramus
901 605 985 669 Bibl.
1010 606 1063 668 Al.
1080 629 1110 688 p.
1128 607 1179 670 92.
1218 605 1279 670 Sed

137 717 304 800 pertinent
333 717 394 778 huc
424 716 521 778 etiam
548 737 629 798 qnae
657 715 719 778 illis
750 718 935 778 nectuntur:
969 717 1019 779 καὶ
1045 719 1127 795 πρὸς
1156 718 1279 795 Κύρνον

135 830 195 892 τὸν
218 827 320 891 αὑτοῦ
343 827 507 905 ἐρώμενον
531 827 754 903 γνωμολογίαν
778 828 815 889 δι’
838 825 989 901 ἐλεγείων
1006 827 1054 888 καί
1075 826 1186 906 ἑτέρας
1201 826 1279 889 ὑπο·
1349 820 1353 829 ’

137 939 235 1015 θήκας
268 937 506 1016 παραινετικάς,
539 937 577 998 τὰ
610 937 715 999 πάντα
746 936 904 999 ἐπικιίιςῑ
939 935 1101 998 verissime
1133 934 1219 998 enim
1245 934 1281 996 in

138 1050 281 1108 extrema
303 1067 380 1108 voce
403 1045 481 1108 Otto
504 1042 714 1107 Schneiderus
738 1045 771 1107 in
792 1043 1040 1107 Zimmermanni
1056 1045 1144 1106 Diar.
1164 1043 1279 1127 philol.

138 1178 169 1217 ο.
201 1155 281 1219 1838
310 1177 340 1237 p.
371 1155 431 1218 937
462 1153 541 1216 vidit
568 1155 668 1216 latere
696 1155 767 1232 ἔπη
798 1175 868 1216 cum
900 1154 1024 1217 numeri
1057 1159 1134 1217 nota
1163 1153 1279 1236 aliqua.

139 1264 262 1350 Eadem
283 1263 445 1327 sententia
467 1263 599 1347 Bergkii
622 1263 642 1325 l.
668 1286 712 1326 c.:
740 1285 930 1346 quamquam
953 1264 979 1326 is
1008 1264 1090 1346 quod
1118 1263 1282 1346 proposuit

140 1376 201 1453 ἔπη
225 1374 289 1450 κω’,
317 1374 444 1457 placere
472 1395 547 1436 nou
575 1395 689 1435 unam
717 1373 757 1435 ob
782 1394 927 1435 caussam
948 1374 1068 1456 nequit.
1115 1371 1217 1460 [Dixit
1243 1373 1282 1437 de

141 1484 202 1546 hoc
217 1504 319 1565 nuper
335 1482 514 1546 accuratius
531 1481 564 1545 0.
582 1481 751 1564 Diltheyus
767 1482 868 1545 Musei
884 1482 988 1546 Rhen.
1005 1487 1029 1545 t.
1047 1482 1158 1546 XVIII
1173 1506 1204 1565 p.
1223 1483 1282 1547 150
1359 1487 1360 1490 ’

140 1592 223 1679 sqq.]
239 1631 280 1641 -
296 1593 351 1676 91)
373 1591 495 1655 Eodem
510 1592 588 1654 vitio
609 1592 723 1654 affecta
740 1591 855 1655 Suiclae
871 1593 967 1655 verba
990 1597 1065 1655 sunt
1080 1593 1115 1656 in
1128 1594 1282 1673 Ὀρφεύς·

141 1704 265 1783 ἔγραψε
288 1753 295 1767 ,
312 1752 318 1765 .
336 1753 343 1765 .
359 1703 584 1781 Ὀνομαςτικόν
601 1702 672 1780 ἔπη
696 1699 767 1792 oc,
782 1703 961 1778 Θεογονίαν
978 1703 1048 1780 ἔπη
1071 1724 1101 1788 ,α
1109 1697 1143 1778 ς’,
1159 1705 1282 1782 Ἀςτρο-

139 1814 266 1890 νομίαν,
289 1811 499 1891 Ἀμοκοπίαν,
523 1812 736 1891 Θυηπολικόν,
759 1811 924 1876 Ὠοθυτικά
947 1814 965 1890 ἢ
989 1813 1177 1876 Ὠοςκοπικά
1199 1814 1282 1876 ἐπι-

140 1927 234 1999 κιίις,
258 1921 296 1984 de
319 1943 379 2004 quo
403 1921 552 1984 adverbio
574 1919 750 1984 Lobeckius
773 1921 934 2004 Aglaoph.
958 1945 990 2004 p.
1007 1921 1084 1985 355:
1108 1926 1198 1985 ‘lutet
1217 1925 1282 1999 for·

142 2044 223 2096 tasse
244 2028 306 2112 ’έπη
328 2043 357 2095 ct
378 2042 450 2095 notu
465 2037 593 2095 numeri
605 2040 770 2095 uersuum’.
802 2030 902 2094 Recte
918 2031 1044 2114 quidem
1059 2030 1126 2094 ille:
1149 2032 1282 2094 multum

140 2141 230 2204 enim
245 2139 350 2203 differt
361 2163 427 2204 non
442 2141 664 2223 postpositum,
681 2140 736 2204 sed
751 2140 959 2223 praemissum
971 2142 1087 2205 ἐπικῶς
1100 2140 1281 2203 adverbium

142 2252 189 2313 eis
203 2250 367 2333 exemplis,
384 2272 464 2333 quae
477 2249 642 2313 Bentleius
653 2251 770 2332 Opusc.
780 2274 812 2335 p.
824 2252 887 2314 364
900 2249 1040 2337 [Phalar.
1054 2273 1085 2333 p.
1098 2250 1161 2314 394
1172 2248 1282 2337 Ribb.]

140 2361 277 2444 protulit
289 2384 307 2422 ο
319 2360 477 2424 Lobeclu'o
491 2365 763 2424 commemoratus.
786 2359 834 2423 De
845 2360 1181 2444 TheogoniaOrphica
1193 2361 1284 2423 testi·
1329 2429 1332 2439 .

49 2549 55 2557 ἢ
139 2470 285 2533 monium
319 2469 589 2532 stichometricum
622 2469 756 2534 accessit
783 2492 800 2533 e
829 2469 944 2534 Suiclae
971 2469 1118 2533 Parisino
1147 2469 1283 2552 optimo:

139 2583 378 2659 Ὀνομαςτικιίιν
393 2583 499 2643 autem
511 2602 530 2641 a
542 2578 701 2642 Lobeckio
714 2580 968 2643 commendatum
984 2579 1154 2643 abhorrere
1170 2580 1211 2642 ab
1226 2601 1284 2642 usu

140 2688 294 2774 loquendi
315 2690 456 2770 videtur,
487 2689 540 2772 qui
569 2693 672 2753 certus
701 2693 750 2753 est
777 2690 812 2752 in
834 2690 895 2753 hoc
916 2712 1044 2773 genere.
1068 2728 1110 2738 -—
1132 2690 1187 2773 92)
1210 2689 1285 2751 Dio-

139 2821 244 2885 genes
266 2799 371 2862 Laert.
395 2799 427 2880 1,
451 2799 492 2862 68
521 2798 559 2862 cle
583 2798 765 2864 Chilone:
796 2798 892 2865 οὗτος
914 2801 1061 2878 ἐποίηςεν
1090 2801 1213 2876 ἐλεγεῖα
1242 2800 1285 2863 εἰς

140 2911 217 2987 ἔπη
246 2909 432 2973 διακόςια.
454 2946 495 2956 -
517 2909 572 2992 93)
595 2909 684 2972 Idem
712 2909 743 2991 Ι,
774 2908 815 2972 95
843 2909 881 2972 de
910 2908 1068 2972 Biante:
1097 2909 1224 2986 ἑποίηςε
1251 2911 1286 2971 δὲ

139 3021 217 3098 περὶ
246 3020 379 3096 Ἰωνίας,
411 3019 482 3082 τίνα
509 3018 639 3095 μάλιςτα
672 3020 712 3085 ἂν
738 3020 862 3098 τρόπον
892 3018 1108 3097 εὐδαιμονοίη,
1143 3018 1186 3082 εἰς
1214 3018 1285 3095 ἔπη

140 3129 328 3207 διςχίλια.
350 3165 391 3175 -
414 3127 468 3211 94)
491 3127 625 3210 ΙιίοιιιΙ,
650 3129 689 3193 97
713 3129 751 3191 de
779 3127 1014 3191 Periandro:
1037 3128 1164 3205 ἐποίηςε
1187 3130 1222 3191 δὲ
1237 3129 1286 3190 καλ

140 3239 306 3316 ὑποθήκας
330 3237 372 3301 είς
395 3238 466 3316 ἔπη
489 3239 664 3317 διςχίλια.
709 3238 791 3301 Item
814 3237 927 3302 Snidas
950 3260 980 3300 v.
1003 3239 1218 3316 Περίανδρος·
1234 3287 1240 3299 .
1256 3287 1286 3299 ..

141 3351 289 3427 ἔγραψεν
317 3347 479 3424 ὑποθήκας
506 3348 549 3411 εἰς
576 3349 633 3412 τὸν
662 3348 866 3428 ἀνθρώπειον
900 3348 970 3426 βίον
999 3348 1070 3426 ἔπη
1101 3347 1283 3426 διςχίλια;

140 3457 200 3520 nbi
224 3458 266 3521 εἰς
288 3457 348 3534 ἔπη
371 3456 540 3540 Menagius
562 3461 689 3540 praeter
711 3457 936 3521 necessitatem
958 3456 1138 3538 expetebat.

231 3568 261 3629 2.
285 3565 313 3628 E
336 3587 448 3649 prosae
471 3567 624 3629 orationis
647 3567 853 3650 scriptoribus
876 3566 955 3629 haec
976 3566 1144 3648 habemns,
1175 3566 1287 3649 quibus

142 3677 223 3741 olim
258 3676 382 3758 prolata
411 3678 624 3756 ςτιχομετρίας
659 3676 804 3759 exempla
838 3697 1021 3760 augeamus.
1072 3676 1126 3758 95)
1155 3674 1288 3739 Photius

145 3785 367 3849 Bibliothecae
391 3785 458 3848 cod.
485 3786 545 3849 176
567 3809 598 3869 p.
625 3787 733 3868 lion,
762 3787 803 3849 30
825 3785 925 3848 Bekk.
955 3787 994 3848 de
1020 3784 1288 3868 Theopompo:

143 3896 336 3973 ςυνακμόςαι
352 3897 387 3959 δὲ
410 3897 493 3972 λέγει
510 3897 606 3961 αὐτὸς
629 3870 924 3975 ἑαυτὸνἸςοκρόιτει
946 3917 980 3959 τε
999 3902 1044 3980 τῷ
1068 3897 1222 3978 Ἀθηναίω
1238 3896 1288 3957 καί

143 4007 309 4088 Θεοδέκτῃ
331 4011 377 4087 τῷ
401 4006 557 4089 Φαςηλίτῃ
581 4007 630 4069 καὶ
654 4007 826 4085 Ναυκράτει
851 4013 897 4090 τῷ
921 4005 1108 4089 Ἑρυθραίιμ,
1137 4006 1186 4067 καὶ
1214 4004 1287 4068 τού-

142 4136 223 4181 τους
252 4115 316 4193 ἅμα
343 4115 431 4199 αὐτῷ
459 4117 498 4179 τὰ
525 4119 666 4195 πρωτεῖα
694 4120 748 4192 τῆς
777 4117 813 4180 ἐν
840 4116 948 4190 λόγοις
977 4115 1119 4178 παιδείας
1145 4114 1229 4192 ἔχειν
1252 4114 1287 4177 ἐν

142 4230 215 4291 τοῖς
237 4226 399 4303 Ἕλληςιν,
425 4228 457 4287 et
479 4225 586 4307 paullo
608 4228 695 4308 post:
724 4227 773 4288 καὶ
796 4226 841 4288 ιίις
864 4225 983 4288 οὐκᾶν
1006 4224 1053 4302 είη
1077 4225 1164 4307 αὐτῷ
1188 4225 1288 4302 παρά-

145 4341 250 4411 λογον
280 4335 534 4417 ἀντιποιουμένῳ
569 4343 634 4399 τῶν
657 4327 842 4414 πρωτείων,
871 4336 929 4398 οὐκ
963 4335 1145 4398 ἐλαττόνων
1179 4337 1235 4412 μὲν
1270 4335 1287 4412 ἢ

201 4454 244 4488 ru.
267 4453 429 4486 οιτιιαοοιιι
450 4453 595 4488 oruscnui
610 4457 629 4491 1.
1048 4437 1085 4498 12
