2924 4996
210 320 273 383 526
366 367 375 380 .
587 336 784 385 meconion
807 338 983 386 νιιιιιινιυυ

215 489 360 553 αὐτοὺ(
396 489 622 568 πριαμένων
660 488 827 570 ἀμφότερα
866 495 967 555 ταῦτα
998 492 1080 570 παρ’
1113 492 1248 559 αὐτῶν
1285 497 1370 583 χρὴ.

212 598 402 677 ὑπάρξειν
439 597 551 664 αὖθι(
587 603 665 664 τῶν
707 601 960 679 κτηεαμένων
998 601 1144 665 αὐτοὺ(
1181 602 1236 666 εἰ(
1271 607 1355 667 δου-

212 708 330 774 λείαν.
374 707 492 772 Omnia
513 710 608 771 sanet
630 712 675 772 B:
706 758 713 772 .
739 757 746 771 .
772 757 780 772 .
806 758 813 772 .
837 710 1029 792 ἐλευθερίαν,
1052 715 1243 789 χρη(τοῐ(
1264 731 1357 786 γενο-

211 819 319 896 μένοι(
349 820 420 898 περὶ
446 819 522 883 τοὺ(
556 820 902 898 καταδουλωεαμένου(
930 821 949 896 ἢ
975 819 1053 883 τοὺ(
1085 821 1174 900 παρὰ
1201 821 1358 886 τούτων

211 929 415 1006 πριαμένουε,
439 927 606 1008 ἀμφότερα
626 932 728 993 ταῦτα
742 930 829 1008 παρὰ
843 933 910 994 τῶν
932 933 1099 994 δεεποτῶν
1122 929 1301 1009 ὑπάρξει.
1317 967 1357 978 —-

210 1036 372 1120 Imprimis
409 1036 545 1100 notabili
582 1036 726 1121 exemplo
759 1036 821 1119 lV,
851 1038 890 1101 78
930 1058 1011 1121 quoe
1043 1060 1131 1102 nuno
1164 1039 1355 1123 virlgontur:

212 1148 321 1226 ἐπειδὴ
344 1149 378 1211 δ’
401 1146 420 1210 δ
442 1149 569 1229 καιρὸε,
598 1149 638 1212 ὃν
666 1149 706 1212 τὰ
732 1148 901 1227 πράγματα
928 1147 1036 1211 δίδω(ί
1057 1168 1127 1226 μοι,
1157 1150 1298 1229 βραχὺε,
1321 1148 1355 1212 ἐν

212 1260 239 1341 ᾧ
262 1258 367 1334 λέγειν
389 1259 446 1334 μὲν
469 1257 562 1332 ὀλίγα
584 1260 646 1333 δεῖ,
669 1258 817 1336 πράττειν
840 1259 876 1321 δ’(
897 1258 1020 1336 πολλὰ,
1051 1259 1102 1321 καὶ
1123 1258 1208 1336 πρὸ(
1232 1249 1355 1322 εἰδότα(

210 1368 280 1432 τὸν
309 1367 432 1442 λόγον
459 1369 663 1445 ποιοῦμαι,
693 1366 808 1442 ὀλίγα
836 1368 876 1431 τὰ
904 1368 1031 1444 μέγιετα
1058 1367 1108 1430 καί
1137 1369 1356 1448 φανερώτατα

211 1481 278 1541 τῶν
301 1476 406 1555 ἔργων
428 1476 529 1540 αὐτοῦ
552 1477 602 1540 καὶ
624 1476 802 1552 ἀπολογία(
823 1480 972 1555 μηδεμιᾶ(
995 1477 1133 1554 δεόμενα
1160 1476 1275 1560 (immo
1297 1482 1355 1542 δυ-

211 1587 374 1670 νάμενα)
406 1588 532 1664 τυχεῖν,
564 1587 659 1650 ταῦθ’
693 1578 773 1664 ὑμό(
805 1585 994 1665 ὑπομνήεω,
1033 1585 1196 1649 sententie
1228 1585 1355 1670 quidem

211 1698 298 1758 recte
320 1696 467 1778 suppleto
489 1699 663 1759 manarunt
684 1715 723 1757 ex
744 1694 806 1758 hae
828 1693 986 1776 scripture
1008 1693 1152 1759 bilinieni
1174 1694 1250 1758 libri
1274 1696 1356 1774 πρὸ(

211 1804 335 1870 εἰδότα(
357 1804 472 1881 ὀλίγα
493 1806 533 1869 τὰ
555 1806 693 1883 μέγι(τα;
730 1826 807 1867 nam
829 1803 905 1884 hoo,
931 1825 996 1866 non
1018 1803 1122 1885 ὀλίγα,
1151 1825 1191 1866 ex
1216 1809 1242 1866 A
1264 1807 1354 1868 note·

211 1918 273 1977 tur.
311 1913 401 1988 Quod
423 1935 485 1997 quo
507 1917 641 1996 spectet,
666 1935 704 1976 ex
720 1917 749 1976 B
767 1913 977 1996 intellegitur,
999 1911 1172 1995 pristinum
1195 1913 1353 1976 orationis

211 2023 348 2088 nitorem
377 2024 424 2087 sic
451 2023 718 2087 reconcinnente:
756 2025 806 2087 καί
833 2023 915 2103 πρὸ(
943 2022 1066 2087 εἰδότα(
1096 2023 1131 2087 οἱ
1153 2023 1291 2100 λόγοι,
1318 2024 1357 2087 τὰ

211 2136 336 2212 μέγιετα
358 2137 421 2199 κτλ.
444 2171 486 2181 -
507 2131 548 2215 V,
573 2134 591 2198 7
615 2135 647 2196 et
670 2132 834 2216 eleganter
856 2136 890 2195 et
911 2153 984 2195 vere
1007 2131 1092 2195 idem
1113 2135 1160 2195 B:
1200 2132 1355 2216 ὀφικόμε·

210 2265 267 2309 νο(
290 2245 323 2308 δ’
345 2245 391 2308 ω(
413 2243 562 2308 Πόπλιον
586 2243 779 2323 Οὐαλέριον,
809 2243 847 2306 ὃ(
876 2241 911 2306 ἐν
932 2245 1001 2306 τοί(
1024 2242 1165 2321 πρώτοι(
1190 2243 1355 2323 τέτταρ(ιν

162 2362 193 2408 12
210 2353 250 2431 ἠν
273 2358 339 2419 τῶν
360 2356 419 2432 τὴν
446 2353 620 2432 τυραννίδα
647 2353 909 2428 καταλυ(άντων,
937 2354 1067 2416 δεξιᾶ(
1093 2351 1202 2415 δόεει
1230 2353 1284 2415 καὶ
1311 2353 1356 2415 δι’

212 2462 319 2541 ὀρκων
341 2464 379 2527 τὸ
402 2464 513 2527 πιετόν
535 2463 616 2542 παρ’
639 2462 739 2527 αὐτοῦ
762 2462 871 2540 λαβὼν
894 2460 977 2539 ὑπὲρ
999 2460 1173 2540 ἀ(φαλεία(
1195 2464 1253 2539 τῆ(
1281 2461 1354 2525 ἐαυ-

211 2576 279 2648 τοῦ,
302 2573 438 2651 μηνυτὴ(
461 2621 468 2634 .
491 2621 497 2633 .
521 2621 527 2634 .
551 2621 557 2634 .
580 2572 707 2647 γίνεται.
736 2570 787 2633 Ibi
802 2570 975 2653 depravate
998 2575 1024 2631 A
1045 2571 1175 2635 δεξιὰ(
1199 2570 1354 2634 δίδω(ι;

212 2680 266 2743 sed
294 2679 447 2743 indicium
474 2680 540 2743 veri
568 2680 755 2763 interpolati
782 2679 856 2742 libri
889 2678 1069 2742 exstinxere
1101 2679 1218 2744 δεξιὰ(
1246 2681 1356 2744 δίδωτι

211 2791 335 2853 mutato
357 2790 392 2853 in
413 2792 534 2856 δεξιὰν
556 2791 673 2854 δίδωα.
696 2826 739 2839 —
760 2788 807 2872 V,
830 2789 887 2852 23:
927 2788 1069 2870 ἐμπειρίᾳ
1090 2789 1148 2867 μὲν
1170 2790 1222 2853 καὶ
1245 2810 1356 2868 καρτε·

211 2900 262 2983 ρίᾳ
288 2900 449 2979 κρείττου(
477 2900 570 2966 ὄντε(
591 2900 623 2963 οἱ
644 2901 795 2977 Ῥωμαῖοι
821 2904 900 2963 τῶν
929 2898 1139 2974 ἐναντίων,
1176 2899 1295 2976 πλήθει
1322 2901 1358 2963 δὲ

211 3014 405 3088 κρατοῦντε(
425 3016 492 3076 τῶν
514 3009 682 3089 Ῥωμαίων
706 3010 736 3072 οἱ
757 3008 916 3088 Τυρρηνοί
937 3028 972 3072 τε
994 3008 1044 3071 καὶ
1072 3007 1203 3071 Λατῖνοι
1234 3015 1357 3093 μακρῷ.

211 3119 264 3183 Sic
285 3123 351 3183 BC:
374 3124 440 3185 τῶν
464 3119 610 3184 Λατίνων
626 3124 665 3181 A:
688 3117 772 3181 unde
794 3122 860 3183 τῶν
884 3116 1029 3181 Λατίνων
1050 3116 1112 3178 καί
1133 3116 1357 3195 Τυρρηνῶν

211 3234 274 3291 DP.
297 3267 339 3278 -—
362 3228 517 3291 Immonis
540 3228 682 3311 alioquin
704 3225 962 3310 interpolationis
985 3228 1011 3285 A
1032 3224 1067 3287 in
1090 3222 1233 3288 eiusdem
1253 3227 1357 3309 suspi-

210 3337 331 3401 tionem
354 3339 442 3400 venit
464 3337 504 3418 V,
528 3339 584 3401 37:
609 3338 689 3416 ὑπὲρ
711 3337 759 3403 ὧν
782 3336 1027 3402 ἀπο(τείλαντε(
1048 3333 1083 3396 οί
1100 3334 1257 3411 Ῥωμαῖοι
1280 3356 1358 3415 πρε-

211 3448 332 3527 (βείαν,
365 3448 439 3526 πρὶν
461 3448 514 3511 ἐπὶ
536 3447 575 3511 τὰ
597 3446 684 3511 ὀπλα
706 3451 861 3526 χωρῆεαι,
889 3445 976 3509 δίκα(
999 3445 1098 3526 ᾔτουν
1121 3442 1170 3506 καὶ
1194 3444 1358 3508 διδόναι

210 3558 331 3633 λόγον
360 3556 469 3634 ἠξίουν
498 3559 595 3635 μηδὲν
618 3556 661 3622 εί(
682 3557 759 3620 τοὺ(
781 3556 1017 3634 ἐργαζομένου(
1038 3555 1098 3632 τήν
1119 3554 1181 3630 γῆν
1205 3573 1359 3632 παρανο-

210 3669 288 3745 μεῖν.
331 3664 423 3728 Nihil
445 3666 610 3749 proficitur
630 3664 821 3748 interposita
843 3664 878 3726 in
899 3668 956 3727 BP
974 3666 1050 3725 ente
1072 3663 1168 3740 μηδὲν
1193 3663 1360 3744 particulo

210 3776 278 3839 καὶ.
322 3774 383 3839 Rei
405 3776 508 3839 solum
531 3774 680 3839 convenit
703 3774 785 3856 quod
808 3774 842 3835 in
865 3776 894 3835 B
917 3776 1038 3836 exstat:
1067 3771 1155 3836 δίκα(
1178 3773 1285 3854 ᾔτουν
1310 3777 1360 3839 καί

209 3885 253 3948 τὸ
282 3886 430 3950 λοιπὸν
458 3886 567 3964 ἠξίουν
594 3887 691 3964 μηδὲν
717 3932 724 3946 .
751 3931 757 3944 .
784 3931 791 3945 .
818 3931 825 3945 .
854 3884 1067 3961 παρανομεῑνι
1104 3879 1190 3945 unde
1220 3884 1361 3967 utroque

211 3993 349 4056 conflata
371 3993 529 4076 scripture
549 3994 584 4056 in
601 3992 821 4076 Olegiturrni
843 3991 912 4055 τὸν
935 3991 1082 4054 λοιπὸν
1105 3990 1230 4064 λόγον
1253 3994 1360 4056 διδό-

210 4123 273 4167 ναι
293 4104 403 4182 ἠξίουν
430 4106 527 4182 μηδὲν
556 4105 620 4167 κτλ.
663 4101 748 4165 Nam
776 4104 810 4164 et
838 4121 909 4163 cum
932 4102 961 4160 B
984 4102 1016 4161 et
1038 4098 1106 4161 sine
1128 4096 1158 4160 B
1179 4098 1266 4161 raris
1291 4102 1360 4184 qui-

210 4211 360 4293 busdam,
395 4212 450 4274 sed
478 4213 531 4276 vix
559 4211 664 4274 dubiis
694 4209 855 4293 exemplis¹
874 4212 987 4291 operta
1009 4208 1204 4291 glossemate
1229 4211 1256 4269 A
1280 4209 1359 4272 alibi

210 4341 333 4402 quoque
355 4324 454 4384 tenet.
485 4321 536 4384 lta
558 4321 610 4384 vix
634 4321 778 4403 profecto
800 4343 819 4382 a
841 4317 998 4400 Dionysio
1020 4320 1095 4379 eunt
1116 4337 1198 4398 quae
1222 4318 1361 4399 uterque
