2896 4996
485 310 532 355 nn
556 308 625 356 ono
648 310 693 356 nr
716 309 857 357 (161666.
1181 295 1241 357 617

104 470 140 529 61
161 464 282 528 discere
306 485 323 527 e
346 462 462 527 Sturzii
491 462 597 526 indice
623 462 716 546 licet,
745 462 863 526 eisdem
891 462 1037 526 adhibuit
1065 463 1242 546 simplicem

104 575 227 639 citandi
254 574 422 637 rationem.
469 575 516 636 Ac
544 573 677 656 nequis
705 572 765 650 hoo
793 572 937 656 profecto
966 572 1091 636 licuisse
1113 594 1243 655 respon·

104 685 195 766 deut,
229 704 289 748 nec
316 684 388 767 plus
415 704 507 766 posse
534 682 788 767 argumentando
823 683 910 767 cogi,
945 705 1040 766 quam
1067 683 1101 746 16
1129 683 1243 766 quibus

104 794 195 858 libris
222 793 386 877 quippiam
413 814 446 855 se
473 793 652 876 repperisse
685 794 753 876 ipse
786 793 836 855 vel
870 792 967 856 semel
999 796 1150 875 testetur,
1185 792 1243 856 hos

105 906 192 968 certe
214 904 255 966 ab
278 925 314 966 eo
338 903 538 985 1661666666,
562 925 628 966 666
651 904 738 986 item,
769 903 943 987 dequibus
965 903 1047 966 nihil
1069 903 1136 966 eius
1158 903 1244 966 modi
1283 919 1286 927 ’

105 1017 251 1096 testetur,
275 1035 342 1077 non
357 1012 471 1077 lectos:
494 1013 572 1076 illud
596 996 748 1098 cogitato,
772 1035 853 1097 quae
869 1014 989 1096 reliqua
1005 1013 1071 1077 sint
1086 1013 1242 1097 exempla,

105 1144 143 1187 ea
172 1123 211 1187 ad
241 1123 483 1187 commentarios
511 1123 618 1186 omnia
647 1123 807 1206 pertinere
834 1122 869 1187 in
890 1125 1010 1207 [poetas
1038 1124 1174 1206 scriptos
1203 1124 1244 1186 ab

105 1234 227 1317 ignotis
249 1233 440 1297 hominibus.
484 1234 530 1296 At
551 1254 626 1297 vero
649 1255 719 1297 cum
742 1255 808 1297 non
831 1234 927 1298 liceat
948 1234 1146 1297 nominativo
1170 1255 1244 1296 casu

105 1344 185 1420 satis
209 1343 371 1408 commode
393 1344 439 1408 sic
461 1344 562 1427 loqui:
594 1345 698 1409 οὕτω(
720 1344 889 1423 ὑπόμνημα
911 1344 954 1408 εἰ(
976 1347 1034 1423 τὴν
1051 1344 1244 1421 Ὀδύεεειαν,

105 1475 201 1536 quem
216 1454 256 1517 ad
271 1454 398 1517 modum
421 1454 526 1519 οὕτω(
540 1455 749 1534 Ἡρωδιανὸς,
773 1475 810 1517 ea
825 1475 859 1516 re
875 1453 996 1517 lactum
1011 1457 1059 1518 est
1080 1457 1117 1517 ut
1131 1453 1245 1536 aliquo

105 1563 234 1628 vinculo
258 1585 329 1627 cum
351 1564 472 1647 reliqua
487 1564 631 1628 oratione
646 1563 739 1627 istius
754 1564 840 1627 modi
854 1563 1039 1627 testimonia
1053 1564 1242 1648 ligarentur.

104 1671 193 1736 Hinc
216 1672 395 1756 igiturest,
420 1673 501 1757 quod
524 1697 555 1757 p.
579 1675 610 1756 3,
637 1674 675 1737 12
701 1674 835 1758 legimus
858 1675 963 1739 οὕτω(
986 1674 1021 1739 ἐν
1044 1675 1245 1753 ὑπομνήματι
1371 1688 1375 1696 “

105 1784 336 1862 Ἀνακρέοντο(
359 1783 473 1862 εὖρον,
495 1784 627 1868 parique
648 1783 742 1847 modo
766 1784 879 1847 citatos
907 1784 942 1847 in
965 1783 1139 1867 Odysseam
1162 1805 1244 1847 com-

105 1893 280 1956 mentarios
302 1916 334 1976 p.
359 1894 395 1976 8,
418 1894 469 1956 22.
494 1894 529 1976 9,
553 1894 588 1977 2,
612 1895 647 1957 16
668 1893 802 1958 Iliadem
824 1917 855 1977 p.
879 1895 936 1976 52,
961 1895 990 1957 9.
1015 1895 1071 1977 98,
1099 1895 1148 1957 12.
1173 1894 1243 1977 166,

104 2003 158 2082 29,
182 2003 218 2065 16
239 2001 414 2066 Homerum
436 2025 467 2086 p.
490 2004 560 2084 157,
576 2005 628 2086 35,
652 2004 686 2066 16
708 2003 959 2086 Aristophanem
981 2026 1012 2087 p.
1033 2004 1081 2086 19,
1098 2005 1129 2068 5.
1154 2004 1184 2084 8,
1203 2004 1246 2067 24

106 2111 177 2193 (ubi
205 2113 272 2175 noli
299 2112 338 2176 de
359 2113 544 2176 Aristonico
556 2114 728 2198 -cogitare)
735 2163 744 2196 ,
772 2112 808 2177 in
835 2113 942 2177 nescio
969 2135 1047 2196 qnos
1074 2135 1106 2195 p.
1130 2113 1188 2194 54,
1213 2113 1243 2177 8.

103 2222 158 2302 55,
182 2221 234 2285 20.
262 2222 331 2304 111,
356 2222 385 2285 9.
416 2221 545 2297 Quanta
568 2226 675 2287 autem
696 2223 729 2288 in
752 2222 812 2287 hoc
834 2245 953 2307 genere
975 2223 1145 2286 securitate
1168 2223 1244 2286 alio-

105 2352 178 2393 rum
200 2352 352 2413 personas
380 2335 502 2396 veteres
531 2332 694 2396 induerint
715 2333 934 2417 grammatici,
965 2333 1155 2397 documento
1177 2354 1245 2396 esse

105 2440 246 2525 diligens
268 2441 404 2524 scriptor
424 2442 558 2507 Photius
581 2446 702 2526 potest:
725 2443 796 2506 vide
818 2444 979 2507 Dobreum
1000 2443 1111 2507 Indice
1134 2443 1243 2525 script.

104 2573 138 2633 p.
156 2550 228 2613 191.
260 2551 381 2615 Eodem
396 2551 452 2615 illa
474 2553 638 2635 pertinent
659 2553 876 2637 Etymologiei
892 2552 1033 2617 Gudiani
1047 2576 1079 2637 p.
1096 2554 1170 2636 586,
1187 2553 1244 2616 37:

106 2660 214 2725 οὕτω(
237 2662 300 2737 ἐγὼ
322 2663 447 2726 Φώτιο(
469 2662 488 2727 ὁ
511 2664 723 2746 πατριάρχηε,
757 2663 801 2726 (16·
824 2663 938 2747 quibus
968 2672 1001 2726 61
1022 2663 1173 2744 barbare,
1209 2665 1246 2724 ut

105 2771 204 2851 solet,
237 2769 491 2854 Kulenlrampius
520 2775 751 2835 commentatus
780 2776 828 2836 est
855 2771 947 2855 Spec.
977 2772 1101 2837 emend.
1132 2775 1164 2835 et
1191 2771 1244 2834 ob-

105 2900 189 2942 serv.
214 2880 248 2943 16
270 2879 376 2964 Etym.
401 2881 445 2945 M.
469 2905 500 2965 p.
525 2881 636 2946 XXIII
659 2881 708 2945 ed.
732 2880 847 2965 Stura,
875 2903 935 2946 nec
956 2886 994 2946 ut
1015 2904 1081 2945 non
1103 2880 1245 2965 paullum

106 2990 267 3053 aberrant
288 2989 327 3053 de
348 2994 436 3055 recta
458 2991 521 3055 via.

157 3104 160 3105 ⁷
192 3098 302 3163 Vnum
323 3103 438 3183 restat,
473 3101 698 3166 difficillimum
720 3102 842 3166 habens
865 3102 1073 3186 explicatum,
1104 3103 1156 3182 ut,
1190 3122 1246 3163 our

108 3213 296 3274 constanter
319 3210 375 3276 Ori
402 3233 519 3276 nomen
542 3212 618 3278 Orio
646 3213 824 3295 reticuerit,
854 3212 1041 3277 declaretur.
1087 3213 1132 3280 At
1159 3232 1244 3292 vero,

107 3320 203 3384 audio
226 3321 378 3403 quosdam
399 3321 628 3405 vociferantes,
657 3323 784 3386 istioine
805 3344 906 3386 novus
928 3326 977 3386 est
998 3344 1066 3386 mos
1087 3342 1246 3406 gramma-

107 3430 246 3494 ticorum
268 3437 373 3495 alienis
387 3437 472 3496 tonis
485 3439 655 3511 gloriandi,
674 3434 829 3496 bonorum
844 3436 951 3497 autem
968 3433 1109 3515 origines
1133 3430 1246 3496 callide
1376 3446 1385 3464 ·

108 3539 260 3604 celandi?
303 3540 412 3605 Novus
440 3542 566 3625 quidem
593 3542 654 3607 iste
676 3543 822 3627 61161166,
851 3535 911 3607 666
933 3543 1025 3607 nobis
1047 3564 1163 3624 novus,
1193 3541 1247 3625 qui

107 3650 237 3714 uberius
252 3649 291 3714 (16
306 3650 361 3714 1116
376 3651 615 3716 disseruerimus
631 3652 715 3717 Prol.
732 3653 767 3717 in
782 3653 937 3718 Thomam
951 3653 996 3716 M.
1012 3676 1044 3736 p.
1057 3651 1162 3717 XLVI
1177 3673 1245 3735 sqq.

107 3761 251 3825 Thomae
274 3760 348 3824 addi
369 3764 442 3845 post
463 3761 583 3826 Rankii
606 3763 838 3846 disputationes
861 3762 914 3849 (de
936 3762 1097 3847 Hesychio
1118 3785 1150 3846 p.
1174 3763 1244 3827 123.

110 3872 181 3955 126,
208 3871 248 3935 78
271 3892 317 3953 sq.
342 3871 383 3935 98
405 3894 452 3955 sq.
480 3873 538 3937 118
561 3876 623 3956 sq.)
645 3878 779 3957 possunt
800 3874 897 3958 longe
918 3873 1076 3958 longeque
1098 3873 1152 3935 illo
1174 3893 1246 3956 gra·

108 3982 212 4046 viores
234 3979 420 4064 Pamphilus
444 3985 476 4046 et
496 3984 697 4067 Athenaeus3
719 3986 826 4067 potest
848 3983 946 4067 ipsius
968 3982 1076 4047 Photii
1098 3981 1245 4064 lexicum,
1264 4001 1297 4049 34

108 4091 237 4155 ecuius
258 4091 450 4156 testimoniis
478 4093 547 4176 quis
569 4093 700 4157 tandem
730 4097 934 4178 assequatur,
965 4093 997 4157 id
1025 4093 1107 4177 quod
1135 4113 1246 4176 perop-

108 4206 247 4286 portune
269 4201 345 4265 licet
367 4224 406 4266 ex
428 4202 600 4267 Eustathio
622 4204 850 4287 demonstrare,
874 4205 1002 4289 integra
1025 4204 1065 4268 ab
1089 4205 1143 4267 illo
1165 4201 1246 4267 Pau·

109 4313 219 4378 sanine
249 4316 282 4376 et
304 4313 389 4377 Aelii
411 4313 556 4398 Dionysii
586 4313 688 4378 lexico
715 4315 911 4399 transcripta
939 4337 1007 4379 esse
1039 4314 1246 4399 praestantis-
