2896 4996
228 298 291 361 578
516 312 778 359 onononomvn
799 311 1083 359 vrnoosonnnsu.

230 466 406 530 Phanias
429 465 491 547 VI,
521 466 556 546 8,
592 465 678 528 aliud
706 463 952 546 DioclesVI,
978 464 1033 546 12,
1068 463 1228 548 Diogenis
1263 464 1374 548 Cynici

231 575 340 640 Sotio
363 575 420 658 VI,
443 576 499 657 26,
524 575 610 638 eliud
632 575 716 639 idem
739 575 792 638 ille
815 573 976 638 Diocles
998 572 1056 655 VI,
1079 575 1138 656 36,
1169 574 1374 660 Pythagorae

230 686 455 750 Sosicrates
478 685 569 768 VIII,
594 687 624 767 8,
648 685 810 748 Diocles
832 675 889 767 VI,
913 685 964 748 91.

314 795 542 880 Progredimur
575 796 615 858 ad
644 795 729 859 aliud
758 817 859 880 genus
892 795 1100 877 scriptomm,
1136 795 1170 858 in
1205 796 1373 879 multiplici

231 907 338 970 variae
362 907 549 971 eruditionis
571 906 764 969 tractatione
787 905 1029 969 industriorum:
1067 904 1108 968 ad
1137 926 1249 969 eorum
1271 907 1372 969 multi-

230 1017 390 1097 tudinem,
420 1017 474 1100 qui
497 1018 547 1080 vel
570 1018 816 1096 ὑπομνήμαει
843 1016 894 1079 vel
922 1016 1304 1095 ἀπομνημονεύμαει
1326 1016 1374 1079 vel

231 1128 457 1206 ευμμίκτοι(
480 1127 530 1190 vel
553 1131 831 1192 corrobonat(
852 1127 1060 1205 Icaopinrc,
1082 1126 1134 1189 vel
1150 1148 1234 1209 quae
1257 1126 1371 1189 similes

230 1238 361 1299 fuerunt
384 1237 536 1301 librorum
551 1236 787 1319 inscriptiones,
811 1235 1098 1300 diversissimarum
1116 1258 1225 1300 rerum
1241 1237 1371 1320 copiam,

230 1348 264 1410 in
286 1347 336 1409 his
359 1348 456 1410 etiam
479 1347 600 1430 lepidas
624 1369 640 1411 c
664 1347 821 1410 clarorum
841 1346 1006 1410 hominum
1027 1345 1095 1410 vita
1116 1347 1269 1429 fabellas,
1292 1348 1371 1410 sace

230 1461 279 1520 tos
316 1479 493 1540 Sermonae,
528 1461 642 1541 argute
675 1479 846 1540 responsa,
881 1462 916 1520 ut
941 1478 1005 1521 uno
1033 1456 1129 1520 verbo
1159 1456 1267 1520 dicam
1302 1479 1370 1540 apo-

229 1566 441 1650 phthegmata
465 1568 767 1651 complectebantur.
813 1567 875 1649 Ita,
897 1569 935 1630 ut
955 1566 1109 1650 exemplis
1131 1570 1223 1649 uter,
1249 1567 1371 1631 Solonis

230 1677 351 1740 dictum
366 1677 523 1760 quoddam
539 1677 700 1762 Diogenes
715 1678 741 1760 l,
758 1679 799 1742 63
821 1678 957 1761 sumpsit
978 1699 995 1740 e
1014 1677 1272 1741 Dioscoridis
1295 1678 1370 1742 ἀπο-

230 1790 493 1867 μνημονεύμααν,
515 1788 628 1872 quibus
651 1789 686 1851 in
708 1788 806 1851 simili
821 1810 933 1851 caussa
954 1809 1028 1851 usus
1050 1790 1100 1850 est
1114 1787 1307 1852 Athenaeus
1327 1787 1370 1851 Xl

231 1921 261 1980 p.
280 1899 341 1963 507
359 1905 401 1962 D:
424 1899 551 1963 uberior
573 1901 608 1962 in
631 1898 741 1961 eodem
763 1920 880 1981 genere
904 1898 1028 1962 videtur
1049 1896 1274 1962 Phanorini
1295 1921 1372 1964 παν-

229 2011 353 2087 ποδαπὴ
375 2009 496 2088 ἰατορία
517 2009 630 2090 fnisse,
660 2032 679 2072 a
709 2009 796 2072 cuins
825 2008 1017 2072 testimoniis
1039 2007 1203 2090 profectus
1229 2013 1279 2072 est
1300 2009 1371 2073 Dio·

230 2140 329 2202 genes
356 2118 417 2200 IV,
442 2120 493 2181 64.
517 2118 563 2200 V,
594 2119 645 2181 21.
681 2119 742 2200 VI,
766 2119 822 2191 25,
848 2120 889 2183 89
922 2119 956 2181 in
986 2118 1156 2181 afferendis
1186 2118 1371 2201 Carneadis,

231 2228 425 2310 Aristotelis,
450 2228 620 2311 Aristippi,
645 2228 784 2293 Cratetis
801 2228 1098 2313 apophthegmatis:
1123 2228 1269 2311 (diversa
1291 2231 1382 2294 enim·

231 2341 279 2401 est
301 2360 409 2401 eorum
431 2339 529 2421 ratio,
564 2360 644 2422 quae
668 2360 684 2402 e
712 2338 894 2404 Phavormo
923 2338 1078 2404 Stobaeus
1111 2340 1253 2422 sumpsit
1261 2343 1284 2426 z)
1321 2341 1373 2405 sed

230 2448 349 2511 referta
371 2449 653 2532 apophthegmatis
676 2449 812 2513 Sereni
841 2449 1155 2529 ἀπομνημονεύματα
1176 2448 1329 2533 fucnmt,
1357 2474 1373 2514 e

230 2559 343 2642 quibus
372 2581 437 2623 non
466 2558 727 2642 philosophorum
755 2564 898 2642 tantum,
937 2561 992 2623 sed
1024 2565 1209 2644 poetarum,
1251 2584 1373 2647 regum,

230 2668 360 2749 ducum,
392 2669 582 2752 ignobilium
605 2692 728 2754 quoque
747 2671 914 2734 hominum
937 2670 1072 2753 plurima
1096 2671 1194 2734 effata
1219 2671 1374 2738 Stobaeus

230 2779 370 2843 servavit
392 2779 426 2841 in
449 2779 664 2844 Sermonibus.
695 2780 835 2855 Quorum
857 2780 974 2843 similia
997 2781 1097 2842 multa
1120 2780 1196 2844 addi
1221 2803 1262 2846 ex
1278 2784 1375 2849 Athe

230 2912 311 2954 naec
334 2894 496 2973 poterunt,
519 2892 606 2954 velut
628 2891 711 2974 quod
734 2891 914 2974 eLyucei
937 2891 1264 2971 ἀπομνημονεύμαειν
1288 2895 1375 2958 affer-

229 3004 282 3063 tur
304 2999 334 3063 X
356 3023 388 3083 p.
412 3002 475 3065 434
498 3007 541 3083 D,
569 3001 624 3064 sed
652 3001 794 3064 omnium
823 3005 933 3065 tamen
960 3023 996 3064 eo
1027 3001 1063 3064 in
1087 3022 1210 3084 genere
1234 3003 1375 3089 largissi-

229 3133 298 3173 mus
321 3110 490 3173 Athenaeo
516 3111 587 3173 sons
616 3111 649 3173 H
657 3111 869 3196 egesandri
893 3112 1008 3194 llelphi
1031 3111 1251 3191 ὑπομνήματα
1279 3116 1376 3195 fuere,

230 3220 404 3304 dequibus
427 3220 581 3284 sescentis
603 3221 689 3285 illins
712 3223 903 3287 testimoniis
927 3221 1102 3303 constat.*)

314 3331 460 3396 Diximus
482 3331 521 3394 de
544 3332 600 3414 eis,
624 3333 678 3416 qui
700 3355 758 3416 per
772 3333 1047 3397 miscellaneorum
1069 3336 1377 3400 commentariorum

229 3441 411 3506 occasiones
434 3443 614 3527 attigerunt
642 3444 740 3507 etiam
762 3443 1120 3528 apophthegmata:
1162 3445 1223 3508 sed
1256 3452 1378 3512 restant

230 3552 282 3634 qui
304 3552 340 3615 in
362 3552 411 3616 his
435 3552 623 3636 colligendis
645 3554 704 3616 toti
727 3555 868 3618 suerunt.
905 3554 1063 3617 Mittimus
1087 3553 1280 3622 Sosiadis
1302 3561 1377 3624 ὑπο-

229 3663 324 3740 θήκας
347 3667 413 3728 τῶν
436 3659 461 3729 ζ’
478 3669 591 3743 σοφῶν
614 3666 697 3747 apud
721 3665 809 3728 Stob.
828 3664 887 3746 III,
905 3664 946 3727 80
968 3663 1066 3747 (unde
1089 3663 1201 3729 hausit
1219 3669 1378 3734 Arsenius

349 3835 431 3843 ..n-..-

297 3969 321 4033 ’ἢ
346 3967 510 4035 [Diligenter
528 3968 600 4021 hunc
618 3970 709 4022 locum
731 3985 855 4034 omnem,
879 3986 961 4037 quem
984 3968 1114 4023 extremis
1137 3971 1257 4029 tantum
1285 3976 1379 4045 digitis

229 4058 367 4127 attingere
391 4061 505 4126 licebat,
529 4062 577 4114 Ed.
598 4061 740 4130 Koepkins
762 4066 922 4132 persecutus
946 4065 989 4117 ost
1012 4062 1094 4116 editis
1111 4063 1243 4121 Berolini
1270 4088 1295 4124 a
1318 4076 1380 4124 1843

229 4153 258 4204 et
275 4153 488 4222 Brandenburgi
506 4172 524 4207 a
544 4160 608 4208 1863
626 4155 672 4208 ‘dc
690 4156 914 4224 hypomnematis
933 4156 1052 4224 graecis’
1072 4159 1144 4225 part.
1165 4157 1178 4209 l
1197 4162 1231 4213 et
1251 4163 1291 4227 11,
1314 4163 1380 4216 itcm

230 4245 441 4315 llrandcnbnrgi
464 4265 488 4301 a.
510 4255 574 4302 1857
598 4249 831 4303 commentatione
854 4251 936 4303 ‘iiber
958 4249 1003 4304 die
1022 4250 1149 4317 Gattnng
1172 4250 1228 4304 der
1253 4257 1381 4322 ἀπομνη·

229 4341 391 4404 μονεύματα
409 4340 437 4393 in
456 4341 506 4393 der
523 4339 714 4408 griechischen
735 4342 916 4411 liittoratnr.’l
1366 4338 1368 4341 ⁵
