3014 5010
442 362 489 407 na
512 361 604 406 aran.
628 360 731 406 anax.
755 360 798 405 111
820 360 1037 408 rusrsrrnmo.
1248 344 1307 408 153

168 518 204 579 in
226 515 440 579 Zenodoteam
463 513 568 596 potius
584 511 893 594 Callimaeheamque
909 514 1047 574 aetatem
1070 534 1164 594 quam
1185 512 1306 575 Aristo·

168 625 327 708 phaneam
344 622 646 704 Aristarcheamque
669 621 838 684 convenire
861 643 891 703 p.
909 620 986 683 829:
1009 642 1084 683 nam
1106 621 1168 684 hac
1182 621 1308 684 demum

168 735 215 797 ita
243 733 442 797 convaluisse
474 730 717 815 grammaticam
752 734 783 792 et
817 730 960 792 criticam
994 732 1111 811 artem,
1144 734 1181 793 ut
1213 753 1308 813 quarn

169 846 275 926 posset
297 842 512 925 amplissimus
528 839 755 923 exemplarium
770 843 942 922 apparatus
967 839 1198 921 conquirendas
1213 844 1305 902 esset.

169 954 273 1034 Atque
305 953 393 1034 prius
426 951 479 1014 ille
512 949 638 1032 quidem
671 948 860 1012 rectissime:
893 948 986 1010 modo
1020 948 1200 1011 meminerit
1232 953 1308 1032 quot

169 1062 236 1143 ipsc
259 1060 441 1143 probabiles
462 1059 627 1142 opiniones
650 1059 689 1121 de
711 1057 756 1121 eis
779 1058 871 1121 rebus
894 1057 1110 1140 proposuerit,
1140 1080 1220 1140 quae
1243 1080 1307 1121 nou

168 1169 272 1254 magis
295 1172 382 1233 certo
405 1167 615 1232 demonstrari
643 1170 824 1250 potuerimt.
860 1167 1016 1229 -Alterum
1040 1168 1146 1230 autem
1171 1188 1236 1230 non
1259 1189 1307 1247 eo,

168 1301 230 1361 quo
252 1279 436 1361 oportebat,
459 1278 560 1341 valet:
587 1298 662 1339 nam
685 1276 723 1339 de
747 1279 832 1339 certo
855 1275 988 1337 consilio
1010 1274 1236 1358 Bernhardyus
1265 1277 1307 1338 lo-

168 1388 291 1470 quitur,
323 1387 361 1450 de
384 1409 421 1451 eo
448 1386 531 1470 quod
559 1407 633 1449 casu
661 1385 765 1468 magis
792 1384 959 1448 accidisset
980 1405 1040 1448 nec
1067 1383 1222 1467 potuisset
1244 1407 1309 1448 non

169 1496 330 1579 accidere,
365 1518 423 1560 nos
456 1495 719 1579 cogitaveramus.
775 1494 844 1557 Nec
878 1495 963 1557 enim
996 1494 1043 1556 illi
1079 1498 1206 1556 tantum
1239 1496 1308 1558 usui

170 1606 376 1688 (quamquam
399 1627 439 1668 ne
461 1605 488 1668 is
511 1603 638 1688 quidem
661 1602 873 1667 aZenodotea
895 1602 1065 1685 disciplina
1087 1624 1215 1685 prorsus
1234 1604 1307 1667 alie-

168 1717 243 1797 nus)
267 1715 493 1796 exemplarium
514 1712 750 1776 multitudinem
773 1711 912 1775 eiusdem
934 1712 1098 1794 scriptoris
1121 1718 1308 1796 congestam

168 1823 319 1905 dicimus,
354 1823 425 1903 sed,
455 1826 490 1885 ut
518 1827 567 1885 est
595 1825 859 1903 consentaneum,
895 1824 1074 1904 coemptum
1107 1822 1148 1884 ab
1176 1826 1307 1905 utroque

168 1931 352 1995 Ptolemaeo
373 1952 431 2015 per
452 1931 673 2015 longissimum
695 1952 851 1993 annorum
871 1931 1025 2012 spatium,
1055 1930 1205 2014 quicquid
1232 1932 1307 1994 scri·

169 2044 295 2124 ptorum
323 2041 518 2104 voluminum
546 2041 686 2123 undique
716 2040 848 2103 excitari
872 2040 1005 2123 cogique
1028 2040 1177 2121 potuerit.
1223 2040 1307 2115 Quos

169 2150 223 2233 qni
251 2150 361 2212 credas
389 2150 473 2213 inter
500 2149 604 2231 ipsum
632 2149 838 2232 conquirendi
866 2149 1022 2211 fervorem
1050 2149 1305 2233 diligentissime,

168 2259 245 2342 quid
266 2259 331 2322 iam
345 2261 494 2341 paratum
509 2263 592 2322 esset
614 2280 801 2342 graecamm
817 2259 1012 2339 litterarum,
1037 2258 1111 2341 quid
1127 2259 1307 2323 etiamtum

169 2367 416 2448 desideraretur,
446 2389 688 2450 usquequaque
717 2371 873 2431 scrutatos
908 2367 999 2430 esse?
1041 2367 1112 2432 Hoc
1140 2368 1244 2451 ipsum
1272 2374 1307 2431 ut

170 2480 429 2560 cognosceretur,
464 2476 616 2540 Zenodoti
645 2477 786 2557 demum,
820 2476 1038 2560 Lycophronis
1071 2481 1103 2541 et
1130 2477 1305 2541 Alexandri

168 2607 281 2668 opera,
304 2587 442 2649 maxime
465 2589 571 2649 autem
594 2585 781 2650 Callimachi
804 2586 912 2649 labore
939 2587 1085 2650 effectum
1108 2590 1167 2650 est.
1212 2587 1306 2651 Prae·

168 2699 256 2757 terea
279 2716 350 2759 cum
372 2695 411 2758 de
433 2702 547 2773 inperio·
565 2716 689 2759 nztmero
709 2701 855 2759 librorum
878 2718 898 2759 a
920 2701 1096 2760 Ptolemaeis
1119 2701 1240 2775 regibus
1262 2705 1307 2761 vel

167 2811 336 2882 conquisito
368 2811 424 2868 vel
455 2809 630 2880 consecto
657 2803 778 2868 Gellius
805 2803 867 2886 Vl,
901 2806 938 2868 17
971 2805 1125 2888 loquitur,
1160 2828 1236 2869 num
1267 2807 1306 2869 de

168 2913 240 2975 aliis
260 2935 355 2995 quam
374 2913 577 2995 transcriptis
598 2913 831 2995 exemplaribus
848 2914 1053 2997 cogitandum
1068 2915 1140 2977 est?
1160 2915 1305 2998 qualibus

167 3021 294 3104 quidem
316 3021 491 3086 studiorum
513 3022 733 3085 instrumentis
755 3023 843 3085 nullo
865 3022 957 3086 modo
986 3031 1093 3086 c'arere
1114 3023 1164 3086 vel
1193 3023 1305 3087 docen-

168 3131 249 3193 tium
276 3131 527 3214 discentiumque
554 3130 589 3193 in
610 3130 720 3194 Museo
747 3131 916 3214 disciplina
944 3132 1049 3214 potuit
1075 3132 1125 3194 vel
1153 3133 1303 3214 privatim

167 3239 391 3303 meditantium
413 3243 446 3303 et
468 3240 751 3303 commentantium
774 3240 941 3304 industria.
986 3239 1104 3315 Quodsi
1130 3241 1304 3304 multitudi-
1323 3256 1355 3301 so

168 3348 219 3412 nis
240 3349 423 3412 vastitatem
451 3348 626 3412 demiratur
647 3348 888 3433 Bernhardyus,
918 3372 983 3412 non
1011 3349 1089 3413 satis
1116 3351 1303 3433 pensitasse,

168 3480 249 3540 quae
271 3458 377 3521 dedita
399 3479 495 3540 opera
519 3458 767 3540 enucleavimus,
792 3457 926 3521 videtur.
969 3460 1110 3523 Primum
1132 3459 1217 3522 enim
1239 3482 1304 3523 non

168 3571 217 3629 est
238 3567 355 3631 nullius
378 3567 543 3650 ponderis,
568 3567 650 3650 quod
674 3567 829 3631 cumillis
852 3568 1008 3649 numeris,
1036 3590 1167 3651 quorum
1189 3590 1305 3632 memo-

168 3676 248 3738 riam
276 3698 293 3739 e
322 3675 509 3740 Callimachi
536 3677 720 3739 testimonio
753 3680 964 3760 propagatam
994 3678 1125 3741 Taetzes
1154 3679 1302 3760 servavit,

169 3805 336 3868 corumque
363 3789 473 3849 mutua
506 3786 631 3849 ratione
663 3786 796 3849 mirifice
830 3790 1010 3870 congruunt
1036 3789 1236 3870 quotcunque
1264 3788 1304 3850 ab

168 3892 239 3956 aliis
265 3894 472 3976 scriptoribus
502 3894 580 3957 certi
612 3895 736 3957 numeri
769 3896 972 3978 quantumvis
1004 3896 1089 3959 inter
1122 3917 1155 3959 se
1188 3896 1303 3958 diversi

167 4002 285 4084 proditi
305 4007 394 4065 sunt:
417 4003 721 4086 quode'explicatius
742 4003 860 4067 dictum
877 4003 961 4067 Bibl.
978 4005 1030 4067 Al.
1048 4027 1079 4086 p.
1096 4006 1135 4068 31
1154 4003 1217 4092 [27]
1235 4025 1302 4088 sqq.

167 4111 290 4173 Deinde
314 4115 419 4175 autem
442 4113 699 4195 praetermissum
721 4112 878 4196 dolemus,
902 4114 984 4197 quod
1008 4114 1160 4196 exemplis
1182 4118 1215 4177 et
1236 4115 1303 4196 plu-

166 4219 255 4283 rimis
278 4219 370 4284 etde
392 4221 561 4304 multiplici
584 4242 702 4304 genere
727 4223 836 4304 petitis
859 4226 892 4285 et
915 4244 953 4286 ex
981 4226 1072 4307 parte
1100 4222 1192 4287 valde
1214 4227 1303 4286 nota-

165 4328 283 4392 bilibus
324 4332 419 4413 atque
455 4330 495 4394 ad
536 4330 790 4413 persuadendum
826 4333 980 4415 appositis
1018 4333 1303 4397 demonstravimus
