2924 4996
235 351 298 413 loo
504 367 549 412 ua
573 365 801 411 nnsuonums
826 365 1119 424 au'rrorrmrnu's

240 522 276 582 13
296 522 331 583 ὑὲ
354 519 476 583 Suidas.
501 522 536 583 οὲ
559 519 590 583 οἱ
612 518 685 581 libri
775 518 811 580 16
839 518 1032 595 εὑρωπαίοι(
1060 518 1084 579 C
1173 518 1381 596 ὑπηγάγοντο

1067 615 1074 648 l

236 655 360 718 anijin.
391 655 594 748 ἐπηγάγοντο
623 653 711 716 VaP.
742 654 937 730 ἐπιγάγοντο
961 653 994 714 ll.
1019 654 1225 732 ἐπηγάγοντο
1235 654 1297 734 W)

239 766 275 828 ll
304 767 426 844 χρόνον
455 787 488 829 τε
518 766 557 828 οὐ
585 766 698 847 πολλῷ
726 764 861 828 πλείονα
889 764 1058 828 ὑωκοείων
1086 765 1170 829 ἐτῶν
1194 763 1378 845 Aenum,

236 875 297 938 nisi
327 876 409 958 quod
431 896 465 939 τε
488 876 537 938 καὶ
560 875 599 937 οὑ
623 873 693 955 (5³1),
723 873 777 935 sed
807 873 945 956 appiotis
973 873 1057 936 notis
1087 875 1137 938 καὶ
1160 873 1259 936 deleri
1283 874 1380 936 iusso.

236 988 365 1065 χρόνων
406 1007 440 1050 τε
474 986 514 1048 οὐ
548 987 660 1069 πολλῷ
690 986 802 1048 πλεῖον
831 984 1000 1048 διακοείων
1029 981 1109 1046 BVa
1132 986 1165 1045 et
1192 983 1270 1067 (nisi
1299 985 1381 1066 qnod

236 1097 352 1180 πλέον)
386 1094 499 1158 Suirlas
528 1117 547 1156 a
583 1093 790 1175 Bernhardyo
825 1094 1012 1156 emendatus
1025 1093 1073 1178 **)
1210 1094 1382 1171 ἐπέμειναν

236 1205 279 1284 ll,
319 1205 372 1267 secl
402 1206 528 1282 tuernout
561 1226 616 1287 mg
775 1204 818 1266 20
856 1205 1090 1284 ὑπερεβάλλετο
1132 1202 1225 1265 CEF.
1272 1204 1382 1284 ὑπερε-

235 1290 370 1423 βάλλλετο
395 1340 422 1402 D
509 1340 550 1402 22
572 1340 708 1419 ἤρξαντο
733 1339 799 1419 (im,
829 1339 883 1401 soil
907 1341 1023 1419 ἤρξατο
1046 1359 1125 1422 mgg
1211 1339 1253 1402 27
1277 1343 1382 1404 πάιαν

236 1452 419 1533 ἐποιήεατο]
448 1451 618 1528 ἑποιήεατο
646 1448 902 1529 absorbuerit
929 1449 1153 1528 ἑποιήεατολ)
1241 1450 1283 1513 28
1314 1452 1379 1534 rire]

236 1568 302 1627 roi<
327 1562 354 1624 l)
440 1560 481 1623 29
505 1562 544 1624 οὐ
567 1562 687 1638 πολλῆ(
711 1559 917 1623 Gasaubonus
938 1560 972 1622 in
994 1559 1106 1642 Polyb.
1131 1559 1157 1639 I,
1182 1559 1296 1642 2***):
1326 1583 1382 1642 pro

236 1696 296 1757 quo
320 1671 442 1736 vitandi
466 1670 572 1733 hiatus
596 1691 707 1732 caussa
734 1672 856 1747 πολλῆ(
885 1671 943 1733 οὐκ
967 1668 1120 1733 Sintenis
1150 1673 1275 1749 πολλῆ(
1308 1670 1380 1732 libri

320 1782 359 1843 31
384 1783 546 1859 προῆλθεν
569 1779 681 1843 conl*
766 1779 855 1857 μέχρι
879 1777 1026 1841 ABEVa.
1050 1778 1123 1858 ἄχρι
1147 1779 1258 1842 ooFP

321 1919 397 2000 tlap.
422 1915 470 1978 ΠΙ
494 1938 568 1999 pag.
592 1917 623 1996 4,
648 1916 667 1976 ὑ
696 1879 817 1979 ἐκεῖνά(ι
848 1917 999 1993 λαβοῦται
1022 1914 1055 1977 O.
1086 1915 1202 1979 ἐκεῖνοι
1227 1919 1379 1994 λοβοὺεοι

236 2028 408 2111 (λαβούεαε
437 2029 504 2109 mg)
534 2027 561 2088 l)
647 2026 703 2102 μέν
732 2046 768 2100 γε
799 2023 1063 2087 ABllDEl‘VaV.
1092 2026 1151 2102 μὲν
1173 2027 1236 2105 γὰρ
1260 2025 1296 2088 Ρ.
1322 2029 1381 2105 γάρ

237 2165 332 2248 Dmg,
357 2163 470 2229 Suirlas
562 2161 580 2223 ‘l
608 2163 695 2225 δυεῖν
725 2159 791 2223 AB.
821 2164 911 2224 δυοῖν
941 2159 1009 2222 rell.
1110 2161 1129 2222 9
1153 2127 1335 2242 uupqrilioo
1358 2162 1381 2224 C

202 2442 217 2487 fi
303 2430 327 2493 *λ
357 2432 540 2496 ὑπηγάγοντο
562 2433 621 2483 tam
648 2430 693 2483 hio
720 2429 905 2483 necessarium
929 2446 1012 2496 quam
1036 2448 1062 2498 p.
1087 2437 1115 2496 3,
1135 2436 1180 2496 30,
1212 2448 1382 2498 quamquam

237 2524 367 2588 potuerat
390 2540 456 2576 saue
475 2524 560 2577 otiam
584 2525 796 2590 προτηγάγοντο
821 2524 874 2575 diei
893 2525 923 2576 ut
945 2541 971 2591 p.
991 2529 1016 2586 4,
1034 2529 1075 2576 24.
1115 2523 1220 2577 Contra
1243 2531 1381 2587 alliciendi,

236 2619 374 2666 indureruli
394 2604 536 2683 potestate
554 2617 703 2681 ἑπόγεεθοι
717 2634 781 2668 usus
795 2616 1035 2684 probaritsoluu1‚
1053 2618 1084 2669 ut
1097 2616 1143 2683 IV,
1156 2622 1172 2668 4
1185 2618 1215 2669 et
1227 2616 1260 2680 V,
1274 2623 1309 2670 52
1323 2634 1381 2670 omn

238 2711 262 2758 Α
285 2709 359 2760 reete
383 2711 512 2762 teneatur
534 2711 678 2776 vulgatum
706 2710 894 2774 ἐπαγόμενοι,
922 2711 1081 2776 audaciora,
1111 2710 1239 2776 quamvis
1263 2712 1381 2776 utroque

164 2805 166 2810 “
236 2800 296 2852 loeo
315 2800 495 2855 dissentiente
510 2807 540 2861 B,
561 2802 605 2867 lV,
623 2808 654 2854 27
675 2803 769 2854 antem
781 2803 960 2869 ἐπηγάγοντο
978 2803 1015 2855 sit
1032 2820 1066 2855 ex
1086 2806 1204 2870 utroque
1224 2803 1298 2856 libro
1318 2803 1381 2856 reci·

235 2891 378 2959 piendum,
403 2896 425 2959 Ι,
450 2902 481 2949 27
505 2898 534 2948 et
556 2895 620 2958 Vll,
644 2902 676 2949 33
703 2897 879 2960 ἐπαγόμενοι
902 2895 1080 2964 participium
1107 2896 1192 2948 etiam
1221 2896 1281 2949 sine
1306 2895 1380 2949 libris

235 2987 444 3042 restituendum.
485 2989 561 3041 lusto
589 2988 731 3041 liberalius
759 2988 793 3041 de
821 2988 863 3041 his
891 2972 1169 3056 Schweighaeuserus
1192 2988 1331 3043 iudicavit
1356 2988 1381 3041 in

236 3079 354 3157 llppiapi
372 3082 440 3134 Puu.
460 3098 519 3150 cap.
542 3089 572 3135 13
590 3083 642 3135 vol.
663 3082 701 3134 lll
720 3099 746 3149 p.
767 3088 824 3136 399.

303 3174 342 3231 aa)
361 3173 463 3226 Suirlae
482 3192 543 3227 eum
562 3192 656 3228 veram
676 3176 841 3243 scripturam
860 3192 892 3228 ex
911 3192 966 3227 noa
985 3174 1124 3241 ambiguis
1144 3173 1282 3228 librorum
1302 3177 1381 3230 vesti·

235 3264 286 3331 giis
301 3266 495 3334 Bernlrarrlyns
514 3268 564 3336 lp.
580 3273 628 3321 817
647 3267 808 3330 restituerit,
826 3270 922 3321 tamen
941 3285 1003 3321 oum
1021 3267 1108 3320 etiam
1127 3267 1204 3336 apud
1217 3268 1381 3337 Dionysium

235 3361 348 3424 χρόνων
366 3360 451 3428 recipi
470 3378 520 3428 pro
539 3364 613 3414 ἑτῶν
632 3361 715 3425 iubet,
735 3361 827 3414 neseio
847 3379 882 3414 an
900 3360 1014 3414 nimium
1033 3360 1302 3425 tribuatVrbinatis
1322 3380 1380 3416 auo·

236 3451 351 3504 toritati.
388 3453 451 3506 Non
471 3471 584 3522 prorsus
608 3453 704 3521 dispar
728 3456 771 3507 est
794 3453 868 3521 quod
890 3454 963 3507 infra
986 3454 1089 3522 legitur
1112 3456 1219 3519 χρόνον
1238 3457 1317 3510 ἐτῶν
1335 3458 1383 3509 δάο

236 3548 280 3596 καὶ
299 3546 382 3599 εἴκοει
400 3564 426 3614 p.
441 3552 465 3610 9,
485 3554 522 3600 16,
561 3547 712 3615 [‘Graeouli
731 3546 855 3600 fraudem
873 3546 1002 3614 agnoscis
1022 3546 1210 3610 manifestam,
1231 3548 1279 3614 qui
1301 3567 1382 3616 quum

236 3638 366 3703 aequales
385 3640 481 3705 χρόνοι
499 3657 550 3707 pro
569 3643 618 3707 ἔτη
637 3657 771 3708 usurpare
791 3640 912 3693 solerent
925 3642 953 3693 et
965 3639 1051 3693 semel
1070 3641 1184 3706 χρόνων
1204 3658 1257 3709 pro
1278 3645 1383 3708 χρόνον

236 3729 400 3797 scripsisset,
419 3732 526 3799 reliqua
537 3732 573 3785 ad
586 3732 657 3786 hano
672 3732 839 3801 scripturam
858 3733 1072 3786 accommodans
1092 3750 1300 3801 supervacuum
1313 3738 1386 3790 ἑτῶν

236 3822 339 3875 delevit
361 3827 389 3877 et
408 3829 507 3879 πλεῖον
527 3825 657 3893 scripsit'
694 3826 815 3879 Cobetus
834 3829 904 3879 orat.
924 3827 958 3880 ile
977 3829 1036 3880 arte
1054 3826 1168 3895 interpr.
1190 3844 1218 3894 p.
1243 3830 1315 3897 135]

303 3918 359 3985 aaa)
374 3917 442 3971 Cum
460 3921 561 3988 Λιβύη(
580 3918 657 3987 iungi
674 3937 765 3987 posse,
784 3938 839 3973 non
858 3919 894 3972 ad
912 3925 962 3987 τῆ(
982 3922 1052 3987 πρὸ(
1067 3921 1204 3988 Αἰγύπτῳ
1224 3922 1385 3975 necessario

235 4009 343 4074 relbrri,
365 4011 393 4064 id
412 4012 540 4065 nimirum
558 4015 670 4081 fugerat
693 4013 901 4067 Cusuubonum!
937 4013 999 4066 Non
1022 4015 1128 4082 patitur
1151 4013 1215 4066 hoc
1233 4017 1386 4069 verborum

236 4104 390 4169 collocatio,
409 4107 483 4173 quod
501 4106 623 4160 sentiens
643 4106 681 4159 sie.
698 4107 871 4176 transposuit
884 4112 919 4159 L:
941 4127 1020 4175 neque
1039 4113 1103 4160 enim
1122 4111 1234 4172 Africae
1252 4114 1387 4160 ‹lominaeu

235 4208 286 4261 erl,
308 4205 382 4265 parii
398 4220 460 4253 suno
478 4221 594 4268 propriae.
620 4207 669 4253 uisi
686 4207 759 4254 iuxta
779 4206 934 4269 Aeyyplum:
965 4199 1050 4252 illud
1068 4199 1195 4268 postulat
1215 4200 1339 4268 simplex
1358 4204 1384 4254 et

236 4308 304 4345 sana
321 4293 392 4345 ratio
412 4295 574 4347 sententiae.
611 4293 707 4360 Neque
726 4294 799 4347 enim
818 4311 850 4346 ex
869 4310 914 4358 eo,
938 4294 1012 4360 quod
1034 4310 1139 4360 magna
1156 4292 1258 4345 (licitur
1280 4296 1384 4352 Africa

234 4384 407 4450 intellegitur
425 4390 559 4453 quantum
576 4387 633 4439 eius
652 4391 761 4462 partem
779 4387 818 4439 illi
842 4387 1018 4441 obtinuerint.
