2948 4996
474 318 595 369 atavis
617 319 877 372 scareromnvs.
1181 302 1243 368 461

193 473 302 559 (ΧΙΠ)
339 472 367 536 Ε
396 473 540 557 proximo
569 474 651 537 libro
679 495 736 536 sua
758 473 843 536 idem
865 471 960 555 petiit
980 470 1195 555 Harpocratio
1216 495 1244 536 v.

107 585 222 664 Λητή·
244 584 413 663 Ὑπερίδηε
435 584 513 648 κατὰ
536 585 702 662 Δημάδου.
748 584 831 662 Λητὴ
859 583 952 647 πόλι(
980 582 1041 646 ἐετὶ
1062 586 1118 662 τῆ(
1140 583 1245 647 Μακε-

106 695 234 772 δονίαε,
257 694 446 772 μνημονεύει
469 695 505 757 δὲ
519 693 615 771 αὐτῆ(
637 693 792 757 πολλάκις
808 693 993 771 Μαρεύαε
1015 691 1245 771 δνεώπεροε

106 806 149 869 ἐν
176 804 275 887 έκτῳ
301 804 594 868 Μακεδονικῶν.
637 800 701 867 cur
722 823 839 884 saepe
860 802 921 864 hoc
943 800 1142 883 potissimum
1164 800 1246 863 libro

106 912 260 995 oppidum
275 911 353 975 illud
373 912 575 992 memorarit,
599 911 634 974 in
655 915 749 975 tanta
771 932 877 975 rerum
891 909 1170 974 Macedonicarum
1192 909 1245 973 ola

107 1021 260 1085 scuritate
282 1021 420 1084 divinari
441 1021 562 1104 nequit.
597 1020 666 1085 Nec
683 1042 722 1084 ex
739 1020 864 1085 adiecto
879 1019 1074 1103 Hyperidiae
1092 1019 1246 1083 orationis

106 1129 291 1194 testimonio
313 1129 392 1193 satis
413 1132 484 1193 tuto
506 1129 545 1193 dc
566 1132 709 1213 tempore
733 1130 949 1194 coniecturam
970 1129 1082 1211 facias,
1102 1129 1163 1193 etsi
1184 1127 1245 1194 De-

107 1239 234 1302 madem
256 1238 372 1302 scimus
396 1239 481 1303 circa
503 1239 693 1323 olympiadis
712 1239 773 1302 110
795 1240 915 1303 exitum
937 1238 978 1302 ad
1000 1260 1067 1302 rem
1083 1238 1246 1322 publicam

108 1349 296 1430 accessisse,
326 1349 444 1432 olymp.
468 1370 542 1412 vero
573 1349 634 1412 114
665 1352 698 1412 et
726 1348 841 1412 obiisse
869 1347 1065 1432 Hyperidem
1093 1351 1126 1412 et
1153 1347 1245 1412 vehe-

107 1458 323 1521 mentissimas
349 1458 434 1522 inter
466 1462 633 1541 utrumque
666 1458 852 1522 inimicitias
880 1458 1045 1522 exarsisse.
1090 1456 1175 1522 Nam
1204 1479 1245 1520 ne

107 1568 155 1631 sic
183 1567 309 1651 quidem
337 1567 408 1650 plus
440 1567 621 1650 proficitur,
650 1589 745 1651 quam
773 1568 814 1631 ad
840 1572 986 1650 tempora
1012 1568 1098 1632 inter
1126 1567 1250 1649 olymp.

109 1677 222 1758 111,4
244 1676 300 1759 (cf.
323 1675 364 1739 fr.
386 1676 430 1761 X)
454 1681 486 1740 et
510 1677 580 1759 114,
604 1677 624 1741 3
646 1677 815 1741 interiecta
838 1677 1029 1759 pertinuisse
1050 1677 1138 1740 urbis
1161 1677 1246 1739 illius

107 1786 313 1849 mentionem.
361 1783 520 1871 [Ceterum
542 1786 580 1850 de
597 1786 675 1849 Lete
698 1787 814 1869 oppido
835 1786 1028 1849 testimoniis
1051 1807 1070 1848 a
1091 1785 1246 1849 Muellero

106 1917 140 1978 p.
164 1894 207 1958 44
235 1894 353 1958 coactis
382 1894 462 1958 adde
484 1894 624 1958 Plinium
651 1895 728 1960 Nat.
751 1896 827 1959 hist.
850 1894 913 1977 IV,
937 1896 978 1960 36
1006 1899 1038 1959 et
1061 1894 1246 1960 Sallustium

108 2002 267 2067 Prisciani
288 2003 350 2068 XV
372 2027 403 2086 p.
430 2005 511 2068 1008
533 2004 569 2068 Ρ.
594 2005 635 2069 66
658 2003 713 2093 Η.]

194 2112 299 2197 (XIV)
322 2112 536 2197 Harpocratio
557 2137 588 2177 v.
613 2114 857 2194 Ἀμφίπολιε·
880 2165 886 2178 .
911 2165 917 2177 .
941 2165 947 2178 .
972 2115 1157 2195 Μαρεύαε
1180 2118 1246 2196 (μα-

107 2227 209 2302 ροῡεα
224 2222 329 2308 codd.)
352 2225 386 2288 δ’
408 2224 450 2289 ἐν
474 2225 764 2289 Μακεδονικαῐε
787 2223 857 2308 (aut
879 2207 996 2289 circidit
1018 2224 1168 2304 ἱετορίαιε
1190 2227 1246 2288 aut

109 2331 306 2395 confidenter
338 2333 555 2415 reponendum
588 2335 833 2416 Μακεδονικοῖς)
851 2315 854 2320 ’
869 2336 921 2399 διὰ
954 2336 992 2399 τὸ
1024 2337 1247 2414 περιοικεῐεθαι

106 2443 166 2507 τὸν
194 2442 297 2508 τόπον
325 2443 514 2522 Ἀμφίπολιν
543 2443 723 2521 ὠνομάεθαι
750 2443 911 2524 πρότερον
939 2446 1058 2523 Ἄκρον
1093 2445 1245 2523 καλουμέ-

106 2573 179 2630 νην.
224 2552 243 2629 ἡ
271 2554 306 2616 δὲ
335 2553 448 2633 Ἀρεοε
476 2553 656 2633 καλουμένη
684 2555 776 2618 πόλι(
806 2580 821 2617 ι
851 2581 880 2616 ι.
925 2552 978 2617 Sic
1007 2553 1094 2617 enim
1120 2553 1199 2617 haec
1229 2575 1246 2617 e

107 2660 254 2744 vestigiis
267 2661 393 2743 ‚codicis
417 2662 694 2746 Cantabrigiensis
716 2663 891 2748 academici
911 2663 1130 2756 scribenda.*)

108 2949 163 2996 νοι,
180 2932 234 2984 τὸν
252 2933 282 2984 δὲ
299 2932 453 2985 ὑπακούειν
470 2933 695 3000 ἀποφηνάμενον
715 2914 849 3000 Κυρεέλον
867 2934 1138 2987 καταλιθώεαντεεν.
1167 2930 1247 2985 Vnde

106 3039 205 3077 verum
222 3022 341 3076 hominis
358 3040 460 3077 nomen
479 3025 612 3091 Κυρθίλοε
635 3023 793 3079 Dindorfius
810 3025 934 3078 restituit
950 3043 977 3093 p.
1000 3030 1056 3079 188.
1088 3055 1121 3063 -
1149 3024 1246 3078 Paullo

106 3119 205 3169 tamen
223 3116 304 3169 aliter
321 3116 356 3169 de
373 3116 477 3170 talibus
500 3116 581 3170 video
603 3117 814 3185 Bernhardyum
838 3119 960 3171 statuere
982 3117 1011 3171 in
1034 3115 1247 3181 ‘Quaestionum

106 3208 144 3261 de
170 3208 397 3277 Harpocrationis
424 3210 518 3263 aetate
545 3209 680 3263 auctario’
714 3209 783 3276 (lad.
813 3209 897 3263 schol.
927 3212 995 3263 aest.
1024 3209 1086 3263 Hal.
1116 3226 1140 3263 a.
1170 3211 1246 3276 1856)

132 3300 251 3354 .le.

105 3319 129 3369 p
177 3394 201 3460 *)
219 3302 332 3446 {ditum
350 3395 492 3462 πρότερον
509 3395 616 3461 Ἀκραν
635 3395 818 3462 καλουμένην.
852 3395 880 3447 ol
897 3395 926 3447 δέ
944 3395 1042 3461 Ἀρεοε
1061 3396 1155 3448 πόλιε;
1175 3411 1246 3460 quae

105 3502 160 3555 per
178 3503 207 3538 se
226 3485 406 3554 suspitionem
424 3496 545 3540 movent.
581 3486 658 3539 Libri
675 3489 769 3540 autem
787 3485 849 3552 (nisi
868 3486 942 3552 quod
960 3503 1022 3539 cum
1034 3486 1247 3554 Magdalenensi

104 3578 212 3633 faciens
230 3578 401 3632 Burneianus
413 3578 503 3633 Musei
514 3578 674 3644 Britannici,
692 3578 758 3632 olim
770 3578 927 3645 Perusinus,
943 3578 1013 3632 hacc
1031 3579 1124 3632 omnia
1143 3579 1246 3647 omisit)

104 3672 179 3725 haec
196 3673 306 3725 tenent:
325 3674 468 3739 πρότερον
486 3674 559 3740 ἄκρα
576 3673 742 3740 καλουμένη.
764 3673 792 3726 οἱ
809 3674 839 3726 δέ
857 3673 956 3738 Ἀρεοε
974 3674 1063 3726 πόλιε.
1097 3671 1175 3725 Vnus
1193 3671 1246 3726 Ga-

102 3765 204 3818 leanus
223 3765 407 3832 καλουμένην.
444 3763 499 3818 Sed
516 3765 634 3818 multum
652 3764 793 3833 discrepat
810 3765 882 3818 alter
900 3763 1151 3833 Cantabrigiensis:
1179 3767 1246 3832 πρό-

102 3872 194 3923 τερον
211 3859 283 3924 ἄκρα
302 3859 466 3925 καλουμένη.
502 3859 520 3923 ἡ
539 3860 569 3911 δέ
586 3860 685 3925 Ἄρεα(
703 3860 861 3926 καλουμένη
880 3860 960 3912 πόλι(
980 3874 1041 3911 cum
1058 3858 1174 3911 lacunae
1192 3858 1247 3925 sig·

101 3948 273 4004 nificatione.
304 3950 431 4018 Apparet
448 3949 648 4004 nominativum
667 3967 700 4003 ex
718 3950 919 4019 posterioribus
937 3951 965 4003 in
983 3951 1076 4019 priora
1092 3951 1246 4019 irrepsisse,

100 4044 134 4097 ot
161 4042 256 4095 autem
279 4044 454 4096 correcturae
476 4042 579 4096 deberi.
618 4043 685 4111 [Nec
708 4060 777 4111 opus
800 4046 844 4097 est
865 4043 1068 4097 Hemsterhusii
1086 4044 1171 4112 (apud
1193 4044 1247 4096 Do-

99 4136 225 4189 braeum
237 4133 351 4187 Advers.
366 4135 378 4187 Ι
395 4153 422 4204 p.
438 4138 480 4202 71)
499 4136 670 4190 correctione
688 4137 875 4204 nepiprlceot,
893 4153 944 4189 nec
961 4154 1012 4205 per
1024 4154 1053 4190 se
1070 4136 1180 4205 placere
1198 4136 1247 4190 illa

96 4228 210 4299 potest.
236 4233 422 4294 περιρρεῖεθαι
444 4227 574 4296 placebat
596 4229 730 4283 Muellerc
752 4247 779 4297 p.
799 4234 844 4282 45:
874 4229 902 4281 id
925 4229 999 4296 quod
1021 4228 1158 4298 Stephani
1180 4231 1244 4298 Byz.

94 4340 128 4394 p.
153 4325 248 4385 90,14
271 4319 363 4373 verbis
386 4321 496 4375 firmare
519 4320 650 4376 Stiehlius
674 4339 700 4390 p.
721 4326 771 4374 lot
790 4322 902 4376 studuit.
943 4322 997 4375 Vbi
1022 4324 1113 4377 ΑΚΡΑ
1135 4323 1246 4376 litteras
