2904 4996
230 328 292 392 680
560 343 802 391 ETYMOLoolcl
827 343 1040 390 ιιιααιιοιιιι

230 520 292 578 περ
314 498 513 579 Ἀρχίλοχοε·
539 491 633 574 αἷνός
655 520 704 573 τις
725 493 931 580 ἀνθρώπων,
954 491 999 572 ὦς
1014 495 1070 580 ἄρ’
1088 493 1265 582 ἀλώπηξῆ
1286 497 1402 575 ἀετόςιι

231 608 401 686 ξυνωνίαν
424 609 553 672 ἔθεντο.
579 610 629 674 καὶ
643 608 803 674 Ἡείοδοε·
826 608 891 670 νῦν
914 604 946 670 (λ’
970 601 1070 674 αἶνον
1093 608 1274 692 βασιλεύσ’
1298 609 1372 692 ἐρέω

231 718 367 783 νοέουσι
389 715 447 782 καί
468 714 598 794 αὐτοῖς·
623 707 683 784 αλλ’
708 719 781 802 ἴρηξ
804 716 1005 801 προσέειπεν
1023 715 1154 803 ἀηδόνα
1177 719 1375 785 ποικιλόδει-

232 851 303 910 ρον.
327 829 393 895 ἀπὸ
416 831 451 896 δὲ
467 834 591 912 φυτῶν,
616 830 661 895 ὼε
676 831 764 910 παρὰ
781 830 985 915 Καλλιμάχῳ·
1010 827 1113 895 ἄκουε
1128 831 1168 895 δέ
1190 828 1252 895 τόν
1274 826 1376 912 αἶνον,

232 941 270 1004 έν
292 962 368 1004 κοτε
389 939 517 1027 Τμαίλφ
539 939 677 1024 ιλαίφνην
700 937 795 1024 ἐλαίη
818 948 930 1016 νεῖκος
945 938 981 1002 οί
999 940 1103 1004 πάλαι
1118 940 1232 1006 Λυδοὶ
1249 943 1377 1025 λέγουσι

230 1050 355 1115 θέσθαι
386 1053 437 1117 καί
464 1053 503 1117 τὰ
532 1052 611 1131 ἑξῆτ.
639 1052 722 1117 ἔττιν
750 1051 769 1116 ὁ
797 1050 889 1116 αἶνοτ
918 1052 1125 1132 ἑξηιιλωμένη
1155 1056 1312 1135 παροιμία
1333 1055 1409 1118 καίει

232 1162 310 1241 μετὰ
338 1163 511 1241 διηγήτεωε
540 1161 756 1242 ἀπαρτίζουτα
788 1163 826 1228 τό
854 1163 1039 1243 νοούμενον
1066 1165 1151 1243 πρὸ(
1180 1165 1379 1245 παραμυθίαν

232 1293 266 1338 τε
295 1273 345 1337 καὶ
373 1273 536 1354 ὠφέλειαν
562 1276 629 1339 τῶν
658 1272 857 1352 ἀνθρώπων·
890 1275 1045 1353 παροιμία
1078 1276 1114 1340 δὲ
1141 1277 1202 1353 τὴν
1232 1274 1382 1341 ἀπὸτοῦ

232 1383 410 1464 κεφαλαίου
440 1384 492 1448 ἐπὶ
519 1383 556 1450 τὸ
587 1386 696 1465 χεῖρον
720 1383 893 1466 ἀναφορὰν
916 1383 981 1464 ἔχει
1003 1384 1182 1451 ένδέαυταν
1205 1390 1269 1451 τοῦ
1292 1385 1381 1450 αἴνου

232 1495 283 1559 καὶ
311 1497 379 1574 τὴν.
400 1494 519 1561 ἔξωθεν
549 1494 744 1574 ἐνδεχομένη
774 1495 958 1574 μετάβατιν,
987 1495 1059 1560 οίον
1088 1494 1169 1576 μένε
1197 1498 1286 1578 βοῦς
1308 1517 1382 1560 ποτε

234 1602 395 1688 βοτάνην,
417 1606 469 1670 καί
491 1601 606 1680 κισσός
627 1601 699 1685 μετ’
723 1601 942 1689 αίνθεοτήρια.
1396 1620 1415 1657 ὅ

317 1715 349 1779 4.
395 1715 627 1800 [Ἀκόνιτονε
660 1764 1000 1780 ............
1002 1714 1013 1801 ]
1043 1719 1232 1781 κονιοῦεθαι
1261 1719 1386 1796 γὰρτὸ

234 1826 389 1892 παλαίειν.
428 1827 615 1906 Θεόκριτος·
651 1821 766 1902 κισσός
799 1824 962 1912 ἑλιχρόαφ
999 1825 1231 1908 κεκονιμένος.
1279 1830 1318 1892 τὸ
1349 1830 1385 1905 μὴ

235 1937 415 2016 νικώμενον
439 1935 498 2003 οὖν
522 1937 587 2003 ὑπὸ
615 1940 682 2002 τῶν
704 1937 876 2026 πινόντων.
923 1937 1094 2019 Εὐφορίων
1122 1940 1276 2017 θηλυκῶτ
1307 1939 1386 2014 λέγει

238 2049 297 2127 τὴν
322 2048 474 2128 βοτάνην.
497 2049 538 2126 ἣν
560 2048 667 2114 οὐδεὶς
689 2047 821 2114 δύναται
842 2051 963 2114 κονῑεαι
985 2050 1125 2113 ταυτέττι
1148 2053 1286 2128 νικῆται.

320 2159 351 2222 5.
396 2159 627 2225 Ἁλίπαττον
659 2158 855 2237 ἁλιεπάρτου
884 2160 1037 2241 διαφέρει.
1069 2160 1107 2223 τὸ
1137 2160 1198 2237 μὲν
1227 2161 1294 2240 γὰρ
1324 2160 1417 2224 ἁλεὶω

237 2271 442 2349 πεπατμένον
470 2269 565 2349 κρέα(
593 2271 612 2348 ἢ
641 2269 730 2349 ἰχθὺν
766 2269 880 2345 ἔλεγον
909 2269 1096 2334 ἁλίπαετον·
1125 2269 1330 2350 ἁλίτπαρτον
1356 2271 1388 2334 δὲ

236 2382 294 2459 τὴν
324 2379 377 2444 ἁλὶ
405 2381 665 2459 κατεεπαρμένην
693 2381 812 2459 χώραν.
840 2383 908 2445 τῶν
929 2381 991 2460 γὰρ
1019 2379 1165 2460 ἀρχαίων
1189 2386 1295 2447 τινῶν
1319 2387 1387 2461 βαμ-

238 2490 348 2571 βόιρων
371 2494 533 2569 δυεμενῶτ
556 2491 763 2569 διακειμένων
791 2491 875 2569 πρὸ(
895 2490 972 2555 τοὺ(
993 2491 1171 2572 (Έλληνας,
1201 2492 1263 2556 τὰ(
1286 2494 1388 2571 χώρα(

238 2600 347 2665 αὐτῶν
375 2599 445 2665 ἁλτί
472 2601 679 2681 κατέεπειρον
708 2601 752 2666 είε
779 2600 817 2664 τὸ
846 2602 952 2679 μηκέτι
984 2600 1136 2666 δόνατθαι
1172 2603 1292 2681 φέρειν
1321 2623 1388 2680 ιαμ

238 2711 330 2776 πούε.
353 2709 429 2775 ὅθεν
449 2713 500 2777 καί
522 2711 541 2776 ὁ
565 2712 633 2793 βίοε
654 2714 732 2777 τοὺ(
754 2713 940 2796 ᾑκιτμὲνου(
961 2714 1075 2775 δεινῶ(
1098 2711 1148 2775 καὶ
1173 2713 1418 2792 δυεθεραπεύ-ιι

237 2842 303 2887 τωε
326 2821 461 2902 ἔχοντα(
483 2822 523 2886 τὰ
545 2823 674 2903 εώματα
697 2821 908 2902 ἁλιτπάρτουτ
931 2824 1026 2886 καλεῖ.

239 3081 299 3145 (706
318 3077 360 3131 ed.
381 3079 407 3144 3)
484 3083 515 3130 15
535 3077 707 3144 Ἀρχίλοχοε]
726 3076 759 3129 fr.
778 3080 811 3130 86
829 3074 900 3144 ng.
989 3080 1020 3128 16
1039 3075 1178 3144 Ἡτίοδοτ]
1200 3076 1254 3145 Op.
1277 3084 1327 3130 *λον

240 3178 271 3226 18
301 3171 480 3239 Καλλιμάχῳ]
504 3170 538 3222 fr.
562 3175 595 3224 93
620 3169 712 3224 Reno.
737 3168 793 3222 Vbi
816 3171 946 3234 έγκονται
973 3184 1024 3237 pro
1052 3169 1084 3222 ἔν
1107 3185 1176 3223 κοτε
1200 3170 1292 3225 etiam
1314 3169 1388 3231 oud„

238 3265 307 3319 item
326 3265 406 3331 ἐλαίη
425 3279 498 3317 εικοε
568 3269 601 3316 24
624 3264 675 3328 μέν
699 3279 712 3318 ε
732 3265 797 3328 βοῡ(
821 3264 892 3318 ποτὲ
915 3266 1026 3328 βοτανιε
1049 3260 1135 3315 Gud.:
1156 3263 1192 3316 es.
1212 3263 1386 3334 Apostolium

239 3357 285 3422 XI,
306 3362 335 3410 11
355 3359 384 3411 ot
401 3356 436 3423 11,
452 3360 469 3410 4

310 3462 502 3514 Ἀκονιοθεθαι
520 3461 572 3526 γὰρ
590 3462 625 3513 τὸ
644 3455 747 3514 παλάέ
764 3461 920 3527 θεόκριτοε·
940 3461 1028 3512 κιετὸτ
1041 3459 1180 3525 ελλχρύεω
1200 3464 1387 3526 κεκονιμένοι.

240 3558 275 3609 τὸ
294 3556 346 3620 μὲν
364 3555 523 3618 νικώμενον
541 3554 592 3607 οὖν
613 3554 671 3607 ὑπὸ
689 3557 751 3607 τῶν
775 3554 952 3618 ποινόντων,
977 3553 1122 3619 εὐφορίων
1146 3556 1279 3620 θηλοοῡν
1298 3557 1386 3622 (θηλιι

241 3652 298 3702 κῶε
316 3648 402 3715 mrg.)
421 3647 496 3711 λέγει
513 3649 568 3714 τήν
586 3648 718 3715 βοτάνην.
736 3648 772 3713 ἣν
790 3648 882 3701 οὐδείε
905 3648 1020 3700 δύναται
1039 3646 1145 3699 κονίεαι
1165 3649 1301 3701 τοοτὲττι
1319 3651 1387 3711 νικῆ·

241 3758 290 3795 (αι.
314 3762 349 3787 =
369 3740 462 3808 Etym.
488 3739 609 3794 Gudiani
630 3739 768 3808 particula
785 3758 812 3809 p.
832 3745 877 3806 27,
896 3746 943 3806 23,
959 3738 1027 3793 item
1045 3737 1135 3807 Etym.
1157 3738 1196 3792 M.
1217 3758 1245 3809 p.
1268 3748 1311 3806 50,
1327 3747 1388 3794 420

241 3834 300 3887 αοιλ.
321 3831 474 3888 Sorbonioo
493 3832 606 3886 demum
624 3833 747 3902 suppleti
763 3832 913 3887 Gaisfordii
931 3831 1111 3887 adnotatione
1165 3839 1201 3886 26
1217 3835 1386 3901 κονιοῦεθαι]

241 3928 378 3982 κονίεεθαι
397 3925 535 3981 Thesauri
553 3926 675 3980 editores
694 3925 732 3979 IV
749 3944 776 3996 p.
792 3932 855 3980 1801
913 3931 945 3979 ‘27
964 3926 1126 3993 Θεόκριτοε]
1147 3926 1217 3992 Ι,30
1273 3933 1387 3993 29on-

241 4021 296 4088 (αι]
317 4025 414 4087 κνῆεαι
431 4019 587 4085 Μοίαελτίιω
605 4020 685 4074 Αιιαλ.
703 4020 781 4074 Alex.
800 4039 826 4090 p.
847 4026 880 4075 64
897 4021 1011 4091 praeter
1027 4019 1168 4074 rationem

310 4115 463 4168 Ἀλίιιαταν
480 4115 652 4181 ἀλιετιάρτου
670 4116 803 4181 διαφέρει.
821 4115 856 4169 τό
874 4116 926 4181 μὲν
944 4116 996 4180 γὰρ
1014 4113 1075 4167 ἀλεί
1093 4117 1284 4180 πεπαεμένον
1303 4119 1387 4184 κρὲαε,

243 4210 288 4260 καλ
308 4207 388 4272 λχθὺν
406 4209 506 4272 ἔλεγον
525 4208 675 4262 δλίπαταν·
700 4210 871 4274 ἁλίεπαρτον
890 4209 920 4261 δέ
939 4209 993 4273 τὴν
1012 4208 1127 4261 δλίκατε
1146 4211 1318 4277 επαρμένην
1340 4211 1387 4275 χώ-

243 4316 302 4365 ραν.
330 4304 390 4354 τῶν
418 4302 471 4367 γὰρ
497 4301 623 4367 ἀρχαίων
649 4306 738 4355 τινῶν
766 4302 914 4368 βαρβάρων
937 4303 1080 4366 δυτμενιῑιε
1107 4302 1300 4366 διακειμένων
1323 4305 1387 4369 πρὸ(

243 4394 309 4446 τοὺ(
330 4396 463 4461 ἐ’λληναε,
487 4397 537 4448 τὰ(
557 4396 649 4462 χώρα(
667 4397 765 4449 αὐτῶν
784 4396 845 4449 ἀλελ
864 4395 1056 4462 κατέτιτηρον,
1076 4394 1115 4448 el<
1133 4396 1169 4447 τὸ
1190 4398 1294 4463 μηκέτι
1312 4398 1388 4451 δύνα·
