2896 4996
479 346 525 392 66
548 346 618 393 ono
642 347 685 391 66
708 345 849 392 oureus.
1172 328 1234 391 637

71 478 111 565 Ὶὸ
136 502 290 579 minacior
312 500 447 580 εἴρηκεν.
493 497 557 562 Vbi
580 520 675 581 quam
699 498 869 580 expetebat
891 495 1085 559 Fritzschius
1113 494 1151 558 de
1174 495 1235 558 Ba-

90 610 229 694 byloniis
251 633 283 694 p.
300 610 342 674 23
364 611 561 676 ζώντειον
583 608 731 693 sormam,
755 629 826 671 eam
849 611 881 670 et
903 606 1047 672 Koenius
1070 606 1179 669 attulit
1200 607 1234 669 in

90 719 188 804 Greg.
214 719 285 785 Cor.
309 742 341 803 p.
358 720 421 784 568
444 741 461 782 e
484 718 564 782 libro
587 717 733 782 Leidensi
758 720 791 781 et
806 716 948 780 Zonaras
970 717 1104 800 praebet
1124 739 1154 799 p.
1173 716 1234 780 966

89 851 283 914 quamquam
304 851 445 893 seorsum
475 829 622 913 positam.
647 826 809 891 -Vides
839 849 889 891 me
916 849 983 891 non
1005 829 1172 908 monente,
1201 826 1231 888 id

89 939 175 1024 qnod
196 941 419 1025 significabam
442 942 554 1020 antea,
586 961 646 1003 nec
668 938 748 1002 hacc
771 941 892 1001 certam
918 959 986 1002 esse
1008 936 1234 1001 necessitatem

89 1050 131 1112 ad
144 1034 417 1134 xorthographiam
439 1051 544 1133 potius
567 1049 624 1114 Ori
646 1071 743 1133 quam
767 1048 918 1112 aliorsum
940 1046 1111 1111 referendi.

613 1249 633 1327 6
656 1246 708 1311 aa.

177 1385 204 1445 1.
240 1380 432 1466 Progredior
460 1381 500 1445 ad
528 1382 687 1446 Ἐθνικά.
734 1381 874 1456 Quorum
905 1380 965 1444 etsi
996 1379 1233 1464 Etymologico-

88 1514 160 1555 rum
182 1495 327 1575 auctores
350 1513 388 1556 ea
409 1495 537 1554 tantum
558 1492 625 1555 sere
642 1493 884 1575 excerpserunt,
909 1512 989 1574 quae
1012 1489 1053 1553 ad
1068 1490 1233 1553 nominum

88 1603 340 1686 originationem
367 1605 566 1685 spectarent:
595 1623 692 1684 quam
719 1600 887 1665 fatendum
914 1604 964 1664 est
990 1601 1132 1664 omnium
1161 1622 1233 1683 par-

87 1717 154 1776 tem
183 1732 251 1776 esse
276 1713 513 1776 tenuissimam:
544 1717 655 1776 tamen
682 1733 724 1775 ne
757 1712 802 1775 sic
834 1711 961 1795 quidem
994 1710 1121 1775 efficere
1155 1710 1234 1774 illud

87 1824 277 1905 potuerunt,
312 1826 363 1905 nt,
398 1845 494 1906 quarn
527 1822 619 1906 larga
649 1843 755 1886 rerum
792 1822 1108 1905 exquisitissimamm
1142 1822 1233 1905 copia

87 1933 290 2015 praeclanmr
312 1953 390 2016 opus
413 1932 565 1996 refertum
587 1928 700 2015 fuerit',
729 1954 795 1995 non
817 1932 1042 2016 intellegamus
1065 1931 1233 1996 evidentis-

87 2043 178 2105 sime.
210 2043 316 2126 Atque
332 2042 385 2105 hic
400 2042 556 2124 imprimis
571 2042 664 2105 nobis
680 2040 835 2104 dolendae
850 2044 926 2105 6666
941 2041 1034 2105 huius
1049 2042 1232 2125 scriptionis

87 2152 260 2238 angustiae
267 2203 275 2234 ,
305 2152 419 2236 quibus
447 2153 669 2235 vehementer,
699 2151 866 2235 quominus
894 2152 965 2215 aliis
993 2174 1116 2236 quoque
1142 2153 1232 2216 illam

85 2263 321 2346 praestantiam
343 2263 471 2345 penitus
493 2262 755 2346 persuadeamus,
780 2261 994 2345 prohibemur.
1033 2262 1232 2347 Quamquam

86 2371 172 2456 qnod
200 2372 294 2436 hodie
321 2373 390 2436 fieri
418 2373 598 2454 nonlicet,
628 2371 661 2434 id
688 2394 852 2456 speramus
873 2371 943 2436 fore
966 2375 1001 2435 ut
1023 2373 1147 2456 plenius
1175 2374 1232 2438 ali-

86 2482 215 2566 qnando
237 2504 294 2565 per
316 2483 414 2546 aliam
436 2504 568 2566 eamque
591 2483 632 2546 ab
653 2483 716 2546 hac
736 2482 872 2565 multum
893 2482 1052 2546 diversam
1074 2505 1232 2548 commen-

86 2592 179 2656 tandi
201 2593 475 2677 opportunitatem
498 2614 747 2676 compensemus.
786 2592 947 2667 Quantam
970 2596 1076 2658 autem
1099 2616 1232 2679 cumque

85 2703 122 2766 in
145 2702 282 2770 ethnicis
305 2702 362 2768 Ori
392 2703 584 2788 fragmentis
613 2693 816 2788 agnoscimus
844 2703 1074 2787 antiquitatum
1101 2726 1231 2790 graeca·

85 2835 158 2876 rum
188 2813 399 2878 eruditionem
426 2834 592 2897 rerumque
625 2813 854 2897 mythicamm,
886 2813 1126 2897 historicarum,
1157 2837 1230 2901 geo-

86 2923 315 3008 graphicarum
337 2924 529 2987 ubertatem:
560 2946 732 3008 numquam
760 2928 869 2987 tamen
892 2946 966 2993 non.
985 2924 1159 3010 diligenter
1183 2948 1231 2989 re·

87 3033 282 3098 cordandum
305 3034 365 3098 hoc
388 3037 451 3116 est,
475 3034 721 3120 grammaticum
744 3056 812 3098 esse
835 3035 869 3097 in
892 3055 953 3117 quo
968 3056 1138 3118 versemur,
1163 3057 1229 3100 non
1248 3054 1279 3102 51

87 3144 308 3229 geographum
331 3144 573 3227 historicumve,
604 3166 663 3209 neo
690 3144 895 3208 historiarum
925 3166 1039 3208 caussa
1067 3145 1229 3209 illustran-

87 3254 199 3318 darum
221 3254 293 3318 illas
317 3255 424 3338 copias
447 3256 593 3339 congeri,
624 3255 679 3318 sed
706 3254 746 3317 ad
768 3255 1016 3338 promovendam
1044 3257 1229 3340 grammati·

88 3385 159 3428 cam
182 3369 293 3430 artem.
339 3364 407 3428 Nec
430 3365 516 3428 aliud
538 3365 722 3429 institutum
751 3369 878 3430 constat
900 3365 1056 3449 Stephani
1079 3365 1228 3450 Byzantii

87 3496 165 3538 esse.
211 3476 260 3539 Ac
282 3475 321 3538 de
343 3476 408 3541 Oro
436 3476 532 3560 plane
560 3476 645 3539 idern
672 3478 833 3540 testantur
856 3476 972 3542 Suidae
995 3478 1107 3541 verba:
1137 3479 1228 3543 dume

84 3586 125 3650 τὰ
153 3586 259 3651 ἐθνικὰ
288 3588 426 3652 λεκτέον.
470 3585 520 3650 Νο
547 3586 616 3670 quis
645 3590 752 3650 autem
785 3609 821 3651 eo
851 3587 998 3651 imminui
1028 3587 1084 3653 Ori
1118 3587 1227 3652 laudes

83 3696 279 3778 suspicetur,
309 3696 391 3781 qnod
418 3697 452 3760 in
482 3696 621 3760 eiusdem
646 3696 803 3781 Stephani
830 3698 915 3762 illius
943 3697 1085 3763 Ethnica
1107 3699 1227 3782 plerae-

83 3826 146 3888 que
161 3805 217 3871 Ori
240 3808 423 3870 notationes
445 3807 646 3870 transierint:
671 3808 866 3871 contrarium
889 3810 993 3890 potius
1016 3809 1077 3872 sibi
1099 3830 1227 3893 persua-

82 3916 160 3979 deat
192 3938 321 3981 necesse
355 3921 419 3999 066,
454 3917 507 4000 qui
536 3916 712 3981 Herodiani
745 3919 925 3983 doctrinam
959 3941 1026 3984 esse
1057 3919 1225 4002 reputarit,

81 4047 147 4110 qna
178 4026 307 4112 singula
340 4027 521 4112 Stephanus
554 4032 727 4112 praecepta
757 4051 814 4092 sua
845 4030 934 4114 quasi
968 4031 1224 4114 superstruxerit.

80 4136 130 4200 Vt
157 4137 263 4201 hercle
291 4160 406 4222 operae
436 4138 575 4221 pretium
602 4138 745 4202 facturus
768 4161 836 4203 esse
857 4141 1013 4223 videatur,
1042 4141 1095 4224 qui
1124 4141 1226 4204 ecol-

79 4247 176 4312 lcctis
205 4248 341 4332 singulis
374 4249 548 4333 quibusque
576 4248 733 4331 Stephani
758 4249 904 4315 frustulis
937 4251 1098 4337 integram
1125 4250 1225 4314 Hero·

77 4359 172 4422 diani
195 4358 373 4425 doctrinam
396 4359 575 4421 instaurare
598 4359 762 4442 suscipiat.
807 4362 926 4426 Parum
952 4363 1052 4446 igitur
1075 4362 1225 4425 utilitatis
