2904 4996
216 361 278 426 688
548 371 791 421 ατκιιοιοαιοι
815 373 1031 422 λκοπιιαλιιι

215 529 584 611 μος,(Ἀπολλόδωρος)
606 566 649 575 -
673 527 744 591 150.
777 528 996 607 Κεραϊςτής
1020 528 1081 612 (ὡς
1106 529 1305 609 Καλλίμαχος
1328 532 1360 594 ἐν

216 641 351 721 ἰάμβοις)
374 677 416 685 -
439 639 575 718 Κερδώ
605 637 664 721 (ὡς
688 640 768 717 παρ’
790 638 934 718 Αἰςχύλω
957 640 976 716 ἢ
1000 635 1091 702 Εἰδώ
1114 641 1165 703 καὶ
1184 633 1273 714 ‘Parni
1296 639 1361 704 ἀντὶ

217 754 275 814 τοῦ
305 750 324 827 ἡ
353 750 484 814 Εἰδοθέα
517 750 566 813 καὶ
594 747 769 830 Ὑψιπύλη)
805 785 847 794 -
885 749 1070 829 Κεφαλήν
1105 787 1149 797 —-
1188 750 1292 814 Κέως
1323 789 1362 798 -

219 861 391 939 Κνὰμψω
421 861 594 941 (Ἀλκαῖος
622 855 666 940 μή
696 855 801 941 μέγαν
830 856 1043 942 περικυοίφον
1072 863 1282 942 περιστίχειν
1309 861 1364 924 ἕνα

95 985 101 1019 -’
217 969 359 1054 κύκλου)
382 1008 425 1018 -
449 969 519 1034 155.
546 970 751 1049 Κμέλεθρα
773 971 871 1050 (λέγει
894 972 929 1034 δὲ
945 971 964 1034 ὁ
979 972 1181 1050 Ἡρωδιανὸς
1204 973 1266 1036 τὸν
1280 972 1365 1050 Πάμ·

219 1084 318 1161 φιλον
342 1082 516 1155 ἀναγαγεῖν
540 1080 575 1146 ἐν
598 1083 666 1143 ταῖς
688 1080 842 1154 γλώςςαις
865 1081 939 1162 κτὲ.)
962 1119 1003 1127 -
1034 1081 1178 1146 Κοινός
1204 1083 1367 1163 (Μαρςύιις

218 1189 388 1275 ίςτορεῑ*))
405 1228 448 1239 —
472 1190 684 1269 Κολαφίζω
708 1189 840 1273 (Ἀπίων
867 1240 873 1253 .
900 1241 906 1252 .
933 1241 939 1253 .
966 1241 972 1254 .
997 1192 1078 1270 παρ’
1102 1192 1303 1272 Ἐπιχάρμω
1328 1185 1369 1264 τίς

219 1297 301 1382 ταχὺ
330 1296 479 1382 κόλοιφος
507 1301 679 1382 περιπατῶ
702 1296 821 1374 δεινός.
854 1301 940 1365 οὕτω
964 1302 1129 1382 (ωρανός)
1160 1339 1202 1349 —
1229 1303 1370 1367 Κόλλα-

220 1417 281 1492 βοι
302 1449 344 1457 -
369 1410 596 1489 Κοδρὰντης
620 1448 662 1456 -
687 1409 756 1472 160.
783 1411 1002 1489 Κόμαναί
1026 1412 1183 1492 Κόχλος
1206 1413 1302 1494 (ὅθεν
1324 1414 1372 1476 καὶ

221 1521 418 1599 Θουκυδίδῃ(
448 1521 483 1584 ἐν
512 1526 558 1584 τῶ
588 1525 606 1584 δ
629 1521 680 1584 διὰ
709 1524 767 1584 τοῦ
797 1528 817 1584 ᾱ
843 1522 929 1597 λέγει
957 1520 1125 1603 κάχίακοις
1151 1573 1158 1584 .
1185 1573 1192 1585 .
1218 1574 1225 1585 .
1254 1574 1261 1585 .
1287 1526 1372 1603 παρὰ

222 1632 426 1710 Καλλιμὰχω·
451 1627 505 1693 καί
528 1632 575 1693 τοί
597 1628 729 1711 υεήλων
752 1626 856 1705 εὐθὺς
874 1629 1102 1714 οίτομοίτατοι)
1125 1671 1169 1681 —-
1194 1635 1373 1699 Κουςτω·

221 1743 286 1806 δία
308 1779 350 1789 -
381 1743 637 1822 Κρηςφύγετα
664 1779 706 1788 —-
737 1742 1004 1820 Κροκόδειλος
1027 1744 1132 1824 (καὶὴ
1157 1749 1271 1823 χρῆςις
1295 1745 1375 1823 παρ’

221 1853 423 1933 Ἱππώνακτι)
456 1890 497 1899 -
539 1851 608 1916 165.
650 1852 798 1930 Κρόκος
827 1852 947 1933 (οὕτως
975 1851 1071 1932 εὗρον
1100 1854 1136 1918 ἐν
1167 1853 1375 1934 ὑπομνήματι

223 1963 352 2027 Ἰλιάδος
381 1962 608 2043 Ἀριςτονίκου)
631 2001 672 2008 -f
710 1962 861 2041 Κρόςας
895 1964 1110 2043 (Ἀρίςταρχος
1142 2013 1149 2025 .
1178 2014 1185 2026 .
1214 2015 1221 2026 .
1252 2015 1259 2029 .
1291 1967 1375 2030 οὕτω

119 2160 124 2169 1
223 2073 397 2137 Φιλόξενος
425 2073 460 2137 ἐν
489 2075 534 2136 τῶ
563 2074 635 2151 περὶ
666 2072 763 2137 Ἰάδος
795 2074 961 2138 διαλέκτου
987 2123 993 2136 .
1019 2122 1025 2134 .
1052 2123 1057 2134 .
1085 2122 1091 2135 .
1116 2075 1169 2138 καί
1192 2079 1300 2140 ταῦτα
1322 2078 1376 2154 μὲν

225 2184 243 2246 δ
266 2182 393 2263 Ὠρίων.
426 2184 489 2258 ἐγὼ
519 2184 555 2246 δὲ
583 2182 680 2263 εὗρον
705 2183 833 2262 ςχόλιον
855 2183 1089 2264 παρακείμενον
1112 2185 1191 2265 κτὲ.)
1215 2225 1263 2232 -
1289 2187 1376 2265 Κρό-

225 2315 295 2359 νος
323 2293 521 2374 (Χρύςιππος
545 2344 551 2355 .
578 2343 584 2354 .
611 2343 618 2355 .
646 2343 651 2354 .
686 2293 791 2358 οὕτως
819 2295 883 2369 ἐγὼ
913 2295 1039 2358 Φώτιος
1066 2294 1085 2358 ὁ
1108 2296 1318 2375 πατριάρχης
1338 2324 1378 2353 =

226 2402 308 2467 Gud.
332 2402 405 2485 586,
430 2401 485 2485 21)
514 2440 555 2450 —
590 2403 797 2484 Κρόταφοι
820 2403 879 2486 (ὡς
901 2406 936 2469 δὲ
958 2405 1209 2483 Ἀπολλόδωρος
1235 2457 1242 2469 .
1269 2458 1275 2469 .
1302 2459 1308 2468 .
1331 2406 1378 2469 ,δ

224 2559 260 2620 δὲ
282 2556 426 2620 Ἀππίων
450 2557 501 2620 κτὲ
504 2607 601 2620 .....
624 2561 679 2634 τῆς
703 2560 843 2638 κεφαλῆς
866 2561 924 2622 τοῦ
947 2558 973 2620 ὠ
1004 2555 1047 2640 [h.
1072 2578 1099 2620 e.
1121 2558 1234 2622 οὕτως
1251 2557 1377 2645 Ὦρος])

224 2705 266 2714 —
302 2668 440 2733 Κτίλος
473 2667 524 2747 (τὸ
553 2669 609 2744 μὲν
639 2666 814 2746 ᾶὨρίων,
848 2673 946 2732 τοῦτο
975 2670 1010 2731 δὲ
1037 2668 1272 2754 Ἡρωδ[ιανὸς]
1310 2670 1378 2747 περὶ

226 2781 354 2858 παθῶν)
390 2815 433 2823 -
472 2776 541 2840 170.
582 2778 738 2857 Κυβήβη
767 2777 938 2859 (Ὅμηρος
961 2774 1131 2859 κύμβαχος
1155 2776 1195 2841 ἐν
1219 2783 1377 2862 κονίησιν

212 2884 471 2970 intepentem
505 2883 560 2948 καὶ
593 2882 720 2970 ὤμους)
756 2925 799 2935 -
843 2888 1027 2966 Κυθρίςαι
1062 2926 1105 2936 -
1144 2889 1327 2969 Κυθέρια
1358 2889 1376 2967 ἡ

226 2999 416 3079 Ἀφρόδιτος
447 2998 640 3078 (Χρύςιππος
671 3047 678 3060 .
704 3045 711 3060 .
736 3045 743 3060 .
769 3047 775 3059 .
805 2999 855 3061 καὶ
882 2999 940 3062 τὸν
969 2999 1052 3076 παρ’
1082 2992 1280 3079 Ἀντιμάχω
1298 3001 1376 3065 τινὲς

226 3136 416 3212 καθώνυμον
427 3133 597 3221 Οἰδίπουν)
610 3171 652 3181 —
665 3082 737 3198 Κύ).
746 3155 766 3198 α
775 3155 792 3213 ρ
801 3155 844 3200 ος
857 3135 1056 3221 ((τιςέχορος
1069 3134 1104 3198 ἐν
1118 3137 1191 3199 τοῖς
1203 3135 1376 3202 ἐπιτελίοις

225 3246 334 3309 ἄθλοις
356 3246 414 3309 τὸν
437 3246 494 3323 μὲν
516 3246 629 3324 Ἑρμῆν
654 3246 829 3310 δεδωκέναι
852 3245 928 3324 φηςὶ
951 3247 1018 3309 τοῖς
1041 3245 1264 3325 Διοςκούροις
1288 3245 1375 3310 Φλέ-

226 3341 384 3435 γεουκοιὶ
397 3350 571 3435 ’Ἅρπαγον
593 3350 681 3417 οίκέοι
703 3354 804 3418 τέκνα
826 3329 970 3436 embolo„
998 3350 1108 3435 Ἥραν
1130 3351 1165 3416 δ’
1193 3350 1376 3432 ἒξοὶλισθον

227 3463 283 3527 καί
298 3461 496 3546 Κύλίαρον)
520 3501 556 3512 -
584 3466 742 3544 Κύφελα
766 3463 903 3546 (Εἰμήγη
927 3462 964 3526 δὲ
986 3461 1133 3545 κύφελα·
1162 3467 1373 3545 Καλλίμαχος)

295 3756 319 3821 *)
333 3753 515 3809 Grammatiei
526 3754 622 3821 verba,
641 3771 758 3822 quorum
775 3752 832 3808 iam
850 3772 934 3824 supra
951 3772 977 3824 p.
990 3760 1040 3808 454
1057 3752 1163 3809 mentio
1177 3756 1268 3823 facta,
1291 3753 1374 3811 subie-

228 3848 315 3901 cimus
332 3847 444 3916 integra
462 3848 556 3915 qualia
574 3847 660 3902 codex
678 3847 802 3901 exhibet:
823 3849 933 3912 λέγεται
951 3849 981 3901 δὲ
999 3851 1044 3902 καὶ
1062 3850 1157 3902 κοινὸς
1178 3853 1313 3915 βαςιλεδς
1331 3869 1375 3916 μα·

228 3942 362 3995 κεδονίας.
386 3944 508 4008 μαρςύας
529 3943 631 4008 ίςτορεῑ
653 3942 697 3994 δτι
721 3945 828 3995 κνῶπις
852 3943 886 3994 τὸ
909 3942 991 4006 γένος
1014 3942 1113 4007 κόλχος
1138 3943 1179 3997 εΙς
1204 3946 1376 4007 μακεδονίαν

228 4036 321 4087 ἐλθὼν
339 4036 455 4101 διέτριβε
474 4037 537 4101 περὶ
556 4035 678 4101 καράνω.
697 4036 758 4088 υἱοί)
778 4035 808 4087 δὲ
821 4035 976 4099 γενομένου
994 4039 1045 4087 τοῦ
1065 4035 1191 4101 καράνου
1210 4042 1260 4091 καί
1281 4042 1377 4104 βουληι

228 4129 327 4181 θέντος
350 4128 404 4179 τὸν
428 4130 513 4181 παῖδα
535 4129 592 4181 ἀπὸ
616 4133 668 4180 τοί]
693 4128 761 4180 ίδίου
784 4129 892 4194 πατρὸς
916 4128 1062 4191 ὀνομάζειν
1086 4110 1168 4181 λακῶ
1187 4131 1376 4193 ἀνθίςτοτοὴ

229 4221 334 4287 μήτηρ,
358 4222 403 4272 καὶ
426 4222 499 4288 αὕτη
522 4222 579 4274 ἀπὸ
603 4225 654 4273 τοῦ
674 4221 744 4275 ίδίου
769 4223 875 4288 πατρὸς
895 4222 1081 4287 ὀνομοςθῆναι
1101 4223 1188 4275 παῖδα
1208 4225 1377 4289 βουλομένη.

229 4314 336 4365 κλωπις
355 4315 384 4366 δ’
402 4315 523 4380 έρωτὰς,
548 4315 611 4367 εἶπε
631 4316 699 4381 μηδ’
718 4317 816 4382 ἑτέρου
840 4316 1021 4380 ὁνομάζεςθαι
1039 4314 1140 4367 αὐτὸν·
1166 4316 1206 4367 δι’
1230 4318 1307 4384 ὅπερ
1326 4334 1377 4370 κοι·

229 4407 277 4458 νὸς
296 4406 409 4472 ἐκλήθη.
428 4409 494 4460 ἔνιοι
513 4409 542 4460 δὲ
562 4408 771 4473 ἁμαρτάνοντες
790 4410 842 4461 τὸν
861 4410 958 4461 καινὸν
976 4408 1067 4460 αὐτὸν
1087 4408 1210 4460 καλοῦςι.
