<?xml version="1.0" encoding="UTF-8"?>
<!DOCTYPE html PUBLIC "-//W3C//DTD XHTML 1.0 Transitional//EN"
    "http://www.w3.org/TR/xhtml1/DTD/xhtml1-transitional.dtd">
<html xmlns="http://www.w3.org/1999/xhtml" xml:lang="en" lang="en">
 <head>
  <title>
</title>
<meta http-equiv="Content-Type" content="text/html;charset=utf-8" />
  <meta name='ocr-system' content='tesseract 3.04.00' />
  <meta name='ocr-capabilities' content='ocr_page ocr_carea ocr_par ocr_line ocrx_word'/>
</head>
<body>
  <div class='ocr_page' id='page_1' title='image "./fridericiritsch04wachgoog_0185.png"; bbox 0 0 3014 5010; ppageno 0'>
   <div class='ocr_carea' id='block_1_1' title="bbox 218 322 1132 388">
    <p class='ocr_par' dir='ltr' id='par_1_1' title="bbox 218 322 1132 388">
     <span class='ocr_line' id='line_1_1' title="bbox 218 322 1132 388; baseline 0.002 -2"><span class='ocrx_word' id='word_1_1' title='bbox 218 322 278 387; x_wconf 79' lang='grc'>166</span> <span class='ocrx_word' id='word_1_2' title='bbox 514 338 765 386; x_wconf 77' lang='lat' dir='ltr'><strong>COROLLARIVM</strong></span> <span class='ocrx_word' id='word_1_3' title='bbox 787 337 1055 388; x_wconf 79' lang='lat' dir='ltr'><strong>DISPVTATIONIS</strong></span> <span class='ocrx_word' id='word_1_4' title='bbox 1131 355 1132 358; x_wconf 73' lang='grc'>’</span> 
     </span>
    </p>
   </div>
   <div class='ocr_carea' id='block_1_2' title="bbox 121 490 1387 1997">
    <p class='ocr_par' dir='ltr' id='par_1_2' title="bbox 121 490 1362 1560">
     <span class='ocr_line' id='line_1_2' title="bbox 216 490 1358 577; baseline 0.001 -21"><span class='ocrx_word' id='word_1_5' title='bbox 216 493 274 556; x_wconf 91' lang='lat' dir='ltr'>bus</span> <span class='ocrx_word' id='word_1_6' title='bbox 298 492 505 576; x_wconf 79' lang='lat' dir='ltr'>cogitassent.</span> <span class='ocrx_word' id='word_1_7' title='bbox 543 490 618 554; x_wconf 90' lang='lat' dir='ltr'>Non</span> <span class='ocrx_word' id='word_1_8' title='bbox 639 494 746 573; x_wconf 88' lang='lat' dir='ltr'>potest</span> <span class='ocrx_word' id='word_1_9' title='bbox 768 494 874 554; x_wconf 90' lang='lat' dir='ltr'>autem</span> <span class='ocrx_word' id='word_1_10' title='bbox 895 491 977 555; x_wconf 88' lang='lat' dir='ltr'>ullus</span> <span class='ocrx_word' id='word_1_11' title='bbox 1000 513 1100 555; x_wconf 89' lang='lat' dir='ltr'>nexus</span> <span class='ocrx_word' id='word_1_12' title='bbox 1124 493 1270 577; x_wconf 81' lang='lat' dir='ltr'>cogitari,</span> <span class='ocrx_word' id='word_1_13' title='bbox 1295 494 1358 557; x_wconf 91' lang='lat' dir='ltr'>nisi</span> 
     </span>
     <span class='ocr_line' id='line_1_3' title="bbox 217 599 1360 685; baseline 0.001 -20"><span class='ocrx_word' id='word_1_14' title='bbox 217 601 372 666; x_wconf 82' lang='lat' dir='ltr'>excidisse</span> <span class='ocrx_word' id='word_1_15' title='bbox 394 599 550 685; x_wconf 88' lang='lat' dir='ltr'>quaedam</span> <span class='ocrx_word' id='word_1_16' title='bbox 578 601 738 664; x_wconf 90' lang='lat' dir='ltr'>statueris.</span> <span class='ocrx_word' id='word_1_17' title='bbox 783 599 874 675; x_wconf 84' lang='lat' dir='ltr'>Quod</span> <span class='ocrx_word' id='word_1_18' title='bbox 901 602 1015 665; x_wconf 92' lang='lat' dir='ltr'>sinon</span> <span class='ocrx_word' id='word_1_19' title='bbox 1043 604 1171 684; x_wconf 86' lang='lat' dir='ltr'>praeter</span> <span class='ocrx_word' id='word_1_20' title='bbox 1199 602 1360 667; x_wconf 87' lang='lat' dir='ltr'>rationem</span> 
     </span>
     <span class='ocr_line' id='line_1_4' title="bbox 217 709 1359 795; baseline 0.001 -20"><span class='ocrx_word' id='word_1_21' title='bbox 217 711 488 795; x_wconf 82' lang='lat' dir='ltr'>proposuerimus,</span> <span class='ocrx_word' id='word_1_22' title='bbox 526 709 579 773; x_wconf 87' lang='lat' dir='ltr'>vix</span> <span class='ocrx_word' id='word_1_23' title='bbox 611 710 708 773; x_wconf 89' lang='lat' dir='ltr'>aliam</span> <span class='ocrx_word' id='word_1_24' title='bbox 742 710 869 773; x_wconf 85' lang='lat' dir='ltr'>licuerit</span> <span class='ocrx_word' id='word_1_25' title='bbox 901 711 964 774; x_wconf 92' lang='lat' dir='ltr'>nisi</span> <span class='ocrx_word' id='word_1_26' title='bbox 996 710 1081 774; x_wconf 88' lang='lat' dir='ltr'>hanc</span> <span class='ocrx_word' id='word_1_27' title='bbox 1113 711 1308 776; x_wconf 87' lang='lat' dir='ltr'>sententiam</span> <span class='ocrx_word' id='word_1_28' title='bbox 1342 733 1359 775; x_wconf 90' lang='lat' dir='ltr'>e</span> 
     </span>
     <span class='ocr_line' id='line_1_5' title="bbox 217 819 1359 906; baseline 0.003 -23"><span class='ocrx_word' id='word_1_29' title='bbox 217 820 351 884; x_wconf 88' lang='lat' dir='ltr'>residuis</span> <span class='ocrx_word' id='word_1_30' title='bbox 378 820 559 884; x_wconf 86' lang='lat' dir='ltr'>litterarum</span> <span class='ocrx_word' id='word_1_31' title='bbox 586 819 731 903; x_wconf 84' lang='lat' dir='ltr'>vestigiis</span> <span class='ocrx_word' id='word_1_32' title='bbox 753 819 988 904; x_wconf 82' lang='lat' dir='ltr'>redintegrare:</span> <span class='ocrx_word' id='word_1_33' title='bbox 1029 822 1247 906; x_wconf 81' lang='grc' dir='ltr'>Ὀνομακρίτῳ</span> <span class='ocrx_word' id='word_1_34' title='bbox 1271 824 1359 901; x_wconf 80' lang='grc' dir='ltr'>Ἀθη-</span> 
     </span>
     <span class='ocr_line' id='line_1_6' title="bbox 168 927 1358 1019; baseline 0.001 -25"><span class='ocrx_word' id='word_1_35' title='bbox 168 950 201 998; x_wconf 80' lang='lat' dir='ltr'>so</span> <span class='ocrx_word' id='word_1_36' title='bbox 218 932 298 1014; x_wconf 83' lang='grc' dir='ltr'>ναίῳ</span> <span class='ocrx_word' id='word_1_37' title='bbox 321 932 371 995; x_wconf 89' lang='grc' dir='ltr'>καὶ</span> <span class='ocrx_word' id='word_1_38' title='bbox 394 927 404 1016; x_wconf 84' lang='grc'>[</span> <span class='ocrx_word' id='word_1_39' title='bbox 408 978 679 993; x_wconf 91' lang='grc'><strong>...........</strong></span> <span class='ocrx_word' id='word_1_40' title='bbox 690 980 699 1012; x_wconf 86' lang='grc'>,</span> <span class='ocrx_word' id='word_1_41' title='bbox 727 934 794 994; x_wconf 76' lang='grc' dir='ltr'>τοῑε</span> <span class='ocrx_word' id='word_1_42' title='bbox 817 931 866 994; x_wconf 89' lang='grc' dir='ltr'>καὶ</span> <span class='ocrx_word' id='word_1_43' title='bbox 888 931 1016 996; x_wconf 73' lang='lat' dir='ltr'>truecto</span> <span class='ocrx_word' id='word_1_44' title='bbox 1036 928 1106 1017; x_wconf 86' lang='grc' dir='ltr'>τὸν]</span> <span class='ocrx_word' id='word_1_45' title='bbox 1131 927 1358 1019; x_wconf 84' lang='grc' dir='ltr'>καλ[ούμενον]</span> 
     </span>
     <span class='ocr_line' id='line_1_7' title="bbox 219 1038 1360 1114; baseline -0.001 -9"><span class='ocrx_word' id='word_1_46' title='bbox 219 1042 330 1106; x_wconf 87' lang='grc' dir='ltr'>ἐπικὸν</span> <span class='ocrx_word' id='word_1_47' title='bbox 354 1041 481 1105; x_wconf 85' lang='grc' dir='ltr'>κύκλον.</span> <span class='ocrx_word' id='word_1_48' title='bbox 527 1038 614 1114; x_wconf 82' lang='lat' dir='ltr'>Quae</span> <span class='ocrx_word' id='word_1_49' title='bbox 638 1040 821 1103; x_wconf 89' lang='lat' dir='ltr'>coniectura</span> <span class='ocrx_word' id='word_1_50' title='bbox 843 1039 869 1102; x_wconf 91' lang='lat' dir='ltr'>si</span> <span class='ocrx_word' id='word_1_51' title='bbox 893 1040 1027 1103; x_wconf 76' lang='lat' dir='ltr'>certiore</span> <span class='ocrx_word' id='word_1_52' title='bbox 1048 1039 1258 1104; x_wconf 87' lang='lat' dir='ltr'>fundamento</span> <span class='ocrx_word' id='word_1_53' title='bbox 1277 1041 1360 1104; x_wconf 88' lang='lat' dir='ltr'>nita·</span> 
     </span>
     <span class='ocr_line' id='line_1_8' title="bbox 219 1148 1362 1233; baseline 0 -20"><span class='ocrx_word' id='word_1_54' title='bbox 219 1153 287 1232; x_wconf 83' lang='lat' dir='ltr'>tur,</span> <span class='ocrx_word' id='word_1_55' title='bbox 324 1149 388 1212; x_wconf 87' lang='lat' dir='ltr'>dici</span> <span class='ocrx_word' id='word_1_56' title='bbox 415 1152 555 1232; x_wconf 87' lang='lat' dir='ltr'>nequeat</span> <span class='ocrx_word' id='word_1_57' title='bbox 582 1171 675 1232; x_wconf 88' lang='lat' dir='ltr'>quam</span> <span class='ocrx_word' id='word_1_58' title='bbox 710 1148 803 1233; x_wconf 82' lang='lat' dir='ltr'>gravi</span> <span class='ocrx_word' id='word_1_59' title='bbox 835 1148 955 1212; x_wconf 91' lang='lat' dir='ltr'>indicio</span> <span class='ocrx_word' id='word_1_60' title='bbox 983 1170 1078 1231; x_wconf 89' lang='lat' dir='ltr'>quam</span> <span class='ocrx_word' id='word_1_61' title='bbox 1105 1149 1213 1233; x_wconf 81' lang='lat' dir='ltr'>gravis</span> <span class='ocrx_word' id='word_1_62' title='bbox 1241 1171 1292 1213; x_wconf 89' lang='lat' dir='ltr'>res</span> <span class='ocrx_word' id='word_1_63' title='bbox 1320 1151 1362 1213; x_wconf 88' lang='lat' dir='ltr'>ad</span> 
     </span>
     <span class='ocr_line' id='line_1_9' title="bbox 221 1258 1361 1343; baseline 0.001 -22"><span class='ocrx_word' id='word_1_64' title='bbox 221 1259 376 1343; x_wconf 89' lang='lat' dir='ltr'>liquidum</span> <span class='ocrx_word' id='word_1_65' title='bbox 398 1258 547 1324; x_wconf 90' lang='lat' dir='ltr'>ducatur:</span> <span class='ocrx_word' id='word_1_66' title='bbox 571 1259 688 1341; x_wconf 89' lang='lat' dir='ltr'>quippe</span> <span class='ocrx_word' id='word_1_67' title='bbox 710 1280 772 1341; x_wconf 88' lang='lat' dir='ltr'>quo</span> <span class='ocrx_word' id='word_1_68' title='bbox 794 1259 828 1321; x_wconf 92' lang='lat' dir='ltr'>in</span> <span class='ocrx_word' id='word_1_69' title='bbox 844 1258 1033 1322; x_wconf 87' lang='lat' dir='ltr'>Pisistratca</span> <span class='ocrx_word' id='word_1_70' title='bbox 1055 1262 1161 1322; x_wconf 88' lang='lat' dir='ltr'>aetate</span> <span class='ocrx_word' id='word_1_71' title='bbox 1178 1260 1361 1341; x_wconf 81' lang='lat' dir='ltr'>collocetur,</span> 
     </span>
     <span class='ocr_line' id='line_1_10' title="bbox 221 1367 1362 1451; baseline 0.001 -20"><span class='ocrx_word' id='word_1_72' title='bbox 221 1391 317 1451; x_wconf 87' lang='lat' dir='ltr'>quam</span> <span class='ocrx_word' id='word_1_73' title='bbox 342 1367 571 1431; x_wconf 82' lang='lat' dir='ltr'>Alexandrinis</span> <span class='ocrx_word' id='word_1_74' title='bbox 600 1371 728 1450; x_wconf 89' lang='lat' dir='ltr'>practer</span> <span class='ocrx_word' id='word_1_75' title='bbox 758 1367 793 1430; x_wconf 73' lang='lat' dir='ltr'>F.</span> <span class='ocrx_word' id='word_1_76' title='bbox 823 1370 863 1431; x_wconf 82' lang='lat' dir='ltr'>A.</span> <span class='ocrx_word' id='word_1_77' title='bbox 895 1367 1047 1431; x_wconf 90' lang='lat' dir='ltr'>Wolfium</span> <span class='ocrx_word' id='word_1_78' title='bbox 1080 1369 1362 1451; x_wconf 22' lang='lat' dir='ltr'>pleriquelomnes</span> 
     </span>
     <span class='ocr_line' id='line_1_11' title="bbox 121 1477 980 1560; baseline -0.001 -20"><span class='ocrx_word' id='word_1_79' title='bbox 121 1483 126 1492; x_wconf 87' lang='lat'>&#39;</span> <span class='ocrx_word' id='word_1_80' title='bbox 221 1479 420 1559; x_wconf 83' lang='lat' dir='ltr'>tribuerunt,</span> <span class='ocrx_word' id='word_1_81' title='bbox 445 1477 547 1560; x_wconf 83' lang='lat' dir='ltr'>cycli</span> <span class='ocrx_word' id='word_1_82' title='bbox 571 1477 674 1559; x_wconf 88' lang='lat' dir='ltr'>epici</span> <span class='ocrx_word' id='word_1_83' title='bbox 698 1477 980 1560; x_wconf 81' lang='lat' dir='ltr'>compositio.*)</span> 
     </span>
    </p>

    <p class='ocr_par' dir='ltr' id='par_1_3' title="bbox 221 1586 1387 1997">
     <span class='ocr_line' id='line_1_12' title="bbox 307 1586 1387 1670; baseline 0.001 -20"><span class='ocrx_word' id='word_1_84' title='bbox 307 1586 545 1669; x_wconf 85' lang='lat' dir='ltr'>Propositarum</span> <span class='ocrx_word' id='word_1_85' title='bbox 568 1609 586 1650; x_wconf 90' lang='lat' dir='ltr'>a</span> <span class='ocrx_word' id='word_1_86' title='bbox 613 1587 706 1650; x_wconf 88' lang='lat' dir='ltr'>nobis</span> <span class='ocrx_word' id='word_1_87' title='bbox 735 1587 988 1650; x_wconf 89' lang='lat' dir='ltr'>coniecturarum</span> <span class='ocrx_word' id='word_1_88' title='bbox 1016 1591 1088 1650; x_wconf 90' lang='lat' dir='ltr'>utra</span> <span class='ocrx_word' id='word_1_89' title='bbox 1117 1586 1179 1650; x_wconf 87' lang='lat' dir='ltr'>utri</span> <span class='ocrx_word' id='word_1_90' title='bbox 1208 1591 1387 1670; x_wconf 68' lang='lat' dir='ltr'>praestet·</span> 
     </span>
     <span class='ocr_line' id='line_1_13' title="bbox 222 1696 1363 1780; baseline 0.001 -21"><span class='ocrx_word' id='word_1_91' title='bbox 222 1718 277 1759; x_wconf 88' lang='lat' dir='ltr'>suo</span> <span class='ocrx_word' id='word_1_92' title='bbox 310 1697 441 1780; x_wconf 88' lang='lat' dir='ltr'>quisque</span> <span class='ocrx_word' id='word_1_93' title='bbox 473 1718 567 1759; x_wconf 91' lang='lat' dir='ltr'>sensu</span> <span class='ocrx_word' id='word_1_94' title='bbox 601 1696 787 1759; x_wconf 80' lang='lat' dir='ltr'>arbitretur:</span> <span class='ocrx_word' id='word_1_95' title='bbox 822 1717 882 1780; x_wconf 86' lang='lat' dir='ltr'>ego</span> <span class='ocrx_word' id='word_1_96' title='bbox 909 1696 1033 1759; x_wconf 90' lang='lat' dir='ltr'>nescire</span> <span class='ocrx_word' id='word_1_97' title='bbox 1066 1717 1117 1760; x_wconf 88' lang='lat' dir='ltr'>me</span> <span class='ocrx_word' id='word_1_98' title='bbox 1148 1697 1269 1778; x_wconf 84' lang='lat' dir='ltr'>fateor,</span> <span class='ocrx_word' id='word_1_99' title='bbox 1303 1719 1363 1760; x_wconf 91' lang='lat' dir='ltr'>nec</span> 
     </span>
     <span class='ocr_line' id='line_1_14' title="bbox 221 1804 1364 1888; baseline 0 -20"><span class='ocrx_word' id='word_1_100' title='bbox 221 1806 309 1888; x_wconf 92' lang='lat' dir='ltr'>prius</span> <span class='ocrx_word' id='word_1_101' title='bbox 336 1806 410 1868; x_wconf 89' lang='lat' dir='ltr'>sciri</span> <span class='ocrx_word' id='word_1_102' title='bbox 438 1827 531 1887; x_wconf 87' lang='lat' dir='ltr'>posse</span> <span class='ocrx_word' id='word_1_103' title='bbox 561 1805 670 1887; x_wconf 79' lang='lat' dir='ltr'>creda,</span> <span class='ocrx_word' id='word_1_104' title='bbox 701 1827 796 1888; x_wconf 89' lang='lat' dir='ltr'>quam</span> <span class='ocrx_word' id='word_1_105' title='bbox 820 1805 1005 1888; x_wconf 80' lang='lat' dir='ltr'>integrioris</span> <span class='ocrx_word' id='word_1_106' title='bbox 1033 1806 1209 1869; x_wconf 90' lang='lat' dir='ltr'>testimonii</span> <span class='ocrx_word' id='word_1_107' title='bbox 1238 1804 1301 1868; x_wconf 90' lang='lat' dir='ltr'>fide</span> <span class='ocrx_word' id='word_1_108' title='bbox 1329 1806 1364 1868; x_wconf 91' lang='lat' dir='ltr'>in</span> 
     </span>
     <span class='ocr_line' id='line_1_15' title="bbox 222 1914 1363 1997; baseline 0.002 -20"><span class='ocrx_word' id='word_1_109' title='bbox 222 1915 400 1997; x_wconf 83' lang='lat' dir='ltr'>planiorem</span> <span class='ocrx_word' id='word_1_110' title='bbox 432 1914 517 1977; x_wconf 85' lang='lat' dir='ltr'>viam</span> <span class='ocrx_word' id='word_1_111' title='bbox 550 1914 637 1978; x_wconf 84' lang='lat' dir='ltr'>ducti</span> <span class='ocrx_word' id='word_1_112' title='bbox 670 1915 796 1978; x_wconf 92' lang='lat' dir='ltr'>crimus.</span> <span class='ocrx_word' id='word_1_113' title='bbox 848 1914 981 1978; x_wconf 86' lang='lat' dir='ltr'>Interim</span> <span class='ocrx_word' id='word_1_114' title='bbox 1009 1915 1137 1978; x_wconf 87' lang='lat' dir='ltr'>dumeta</span> <span class='ocrx_word' id='word_1_115' title='bbox 1172 1919 1205 1978; x_wconf 92' lang='lat' dir='ltr'>et</span> <span class='ocrx_word' id='word_1_116' title='bbox 1239 1915 1363 1979; x_wconf 88' lang='lat' dir='ltr'>lubrica</span> 
     </span>
    </p>
   </div>
   <div class='ocr_carea' id='block_1_3' title="bbox 223 2024 1364 2216">
    <p class='ocr_par' dir='ltr' id='par_1_4' title="bbox 223 2024 1364 2216">
     <span class='ocr_line' id='line_1_16' title="bbox 223 2024 1364 2107; baseline 0.001 -21"><span class='ocrx_word' id='word_1_117' title='bbox 223 2024 346 2087; x_wconf 87' lang='lat' dir='ltr'>viarum</span> <span class='ocrx_word' id='word_1_118' title='bbox 385 2045 451 2086; x_wconf 90' lang='lat' dir='ltr'>non</span> <span class='ocrx_word' id='word_1_119' title='bbox 491 2025 623 2087; x_wconf 89' lang='lat' dir='ltr'>celanda</span> <span class='ocrx_word' id='word_1_120' title='bbox 657 2024 784 2106; x_wconf 85' lang='lat' dir='ltr'>putavi,</span> <span class='ocrx_word' id='word_1_121' title='bbox 826 2024 940 2106; x_wconf 89' lang='lat' dir='ltr'>quibus</span> <span class='ocrx_word' id='word_1_122' title='bbox 981 2024 1084 2087; x_wconf 91' lang='lat' dir='ltr'>omnis</span> <span class='ocrx_word' id='word_1_123' title='bbox 1124 2025 1180 2087; x_wconf 91' lang='lat' dir='ltr'>illa</span> <span class='ocrx_word' id='word_1_124' title='bbox 1219 2024 1364 2107; x_wconf 87' lang='lat' dir='ltr'>quaestio</span> 
     </span>
     <span class='ocr_line' id='line_1_17' title="bbox 224 2127 986 2216; baseline 0.004 -20"><span class='ocrx_word' id='word_1_125' title='bbox 224 2132 326 2197; x_wconf 87' lang='lat' dir='ltr'>adhuc</span> <span class='ocrx_word' id='word_1_126' title='bbox 349 2134 530 2216; x_wconf 85' lang='lat' dir='ltr'>impeditur.</span> <span class='ocrx_word' id='word_1_127' title='bbox 983 2127 986 2133; x_wconf 44' lang='lat'>¹</span> 
     </span>
    </p>
   </div>
   <div class='ocr_carea' id='block_1_4' title="bbox 747 2361 841 2440">
    <p class='ocr_par' dir='ltr' id='par_1_5' title="bbox 747 2361 841 2440">
     <span class='ocr_line' id='line_1_18' title="bbox 747 2361 841 2440; baseline -0.011 -17"><span class='ocrx_word' id='word_1_128' title='bbox 747 2364 767 2440; x_wconf 69' lang='lat' dir='ltr'>a</span> <span class='ocrx_word' id='word_1_129' title='bbox 793 2361 841 2423; x_wconf 84' lang='lat' dir='ltr'>ro.</span> 
     </span>
    </p>
   </div>
   <div class='ocr_carea' id='block_1_5' title="bbox 634 2511 952 2594">
    <p class='ocr_par' dir='ltr' id='par_1_6' title="bbox 634 2511 952 2594">
     <span class='ocr_line' id='line_1_19' title="bbox 634 2511 952 2594; baseline 0 -20"><span class='ocrx_word' id='word_1_130' title='bbox 634 2511 952 2594; x_wconf 87' lang='lat' dir='ltr'>Paralipomcua.</span> 
     </span>
    </p>
   </div>
   <div class='ocr_carea' id='block_1_6' title="bbox 224 2677 1369 4073">
    <p class='ocr_par' dir='ltr' id='par_1_7' title="bbox 224 2677 1369 4073">
     <span class='ocr_line' id='line_1_20' title="bbox 309 2677 1366 2762; baseline 0.004 -22"><span class='ocrx_word' id='word_1_131' title='bbox 309 2677 423 2740; x_wconf 84' lang='lat' dir='ltr'>Restat</span> <span class='ocrx_word' id='word_1_132' title='bbox 445 2683 480 2761; x_wconf 88' lang='lat' dir='ltr'>ut</span> <span class='ocrx_word' id='word_1_133' title='bbox 501 2679 540 2741; x_wconf 92' lang='lat' dir='ltr'>de</span> <span class='ocrx_word' id='word_1_134' title='bbox 561 2680 716 2761; x_wconf 87' lang='lat' dir='ltr'>suspectis</span> <span class='ocrx_word' id='word_1_135' title='bbox 739 2680 928 2762; x_wconf 86' lang='lat' dir='ltr'>quibusdam</span> <span class='ocrx_word' id='word_1_136' title='bbox 942 2681 1071 2744; x_wconf 90' lang='lat' dir='ltr'>vocibus</span> <span class='ocrx_word' id='word_1_137' title='bbox 1094 2681 1206 2744; x_wconf 86' lang='lat' dir='ltr'>scholii</span> <span class='ocrx_word' id='word_1_138' title='bbox 1222 2681 1366 2744; x_wconf 90' lang='lat' dir='ltr'>Plautini</span> 
     </span>
     <span class='ocr_line' id='line_1_21' title="bbox 225 2786 1367 2870; baseline 0.004 -20"><span class='ocrx_word' id='word_1_139' title='bbox 225 2809 327 2870; x_wconf 88' lang='lat' dir='ltr'>pauca</span> <span class='ocrx_word' id='word_1_140' title='bbox 360 2786 560 2850; x_wconf 86' lang='lat' dir='ltr'>disseramus.</span> <span class='ocrx_word' id='word_1_141' title='bbox 614 2790 663 2851; x_wconf 87' lang='lat' dir='ltr'>Ac</span> <span class='ocrx_word' id='word_1_142' title='bbox 698 2789 736 2852; x_wconf 91' lang='lat' dir='ltr'>dc</span> <span class='ocrx_word' id='word_1_143' title='bbox 772 2797 980 2869; x_wconf 63' lang='lat' dir='ltr'>asseruerimus</span> <span class='ocrx_word' id='word_1_144' title='bbox 1013 2813 1043 2853; x_wconf 88' lang='grc' dir='ltr'>ν.</span> <span class='ocrx_word' id='word_1_145' title='bbox 1080 2791 1118 2854; x_wconf 88' lang='grc'>18</span> <span class='ocrx_word' id='word_1_146' title='bbox 1151 2795 1184 2854; x_wconf 88' lang='lat' dir='ltr'>et</span> <span class='ocrx_word' id='word_1_147' title='bbox 1217 2803 1367 2855; x_wconf 80' lang='lat' dir='ltr'>asseveret</span> 
     </span>
     <span class='ocr_line' id='line_1_22' title="bbox 226 2897 1366 2983; baseline 0.004 -24"><span class='ocrx_word' id='word_1_148' title='bbox 226 2920 254 2960; x_wconf 87' lang='lat' dir='ltr'>v.</span> <span class='ocrx_word' id='word_1_149' title='bbox 272 2898 312 2961; x_wconf 84' lang='lat'>38</span> <span class='ocrx_word' id='word_1_150' title='bbox 336 2897 456 2960; x_wconf 93' lang='lat' dir='ltr'>dictum</span> <span class='ocrx_word' id='word_1_151' title='bbox 478 2901 527 2960; x_wconf 91' lang='lat' dir='ltr'>cst</span> <span class='ocrx_word' id='word_1_152' title='bbox 549 2919 654 2979; x_wconf 87' lang='lat' dir='ltr'>supra.</span> <span class='ocrx_word' id='word_1_153' title='bbox 700 2898 870 2962; x_wconf 88' lang='lat' dir='ltr'>Praeterea</span> <span class='ocrx_word' id='word_1_154' title='bbox 895 2904 971 2974; x_wconf 75' lang='lat' dir='ltr'>Quin</span> <span class='ocrx_word' id='word_1_155' title='bbox 995 2900 1186 2964; x_wconf 85' lang='lat' dir='ltr'>correximus</span> <span class='ocrx_word' id='word_1_156' title='bbox 1209 2922 1266 2983; x_wconf 89' lang='lat' dir='ltr'>pro</span> <span class='ocrx_word' id='word_1_157' title='bbox 1292 2905 1366 2975; x_wconf 75' lang='lat' dir='ltr'>own</span> 
     </span>
     <span class='ocr_line' id='line_1_23' title="bbox 225 3008 1365 3088; baseline 0.004 -20"><span class='ocrx_word' id='word_1_158' title='bbox 225 3029 254 3069; x_wconf 88' lang='lat' dir='ltr'>v.</span> <span class='ocrx_word' id='word_1_159' title='bbox 284 3008 325 3069; x_wconf 83' lang='lat'>60</span> <span class='ocrx_word' id='word_1_160' title='bbox 357 3010 389 3069; x_wconf 92' lang='lat' dir='ltr'>et</span> <span class='ocrx_word' id='word_1_161' title='bbox 424 3013 493 3070; x_wconf 78' lang='lat' dir='ltr'>olim</span> <span class='ocrx_word' id='word_1_162' title='bbox 527 3029 585 3088; x_wconf 91' lang='lat' dir='ltr'>pro</span> <span class='ocrx_word' id='word_1_163' title='bbox 613 3014 649 3069; x_wconf 76' lang='grc' dir='ltr'>οῖ’</span> <span class='ocrx_word' id='word_1_164' title='bbox 675 3030 704 3069; x_wconf 84' lang='lat' dir='ltr'>v.</span> <span class='ocrx_word' id='word_1_165' title='bbox 734 3010 773 3072; x_wconf 73' lang='lat'>67</span> <span class='ocrx_word' id='word_1_166' title='bbox 803 3009 949 3071; x_wconf 85' lang='lat' dir='ltr'>benevoli</span> <span class='ocrx_word' id='word_1_167' title='bbox 978 3009 1118 3072; x_wconf 88' lang='lat' dir='ltr'>censoris</span> <span class='ocrx_word' id='word_1_168' title='bbox 1146 3008 1186 3072; x_wconf 78' lang='lat' dir='ltr'>R.</span> <span class='ocrx_word' id='word_1_169' title='bbox 1217 3009 1365 3072; x_wconf 88' lang='lat' dir='ltr'>Merkelii</span> 
     </span>
     <span class='ocr_line' id='line_1_24' title="bbox 225 3115 1366 3200; baseline 0.003 -21"><span class='ocrx_word' id='word_1_170' title='bbox 225 3139 319 3179; x_wconf 77' lang='lat' dir='ltr'>sirasu</span> <span class='ocrx_word' id='word_1_171' title='bbox 340 3116 376 3178; x_wconf 90' lang='lat' dir='ltr'>in</span> <span class='ocrx_word' id='word_1_172' title='bbox 399 3115 605 3200; x_wconf 79' lang='lat' dir='ltr'>(Buechneri)</span> <span class='ocrx_word' id='word_1_173' title='bbox 629 3116 799 3199; x_wconf 84' lang='lat' dir='ltr'>Ephemer.</span> <span class='ocrx_word' id='word_1_174' title='bbox 823 3117 957 3180; x_wconf 86' lang='lat' dir='ltr'>litterar.</span> <span class='ocrx_word' id='word_1_175' title='bbox 983 3140 1012 3181; x_wconf 89' lang='lat' dir='ltr'>a.</span> <span class='ocrx_word' id='word_1_176' title='bbox 1038 3119 1118 3182; x_wconf 87' lang='grc'>1838</span> <span class='ocrx_word' id='word_1_177' title='bbox 1142 3140 1172 3200; x_wconf 89' lang='lat' dir='ltr'>p.</span> <span class='ocrx_word' id='word_1_178' title='bbox 1196 3118 1270 3183; x_wconf 84' lang='lat'>586.</span> <span class='ocrx_word' id='word_1_179' title='bbox 1315 3121 1366 3182; x_wconf 89' lang='lat' dir='ltr'>Ac</span> 
     </span>
     <span class='ocr_line' id='line_1_25' title="bbox 224 3225 1366 3309; baseline 0.002 -21"><span class='ocrx_word' id='word_1_180' title='bbox 224 3247 293 3304; x_wconf 83' lang='lat' dir='ltr'>qum</span> <span class='ocrx_word' id='word_1_181' title='bbox 315 3225 606 3308; x_wconf 86' lang='lat' dir='ltr'>frequentissimam</span> <span class='ocrx_word' id='word_1_182' title='bbox 622 3227 781 3309; x_wconf 87' lang='lat' dir='ltr'>ceteroqui</span> <span class='ocrx_word' id='word_1_183' title='bbox 803 3248 861 3309; x_wconf 91' lang='lat' dir='ltr'>pro</span> <span class='ocrx_word' id='word_1_184' title='bbox 884 3248 972 3304; x_wconf 78' lang='lat' dir='ltr'>quum</span> <span class='ocrx_word' id='word_1_185' title='bbox 994 3227 1184 3309; x_wconf 87' lang='lat' dir='ltr'>scripturam</span> <span class='ocrx_word' id='word_1_186' title='bbox 1206 3248 1247 3290; x_wconf 90' lang='lat' dir='ltr'>ne</span> <span class='ocrx_word' id='word_1_187' title='bbox 1263 3228 1366 3290; x_wconf 88' lang='lat' dir='ltr'>ausim</span> 
     </span>
     <span class='ocr_line' id='line_1_26' title="bbox 224 3334 1367 3419; baseline 0.002 -21"><span class='ocrx_word' id='word_1_188' title='bbox 224 3335 352 3418; x_wconf 90' lang='lat' dir='ltr'>quidem</span> <span class='ocrx_word' id='word_1_189' title='bbox 373 3356 458 3398; x_wconf 89' lang='lat' dir='ltr'>nunc</span> <span class='ocrx_word' id='word_1_190' title='bbox 479 3334 675 3398; x_wconf 88' lang='lat' dir='ltr'>confidenter</span> <span class='ocrx_word' id='word_1_191' title='bbox 696 3336 836 3398; x_wconf 88' lang='lat' dir='ltr'>tribuere</span> <span class='ocrx_word' id='word_1_192' title='bbox 859 3335 921 3419; x_wconf 91' lang='lat' dir='ltr'>ipsi</span> <span class='ocrx_word' id='word_1_193' title='bbox 943 3335 1058 3399; x_wconf 88' lang='lat' dir='ltr'>codici:</span> <span class='ocrx_word' id='word_1_194' title='bbox 1081 3339 1149 3399; x_wconf 91' lang='lat' dir='ltr'>tam</span> <span class='ocrx_word' id='word_1_195' title='bbox 1171 3336 1244 3399; x_wconf 87' lang='lat' dir='ltr'>illas</span> <span class='ocrx_word' id='word_1_196' title='bbox 1267 3359 1317 3401; x_wconf 86' lang='lat' dir='ltr'>um</span> <span class='ocrx_word' id='word_1_197' title='bbox 1332 3341 1367 3400; x_wconf 88' lang='lat' dir='ltr'>et</span> 
     </span>
     <span class='ocr_line' id='line_1_27' title="bbox 226 3443 1367 3528; baseline 0 -19"><span class='ocrx_word' id='word_1_198' title='bbox 226 3452 278 3509; x_wconf 82' lang='lat' dir='ltr'>uin</span> <span class='ocrx_word' id='word_1_199' title='bbox 305 3443 443 3527; x_wconf 87' lang='lat' dir='ltr'>syllabas</span> <span class='ocrx_word' id='word_1_200' title='bbox 477 3444 600 3507; x_wconf 90' lang='lat' dir='ltr'>litteras</span> <span class='ocrx_word' id='word_1_201' title='bbox 629 3448 755 3509; x_wconf 89' lang='lat' dir='ltr'>constat</span> <span class='ocrx_word' id='word_1_202' title='bbox 788 3444 927 3508; x_wconf 88' lang='lat' dir='ltr'>discretu</span> <span class='ocrx_word' id='word_1_203' title='bbox 956 3466 1184 3528; x_wconf 84' lang='lat' dir='ltr'>saepenumero</span> <span class='ocrx_word' id='word_1_204' title='bbox 1216 3445 1367 3509; x_wconf 88' lang='lat' dir='ltr'>difficiles</span> 
     </span>
     <span class='ocr_line' id='line_1_28' title="bbox 226 3553 1367 3636; baseline 0.002 -20"><span class='ocrx_word' id='word_1_205' title='bbox 226 3576 303 3617; x_wconf 87' lang='lat' dir='ltr'>esse.</span> <span class='ocrx_word' id='word_1_206' title='bbox 340 3553 437 3617; x_wconf 91' lang='lat' dir='ltr'>Istius</span> <span class='ocrx_word' id='word_1_207' title='bbox 452 3553 537 3617; x_wconf 92' lang='lat' dir='ltr'>modi</span> <span class='ocrx_word' id='word_1_208' title='bbox 560 3559 746 3618; x_wconf 82' lang='lat' dir='ltr'>autemeam</span> <span class='ocrx_word' id='word_1_209' title='bbox 769 3555 946 3636; x_wconf 86' lang='lat' dir='ltr'>particulae</span> <span class='ocrx_word' id='word_1_210' title='bbox 961 3576 1035 3617; x_wconf 90' lang='lat' dir='ltr'>usus</span> <span class='ocrx_word' id='word_1_211' title='bbox 1051 3554 1112 3617; x_wconf 87' lang='lat' dir='ltr'>etsi</span> <span class='ocrx_word' id='word_1_212' title='bbox 1126 3575 1192 3617; x_wconf 92' lang='lat' dir='ltr'>non</span> <span class='ocrx_word' id='word_1_213' title='bbox 1214 3554 1367 3618; x_wconf 87' lang='lat' dir='ltr'>abhorret</span> 
     </span>
     <span class='ocr_line' id='line_1_29' title="bbox 227 3662 1368 3744; baseline 0.002 -19"><span class='ocrx_word' id='word_1_214' title='bbox 227 3685 244 3725; x_wconf 88' lang='lat' dir='ltr'>a</span> <span class='ocrx_word' id='word_1_215' title='bbox 267 3662 404 3726; x_wconf 87' lang='lat' dir='ltr'>barbara</span> <span class='ocrx_word' id='word_1_216' title='bbox 426 3662 522 3725; x_wconf 91' lang='lat' dir='ltr'>medii</span> <span class='ocrx_word' id='word_1_217' title='bbox 545 3664 615 3726; x_wconf 87' lang='lat' dir='ltr'>aevi</span> <span class='ocrx_word' id='word_1_218' title='bbox 638 3664 797 3744; x_wconf 79' lang='lat' dir='ltr'>oratione,</span> <span class='ocrx_word' id='word_1_219' title='bbox 829 3663 952 3726; x_wconf 91' lang='lat' dir='ltr'>alienus</span> <span class='ocrx_word' id='word_1_220' title='bbox 974 3668 1084 3726; x_wconf 89' lang='lat' dir='ltr'>tamen</span> <span class='ocrx_word' id='word_1_221' title='bbox 1106 3662 1205 3726; x_wconf 86' lang='lat' dir='ltr'>videri</span> <span class='ocrx_word' id='word_1_222' title='bbox 1228 3662 1324 3727; x_wconf 89' lang='lat' dir='ltr'>debet</span> <span class='ocrx_word' id='word_1_223' title='bbox 1347 3687 1368 3727; x_wconf 88' lang='lat' dir='ltr'>a</span> 
     </span>
     <span class='ocr_line' id='line_1_30' title="bbox 226 3771 1367 3855; baseline 0.002 -22"><span class='ocrx_word' id='word_1_224' title='bbox 226 3775 292 3833; x_wconf 89' lang='lat' dir='ltr'>tam</span> <span class='ocrx_word' id='word_1_225' title='bbox 320 3772 461 3855; x_wconf 82' lang='lat' dir='ltr'>eleganti</span> <span class='ocrx_word' id='word_1_226' title='bbox 489 3772 643 3855; x_wconf 90' lang='lat' dir='ltr'>scriptore</span> <span class='ocrx_word' id='word_1_227' title='bbox 666 3771 757 3835; x_wconf 86' lang='lat' dir='ltr'>Italo.</span> <span class='ocrx_word' id='word_1_228' title='bbox 804 3771 851 3834; x_wconf 85' lang='lat' dir='ltr'>De</span> <span class='ocrx_word' id='word_1_229' title='bbox 879 3772 934 3836; x_wconf 94' lang='lat' dir='ltr'>illo</span> <span class='ocrx_word' id='word_1_230' title='bbox 957 3778 1064 3836; x_wconf 89' lang='lat' dir='ltr'>autem</span> <span class='ocrx_word' id='word_1_231' title='bbox 1086 3774 1125 3836; x_wconf 78' lang='grc' dir='ltr'>οῖ’</span> <span class='ocrx_word' id='word_1_232' title='bbox 1148 3794 1237 3835; x_wconf 87' lang='lat' dir='ltr'>suam</span> <span class='ocrx_word' id='word_1_233' title='bbox 1265 3794 1367 3855; x_wconf 87' lang='lat' dir='ltr'>quan-</span> 
     </span>
     <span class='ocr_line' id='line_1_31' title="bbox 226 3880 1369 3965; baseline 0.002 -22"><span class='ocrx_word' id='word_1_234' title='bbox 226 3880 299 3943; x_wconf 88' lang='lat' dir='ltr'>dam</span> <span class='ocrx_word' id='word_1_235' title='bbox 332 3882 547 3946; x_wconf 90' lang='lat' dir='ltr'>coniecturam</span> <span class='ocrx_word' id='word_1_236' title='bbox 581 3883 673 3964; x_wconf 77' lang='lat' dir='ltr'>(Nam</span> <span class='ocrx_word' id='word_1_237' title='bbox 706 3887 745 3945; x_wconf 79' lang='lat' dir='ltr'>ab</span> <span class='ocrx_word' id='word_1_238' title='bbox 777 3884 915 3965; x_wconf 80' lang='lat' dir='ltr'><em>LXXII)</em></span> <span class='ocrx_word' id='word_1_239' title='bbox 949 3903 1014 3945; x_wconf 88' lang='lat' dir='ltr'>non</span> <span class='ocrx_word' id='word_1_240' title='bbox 1050 3881 1160 3944; x_wconf 91' lang='lat' dir='ltr'>dubito</span> <span class='ocrx_word' id='word_1_241' title='bbox 1192 3881 1270 3964; x_wconf 91' lang='lat' dir='ltr'>quin</span> <span class='ocrx_word' id='word_1_242' title='bbox 1300 3881 1369 3945; x_wconf 84' lang='lat' dir='ltr'>iam</span> 
     </span>
     <span class='ocr_line' id='line_1_32' title="bbox 227 3989 1368 4073; baseline 0 -21"><span class='ocrx_word' id='word_1_243' title='bbox 227 3989 451 4073; x_wconf 84' lang='lat' dir='ltr'>Bernhardyus</span> <span class='ocrx_word' id='word_1_244' title='bbox 474 3991 541 4072; x_wconf 92' lang='lat' dir='ltr'>ipse</span> <span class='ocrx_word' id='word_1_245' title='bbox 564 3991 694 4054; x_wconf 89' lang='lat' dir='ltr'>missam</span> <span class='ocrx_word' id='word_1_246' title='bbox 715 3990 837 4054; x_wconf 83' lang='lat' dir='ltr'>fecerit.</span> <span class='ocrx_word' id='word_1_247' title='bbox 883 3991 985 4054; x_wconf 86' lang='lat' dir='ltr'>Multo</span> <span class='ocrx_word' id='word_1_248' title='bbox 1000 3990 1176 4053; x_wconf 87' lang='lat' dir='ltr'>mirabilius</span> <span class='ocrx_word' id='word_1_249' title='bbox 1198 3989 1368 4053; x_wconf 86' lang='lat' dir='ltr'>inventum</span> 
     </span>
    </p>
   </div>
   <div class='ocr_carea' id='block_1_7' title="bbox 227 4249 1370 4410">
    <p class='ocr_par' dir='ltr' id='par_1_8' title="bbox 227 4249 1370 4410">
     <span class='ocr_line' id='line_1_33' title="bbox 294 4249 1370 4320; baseline 0.003 -17"><span class='ocrx_word' id='word_1_250' title='bbox 294 4251 318 4315; x_wconf 67' lang='grc' dir='ltr'>*ν</span> <span class='ocrx_word' id='word_1_251' title='bbox 338 4250 396 4317; x_wconf 85' lang='lat' dir='ltr'>[His</span> <span class='ocrx_word' id='word_1_252' title='bbox 415 4268 470 4303; x_wconf 87' lang='lat' dir='ltr'>nou</span> <span class='ocrx_word' id='word_1_253' title='bbox 489 4251 633 4304; x_wconf 88' lang='lat' dir='ltr'>dissimilia</span> <span class='ocrx_word' id='word_1_254' title='bbox 651 4269 749 4304; x_wconf 88' lang='lat' dir='ltr'>novem</span> <span class='ocrx_word' id='word_1_255' title='bbox 767 4253 833 4320; x_wconf 89' lang='lat' dir='ltr'>post</span> <span class='ocrx_word' id='word_1_256' title='bbox 850 4250 929 4304; x_wconf 84' lang='lat' dir='ltr'>armis</span> <span class='ocrx_word' id='word_1_257' title='bbox 943 4251 972 4303; x_wconf 75' lang='lat' dir='ltr'>C.</span> <span class='ocrx_word' id='word_1_258' title='bbox 991 4251 1020 4303; x_wconf 87' lang='lat' dir='ltr'>L.</span> <span class='ocrx_word' id='word_1_259' title='bbox 1040 4249 1157 4303; x_wconf 83' lang='lat' dir='ltr'>Rothius</span> <span class='ocrx_word' id='word_1_260' title='bbox 1176 4250 1370 4318; x_wconf 82' lang='lat' dir='ltr'>proponebat:</span> 
     </span>
     <span class='ocr_line' id='line_1_34' title="bbox 227 4341 1241 4410; baseline 0.004 -20"><span class='ocrx_word' id='word_1_261' title='bbox 227 4341 261 4392; x_wconf 76' lang='lat' dir='ltr'>‹le</span> <span class='ocrx_word' id='word_1_262' title='bbox 280 4358 333 4406; x_wconf 86' lang='lat' dir='ltr'>quo</span> <span class='ocrx_word' id='word_1_263' title='bbox 352 4342 446 4408; x_wconf 62' lang='lat' dir='ltr'>{raucis</span> <span class='ocrx_word' id='word_1_264' title='bbox 465 4341 582 4395; x_wconf 84' lang='lat' dir='ltr'>diximus</span> <span class='ocrx_word' id='word_1_265' title='bbox 601 4343 689 4396; x_wconf 89' lang='lat' dir='ltr'>Musei</span> <span class='ocrx_word' id='word_1_266' title='bbox 707 4343 773 4410; x_wconf 85' lang='lat' dir='ltr'>phil.</span> <span class='ocrx_word' id='word_1_267' title='bbox 792 4343 880 4397; x_wconf 86' lang='lat' dir='ltr'>Rheu.</span> <span class='ocrx_word' id='word_1_268' title='bbox 899 4341 949 4395; x_wconf 88' lang='lat' dir='ltr'>Vll</span> <span class='ocrx_word' id='word_1_269' title='bbox 968 4344 1055 4408; x_wconf 70' lang='lat'>(1849)</span> <span class='ocrx_word' id='word_1_270' title='bbox 1074 4360 1102 4410; x_wconf 88' lang='lat' dir='ltr'>p.</span> <span class='ocrx_word' id='word_1_271' title='bbox 1122 4346 1170 4395; x_wconf 85' lang='grc'>138</span> <span class='ocrx_word' id='word_1_272' title='bbox 1189 4342 1241 4410; x_wconf 88' lang='lat' dir='ltr'>sq.]</span> 
     </span>
    </p>
   </div>
   <div class='ocr_carea' id='block_1_8' title="bbox 0 0 1523 5010">
    <p class='ocr_par' dir='ltr' id='par_1_9' title="bbox 0 0 1523 5010">
     <span class='ocr_line' id='line_1_35' title="bbox 0 0 1523 5010; baseline 0 0"><span class='ocrx_word' id='word_1_273' title='bbox 0 0 1523 5010; x_wconf 95' lang='lat' dir='ltr'> </span> 
     </span>
    </p>
   </div>
  </div>
 </body>
</html>
