2896 4996
493 354 540 400 ns
564 352 634 400 ono
657 354 702 401 ar
725 352 866 400 omoun.
984 411 985 417 .
1189 336 1251 400 645

110 531 179 577 νων
209 514 268 574 τοῦ
296 509 469 590 Ἡφαίετου
499 511 667 589 κρατήρων
697 529 723 571 e.
748 530 778 591 q.
803 531 827 570 s.
858 508 896 570 de
924 507 1087 586 Αἰθαλίτη(
1113 507 1250 574 siemer-

110 642 166 699 τη(
188 620 310 683 formis,
343 620 544 702 Omninoque
566 622 603 681 ut
625 619 729 683 dicam
751 617 834 701 quod
857 618 972 703 sentio,
997 617 1188 700 quidquid
1210 617 1250 681 in

108 729 403 813 Etymologicis
443 729 643 812 reperitur
680 729 725 791 ad
762 727 938 812 gentilia
981 723 1169 810 spectans
1207 750 1251 791 ac

108 840 397 924 geographica,
432 839 479 902 ab
513 840 588 903 Oro
621 842 776 902 tantum
809 860 885 901 non
916 860 1028 901 omne
1057 840 1250 920 sumptum

109 949 253 1033 cred0.*)
297 949 386 1024 Quod
411 972 482 1013 cnm
504 949 565 1013 hoc
588 949 657 1012 loco
679 948 879 1032 significasse
901 948 980 1012 satis
1003 947 1154 1030 habeam,
1182 951 1251 1011 tum

107 1060 271 1144 insignem
292 1059 357 1123 vim
378 1059 497 1123 habere
525 1061 616 1142 patet
638 1058 678 1122 ad
701 1059 757 1124 Ori
780 1062 813 1122 et
835 1059 1067 1142 praestantiam
1091 1053 1249 1122 commen·
1268 1082 1299 1129 57

108 1170 248 1233 dandam
281 1174 314 1233 et
345 1170 502 1233 iacturam
540 1169 646 1252 aliqua
686 1173 771 1233 certe
805 1191 843 1232 ex
876 1174 968 1253 parte
1001 1152 1247 1234 resarciendam.

108 1280 202 1343 Prius
231 1284 337 1344 antem
365 1302 460 1364 quam
494 1280 706 1344 demonstrari
734 1301 827 1362 posse
859 1279 943 1363 quod
969 1279 1061 1362 posui
1090 1280 1248 1363 desperes

107 1391 286 1474 reputanda
302 1390 363 1454 duo
384 1393 473 1454 sunt:
496 1390 633 1475 primum
649 1412 714 1453 non
737 1390 849 1473 paucis
871 1390 1090 1455 notationibus
1113 1411 1248 1474 geogra-

108 1501 222 1584 phicis,
251 1523 332 1584 quae
355 1501 424 1564 sine
447 1501 504 1566 Ori
532 1501 662 1565 nomine
690 1501 725 1564 in
748 1500 1043 1584 Etymologicorum
1072 1522 1136 1564 uno
1164 1502 1249 1584 loge-

108 1612 237 1692 bantur,
262 1634 300 1674 ex
324 1612 425 1675 altero
448 1611 553 1694 aliquo
576 1612 641 1675 sive
664 1610 888 1695 Etymologico
916 1611 982 1675 sive
1006 1611 1113 1675 codice
1136 1633 1249 1695 oppor-
1367 1651 1372 1655 -

107 1725 186 1784 tune
208 1721 287 1784 illud
310 1723 495 1786 accessisse:
521 1722 609 1786 cuius
631 1721 679 1785 rei
701 1722 816 1785 idonea
839 1722 984 1806 exempla
1007 1725 1104 1785 antea
1126 1723 1247 1786 notavi.

107 1831 233 1895 Deinde
260 1836 367 1895 autem
389 1832 468 1895 illud
490 1833 586 1895 velim
608 1833 711 1916 prius,
736 1833 763 1895 si
784 1832 878 1896 modo
900 1832 1019 1915 possis,
1043 1832 1247 1916 respondeas²

108 1964 146 2004 ex
168 1963 306 2025 quonam
329 1943 391 2005 alio
413 1943 519 2026 potius
542 1942 706 2008 Ethnicon
728 1942 883 2026 scriptore
906 1942 947 2006 ad
969 1943 1167 2026 etymologos
1195 1965 1249 2026 po-

106 2050 206 2115 tuisse
229 2052 320 2116 istius
341 2052 426 2115 modi
449 2053 631 2117 notationes
653 2075 785 2116 manare
807 2053 1000 2117 videantur?
1029 2052 1114 2116 Nam
1137 2075 1154 2117 e
1181 2053 1249 2118 Ste-

105 2161 216 2244 phano
238 2162 364 2245 quidem
386 2167 560 2226 manarunt
574 2163 716 2226 minime.
747 2164 778 2226 A
794 2185 856 2245 quo
879 2185 951 2226 cum
966 2164 1172 2227 vehementer
1187 2163 1249 2226 dis-

107 2274 220 2355 crepat
234 2272 373 2336 maxima
395 2295 470 2357 pars
490 2274 532 2336 ab
554 2274 742 2358 etymologis
765 2272 977 2357 proditorum,
1002 2277 1070 2337 tum
1087 2268 1168 2357 quae
1184 2297 1249 2337 non

106 2383 186 2445 adeo
209 2382 407 2467 discrepant,
432 2387 489 2447 aut
503 2384 549 2447 ita
571 2388 756 2468 comparata
776 2376 853 2448 sunt
874 2388 910 2448 ut
931 2405 973 2447 ne
995 2384 1160 2468 potuerint
1181 2385 1248 2468 qui-

105 2493 180 2555 dem
194 2514 259 2556 non
274 2494 442 2577 utrobique
456 2495 572 2590 afferri,
590 2498 646 2558 aut
661 2516 700 2558 ex
716 2495 835 2567 eisdem
849 2495 965 2578 quibus
980 2493 1164 2578 Stephanus
1182 2498 1250 2559 ute-

106 2604 203 2666 batur
217 2602 360 2667 fontibus
374 2604 491 2667 hausta
505 2608 596 2687 sunt,
621 2627 714 2689 quern
730 2606 771 2669 ad
786 2605 914 2669 modum
930 2605 971 2668 ab
987 2605 1129 2688 utrisque
1144 2604 1249 2669 Philo-

106 2713 223 2777 chorus
245 2714 375 2776 affertur
397 2715 431 2777 in
454 2737 531 2779 voce
552 2715 639 2781 ἄατυ.
670 2716 719 2779 Dc
740 2716 796 2779 illo
818 2737 937 2799 genere
952 2716 1040 2779 velut
1055 2716 1135 2780 haec
1157 2720 1248 2780 sunt:

104 2824 206 2904 Αἰλία,
230 2825 321 2888 πόλις
342 2825 571 2907 Παλαιετίνηε,
594 2826 660 2891 ἀπὸ
681 2827 788 2891 Αἰλίου
812 2827 994 2906 Ἀδριανοῦ;
1032 2826 1083 2889 vel
1106 2848 1187 2910 quae
1211 2827 1249 2890 de

105 2933 290 3011 Ἀκαδημία,
319 2935 508 3014 Καλχηδών,
534 2936 714 3015 Καμπανοί,
739 2937 907 3016 Κάνωβοε,
937 2936 1107 3015 (ηλυβρία,
1140 2937 1249 3015 Φάρος

104 3043 289 3107 nominibus
312 3045 452 3108 breviter
473 3045 642 3130 utrobique
659 3050 863 3130 exponuntur
878 3046 924 3109 ita
941 3048 1068 3109 tantum
1092 3063 1246 3130 congrua,

105 3159 142 3217 ut
172 3175 244 3218 cum
271 3154 492 3219 dissimillimis
525 3157 735 3220 contrariisve
769 3158 891 3220 sociata
919 3157 994 3220 sint.
1049 3155 1248 3239 Quamquam

106 3264 212 3347 potuit
239 3286 315 3328 sane
344 3266 423 3328 lraec
451 3288 574 3350 quoque
603 3266 785 3349 Stephanus
819 3267 860 3330 ab
889 3266 953 3331 Oro
981 3267 1137 3329 mutuari:
1176 3288 1247 3351 ego⁷

105 3374 161 3457 qui
183 3374 283 3437 nolim
305 3375 450 3458 cupidius
473 3398 586 3460 agere,
620 3377 656 3440 in
685 3377 730 3440 eis
754 3378 921 3460 acquiesco
944 3398 1026 3461 quae
1047 3377 1171 3441 nullam
1192 3376 1248 3440 ha-

106 3484 186 3547 bent
207 3484 450 3549 dubitationem.
483 3486 670 3550 Eiusmodi
693 3486 846 3570 estquod
869 3509 965 3571 supra
986 3488 1124 3551 tractavi
1147 3489 1248 3569 Ἄθρι-

105 3600 170 3675 βιε,
200 3594 323 3678 dequo
346 3617 474 3678 prorsus
498 3597 701 3660 consentiens
724 3596 906 3681 Stephanus
928 3620 960 3680 p.
984 3598 1037 3680 32,
1060 3599 1118 3663 32:
1146 3600 1248 3663 Ἄθλι-

104 3709 163 3784 βα,
186 3705 278 3769 πόλι(
299 3705 475 3781 Αἰγύπτου·
498 3707 517 3770 ὁ
539 3708 670 3786 πολίτης
693 3708 870 3793 Ἀθλιβίτηε.
914 3709 1061 3787 Νικάνωρ
1083 3711 1119 3774 δὲ
1142 3711 1161 3773 ὁ
1182 3711 1247 3790 Ἑρ-

101 3814 195 3894 μείου
217 3816 254 3880 ἑν
276 3817 295 3899 ᾗ
318 3816 402 3895 πρὸ(
424 3818 591 3897 Ἀδριανὸν
613 3819 731 3899 γράφει
754 3818 865 3902 (vulgo
887 3819 1049 3901 γράφων),
1073 3821 1124 3884 διὰ
1146 3824 1205 3885 τοῦ
1229 3844 1246 3899 ρ

101 3927 201 4005 φηεὶν
234 3927 370 4006 Ἄθριβιο
399 3977 554 3991 ......
583 3930 620 3993 τὸ
653 3929 778 3993 ἐθνικόν
806 3929 983 4008 Ἀθριβίτης.
1033 3928 1197 4012 Stephano
1220 3931 1246 3993 si

100 4057 170 4098 non
194 4057 269 4097 usus
284 4039 333 4098 est
348 4035 500 4119 Zonaras,
525 4038 635 4101 eodem
657 4037 826 4101 referenda
840 4060 921 4122 quae
942 4039 1025 4122 apud
1049 4038 1134 4103 huno
1157 4063 1188 4124 p.
1205 4041 1248 4103 44

190 4291 215 4354 *)
244 4289 298 4357 [Do
324 4291 377 4343 hoc
404 4291 491 4359 digna
512 4296 555 4346 est
584 4309 655 4359 quae
679 4291 829 4360 diligenter
851 4293 1041 4362 perpendatur
1063 4294 1196 4347 Lcntzii
1218 4296 1246 4348 in

96 4381 277 4440 Fleckeisoni
294 4384 393 4437 Annal.
412 4384 478 4453 phil.
496 4387 518 4439 t.
538 4391 569 4439 91
590 4388 624 4452 (a.
647 4390 722 4453 1865)
741 4405 768 4456 p.
788 4393 835 4440 571
856 4404 897 4454 sq.
917 4387 1075 4457 dubitatio]
