2896 4996
231 359 294 423 652
613 375 660 420 ou
685 374 755 422 ouo
778 375 822 420 υτ
846 375 988 422 omouu.

231 531 340 593 διανός
369 532 441 609 περὶ
468 535 590 594 παθῶν.
641 528 730 603 Quod
759 528 885 611 quidem
913 528 1015 591 solum
1043 531 1223 613 exemplum
1255 532 1365 594 etiam

231 640 271 702 ad
294 663 331 702 ea
354 641 439 719 πάθη
462 640 603 722 pertinet
625 640 770 723 (propter
797 639 958 723 hyphen),
987 663 1085 724 quae,
1116 663 1189 704 oum
1211 664 1286 723 pars
1307 642 1369 704 sint

193 748 197 754 ’
230 752 422 835 προςῳδίας,
447 751 487 813 ab
511 750 571 814 hae
594 751 780 833 quaestione
803 750 1009 813 seiunximuS.
1046 742 1170 815 Ibideni
1192 775 1225 834 p.
1248 752 1320 834 655,
1336 753 1369 815 9:

230 862 441 940 παρρηςία,
471 862 500 924 οἱ
523 864 579 940 μὲν
603 861 669 925 ἀπὸ
691 865 750 926 τοῦ
772 861 968 940 παντορηςία
989 863 1069 927 κατὰ
1093 865 1269 941 ςυγκοπήν,
1291 863 1371 941 ὅπερ

230 973 311 1036 ἑςτὶν
341 971 480 1036 ἄτοπον·
508 973 591 1035 ἀλλὰ
619 973 706 1051 παρὰ
733 973 771 1036 τὸ
802 975 866 1036 πᾶν
895 972 1026 1047 γίνεται·
1061 980 1204 1055 ςυγκοπῇ
1234 975 1296 1052 γὰρ
1325 973 1373 1045 οὔ,

231 1082 313 1147 ἀλλὰ
342 1088 463 1165 τροπῇ,
495 1083 514 1160 ἡ
544 1082 650 1147 πάντα
672 1083 707 1146 ἐν
731 1083 810 1167 αὐτῇ
840 1082 951 1166 (uulgo
978 1083 1072 1167 αὐτῇ)
1101 1084 1221 1163 ἔχουςα
1247 1085 1297 1147 καὶ
1325 1085 1374 1148 λέ-

229 1214 338 1269 γουςα.
368 1194 440 1272 περὶ
462 1199 586 1257 παθῶν.
620 1193 706 1257 οὕτω
730 1196 780 1258 καὶ
802 1194 912 1273 Ὧρος.
957 1194 1005 1256 De
1034 1194 1151 1257 omisso
1179 1195 1215 1256 in
1238 1194 1300 1258 hoo
1322 1216 1374 1276 ge·

230 1324 306 1365 uere
328 1304 525 1381 Ἡρωδιανὸς
547 1304 677 1366 nomine
700 1305 741 1366 es.
767 1309 786 1385 ξ
812 1304 861 1367 19.
907 1304 1129 1367 Adversantur
1157 1307 1267 1367 autem
1294 1326 1376 1388 quae

229 1414 315 1476 infra
336 1414 438 1495 posui.
484 1413 591 1496 Etym.
611 1413 655 1476 M.
680 1437 712 1496 p.
729 1415 802 1496 684,
818 1415 876 1478 56:
899 1415 1037 1494 πὸςθη,
1058 1416 1095 1480 τὸ
1119 1415 1258 1494 αἰδοῖον,
1281 1419 1376 1480 πλεο·
1407 1424 1415 1433 “

230 1530 337 1606 ναςμῷ
360 1529 418 1588 τοῦ
444 1545 476 1601 ς,
499 1524 571 1588 οἷον
594 1524 692 1604 πόθη·
715 1527 760 1588 δι’
780 1526 818 1603 ἧς
838 1527 878 1590 τὰ
899 1530 957 1589 τοῦ
980 1526 1085 1590 πόθου
1106 1526 1237 1602 γίνεται.
1267 1526 1377 1605 Ὦρος.

230 1634 249 1698 ὸ
272 1636 307 1698 δὲ
321 1635 531 1714 Ἡρωδιανὸς,
554 1636 686 1713 πρὸςθη,
710 1638 782 1714 περὶ
804 1641 926 1700 παθῶν.
944 1675 986 1683 -
1001 1635 1109 1718 Etym.
1127 1635 1171 1698 M.
1192 1659 1226 1718 p.
1244 1636 1320 1715 542,
1337 1638 1377 1701 33

230 1767 303 1807 eum
325 1744 427 1807 Paris,
452 1744 558 1807 Havu.
589 1768 620 1827 p.
645 1745 722 1827 936,
754 1745 835 1809 Gud.
866 1768 897 1828 p.
923 1746 1001 1828 350,
1026 1747 1083 1826 44,
1114 1745 1192 1808 Zon.
1219 1769 1252 1828 p.
1282 1747 1376 1810 1260:

229 1855 422 1919 κτίλος..
447 1856 606 1920 ..οἱονεὶ
636 1856 723 1920 κίλος
745 1877 791 1919 τις
818 1857 881 1938 ὤν,
911 1859 1102 1940 πλεοναςμῷ
1131 1860 1191 1920 τοῦ
1220 1879 1239 1920 τ
1261 1858 1376 1933 κτίλος,

229 1967 317 2044 παρὰ
338 1967 377 2030 τὸ
401 1965 489 2043 κίειν,
512 1965 531 2030 ὅ
555 1967 618 2030 ἐςτι
639 1967 842 2045 πορεὸεςθαι·
876 2016 882 2028 .
906 2018 912 2029 .
936 2012 942 2029 .
966 2018 973 2029 .
996 1968 1014 2044 ἢ
1038 1967 1103 2031 ἀπὸ
1126 1971 1185 2031 τοῦ
1207 1966 1270 2031 ἵκω
1292 1969 1376 2031 ἱκτὸς

230 2076 275 2139 ὡς
297 2076 401 2139 τὸςςω
423 2077 537 2140 τακτὸς
561 2079 610 2140 καὶ
632 2079 741 2141 πλέκω
764 2078 911 2158 πλεκτός,
936 2078 985 2140 καὶ
1009 2077 1116 2156 ὥςπερ
1133 2077 1201 2142 ἀπὸ
1226 2082 1287 2143 τοῦ
1303 2080 1375 2143 πέν·

229 2193 306 2251 θους
328 2187 450 2262 γίνεται
472 2187 621 2251 πενθίλος
645 2190 695 2251 καὶ
717 2188 783 2251 ἀπὸ
805 2191 863 2252 τοῦ
886 2192 965 2252 ναῦς
988 2188 1153 2270 ναυτίλος,
1184 2189 1295 2253 οὕτως
1318 2188 1375 2253 οὖν

229 2298 279 2360 καὶ
300 2282 385 2360 ἱκτὸς
407 2297 522 2360 ἱκτίλος
544 2299 594 2360 καὶ
616 2299 693 2376 μετὰ
716 2302 771 2376 τῆς
794 2299 993 2378 ἀφαιρέςεως
1016 2297 1108 2381 (μετὰ
1129 2302 1185 2376 τῆς
1210 2299 1375 2378 ἐπάρςεως

228 2406 306 2469 Ζου.
331 2406 439 2489 Etym.
464 2407 521 2481 M..
551 2409 716 2487 ἀφαιρὲςει
740 2407 837 2493 Gud.)
866 2412 925 2472 τοῦ
955 2432 964 2472 1
987 2409 1101 2472 κτίλος.
1138 2409 1176 2473 τὸ
1207 2412 1265 2486 μὲν
1288 2414 1374 2488 πρῶ-

228 2539 287 2581 τον
310 2518 408 2597 Ὧρος
433 2517 451 2580 ὸ
476 2508 628 2594 Μιλήςιος
658 2518 714 2595 (ο1.
739 2522 759 2597 ξ
785 2520 854 2603 10),
888 2524 984 2584 τοῦτο
1016 2521 1050 2582 δὲ
1072 2521 1276 2597 Ἡρωδιανὸς
1306 2523 1374 2599 περὶ

229 2631 351 2691 παθῶν.
396 2626 516 2700 Quibus
544 2629 640 2690 tertia
668 2629 823 2711 quaedam
853 2629 1025 2713 originatio
1057 2650 1207 2712 perverse
1230 2631 1373 2693 immixta

178 2751 212 2798 64
231 2740 279 2799 est
309 2737 342 2799 in
371 2736 478 2819 Etym.
508 2738 552 2800 M.
581 2777 624 2785 —
652 2738 720 2801 Nee
753 2738 834 2802 alius
861 2741 923 2803 nisi
952 2739 1155 2802 Herodianus
1183 2743 1235 2802 est
1263 2742 1283 2805 δ
1307 2762 1372 2819 τεχ-

228 2848 315 2911 νικός
338 2869 414 2910 vooe
438 2852 560 2925 ςῑτος,
593 2849 632 2910 de
664 2872 727 2931 qua
756 2849 827 2912 vide
856 2851 950 2932 §22
974 2851 1010 2914 2:
1047 2872 1242 2934 quamquam
1265 2850 1372 2913 eodem

227 2958 356 3021 nomine
376 2981 442 3020 nou
458 2958 572 3041 ignoro
588 2959 685 3021 etiam
702 2959 901 3043 Dionysium,
927 2961 1144 3043 Apollonium,
1169 2960 1370 3038 Alexionem,

227 3068 451 3150 Theodosium,
476 3068 729 3133 Choerobosemu
752 3070 926 3155 designari.
964 3070 1012 3135 Of.
1037 3094 1066 3132 v.
1091 3048 1212 3134 κλίςιον
1236 3071 1326 3151 ξ22,
1342 3071 1369 3132 2.

228 3179 366 3242 Eosdem
390 3179 490 3263 igitur
511 3182 582 3259 περὶ
605 3184 720 3244 παθῶν
749 3181 847 3244 libros
871 3182 968 3244 etiam
991 3181 1044 3243 ubi
1067 3182 1270 3259 Ἡρωδιανὸς
1292 3182 1370 3264 posi-

227 3293 293 3352 tum
318 3293 367 3352 est
389 3289 588 3372 simpliciter,
613 3290 776 3375 intellege,
801 3295 836 3354 ut
859 3291 966 3374 Etpun.
984 3291 1027 3353 M.
1044 3313 1076 3373 p.
1093 3292 1147 3371 43,
1163 3291 1223 3355 4οε
1247 3291 1371 3357 divio(

228 3451 263 3463 ..
287 3451 293 3463 .
317 3452 323 3463 .
347 3402 545 3480 Ἡρωδιανὸς
573 3403 871 3481 προπαροξυτόνως
894 3403 993 3479 λέγει,
1021 3402 1087 3465 ἀπὸ
1109 3402 1275 3466 τοῡαῖτις
1299 3402 1371 3486 (sal-

226 3513 291 3572 tem
314 3510 409 3595 αἷτις)
433 3511 553 3575 αἷτιδος
576 3511 696 3575 αἴτιδυς
720 3514 769 3576 καὶ
792 3513 939 3596 ἀποβολῇ
962 3516 1020 3576 τοῦ
1043 3516 1061 3574 δ
1086 3509 1200 3597 [αἴτιος
1224 3515 1276 3577 καὶ
1299 3519 1370 3577 διαι-

227 3621 308 3699 ρέςει
331 3621 455 3704 dimoc}
478 3621 509 3684 οἱ
531 3623 566 3684 δὲ
589 3623 661 3701 περὶ
683 3616 784 3702 Ὦρον
807 3624 953 3699 λέγουςιν
977 3622 1036 3697 ὅτι,
1060 3621 1086 3686 εἰ
1108 3621 1148 3700 ἧν
1171 3623 1292 3704 οὕτως,
1318 3623 1372 3687 οὐκ

228 3730 290 3811 [ἂν]
314 3731 455 3810 ὤφειλεν
479 3730 675 3811 ἀποβάλλειν
703 3734 741 3796 τὸ
764 3737 797 3795 δ·
830 3734 870 3796 τὰ
891 3734 953 3812 γὰρ
976 3733 1041 3796 ἀπὸ
1064 3735 1131 3795 τῶν
1162 3731 1207 3796 εἰς
1232 3754 1259 3797 ις
1283 3737 1375 3812 θηλυ-

226 3843 292 3904 κῶν
316 3839 376 3903 οὐκ
398 3839 617 3920 ἀποβάλλουςι
638 3843 676 3906 τὸ
699 3847 725 3905 δ.
749 3842 882 3921 ἄμεινον
904 3842 964 3906 οὖν
986 3843 1199 3921 παροξύνειν,
1229 3843 1298 3908 ἀπὸ
1321 3848 1375 3908 τοῦ

225 3950 326 4029 ἀῖτης.
349 3988 392 3998 -
414 3950 537 4013 Ibidem
559 3974 591 4033 p.
619 3951 694 4033 164,
718 3953 776 4016 33:
814 3953 911 4017 ἰαύω
935 4004 941 4015 .
964 4004 970 4015 .
994 4004 1030 4015 ..
1063 3953 1150 4030 παρὰ
1172 3955 1235 4019 τὸν
1258 3954 1330 4032 ἴον,
1359 3957 1376 4018 δ

225 4064 317 4139 δηλοῖ
338 4062 395 4125 τὸν
419 4061 538 4140 μόνον,
566 4063 686 4138 γίνεται
714 4062 772 4126 ἰύω
796 4064 870 4146 (ἰάω
894 4061 971 4125 Zon.
995 4085 1016 4145 p
1054 4062 1150 4146 1082)
1185 4066 1225 4127 τὸ
1249 4068 1377 4143 μονὰζω

224 4173 274 4233 καὶ
296 4175 487 4255 πλεοναςμῷ
509 4178 569 4237 τοῦ
593 4193 612 4235 υ
636 4175 668 4255 (υ
691 4172 785 4257 Ζοιι.)
810 4173 904 4237 ἰαύω·
927 4175 977 4236 καὶ
1000 4173 1074 4252 νάρ,
1096 4175 1208 4253 φηςὶν,
1231 4176 1379 4255 ἡςυχάζει

224 4283 282 4344 τοῦ
311 4283 525 4347 καθεύδοντος
555 4283 574 4346 ὁ
603 4283 670 4362 βίος
700 4282 771 4365 (τὸν
806 4283 1004 4348 καθεύδοντα
1033 4284 1051 4347 ὸ
1081 4282 1151 4363 βίος
1180 4284 1295 4369 Etym.
1326 4288 1381 4353 M..

224 4391 424 4456 ὸκαθεύδων
441 4391 535 4474 Zeu.)
575 4393 682 4471 Ὧρος.
706 4395 775 4457 ou
792 4394 990 4471 Ἡρωδιανὸς
1014 4395 1098 4468 λέγει
1120 4397 1214 4473 παρὰ
1238 4399 1276 4462 τὸ
1300 4399 1382 4463 ouius
