3014 5010
436 348 483 395 aa
507 348 598 395 aiau.
622 347 724 396 saux.
748 349 792 394 ar
816 347 1030 396 msrsrnlro.
1244 335 1303 396 159

165 502 271 566 Vnum
293 504 395 563 restat
418 500 497 582 quod
526 499 628 562 tribus
651 499 755 562 verbis
777 503 941 582 tangatur.
986 498 1229 574 Quaesieramus
1251 501 1304 583 (de

166 611 240 674 bibl.
264 610 317 672 Al.
341 632 373 692 p.
390 609 431 674 34
454 606 518 695 [30]
543 610 621 694 sq),
645 608 720 691 quid
743 609 901 671 videretur
924 612 1104 672 exterarum
1125 609 1303 672 litterarum
1321 625 1354 672 42

165 720 198 782 in
213 740 364 803 graecam
385 719 530 801 linguam
546 738 769 781 conversarum
784 717 1013 781 Alexandrinis
1028 718 1127 800 copiis
1150 720 1304 782 sociatum

164 850 241 891 esse.
287 828 356 902 Quo
378 829 412 890 in
434 847 552 911 genere
575 848 646 890 curn
669 849 733 890 non
755 827 880 910 possint
901 849 967 890 non
993 826 1092 890 videri
1115 827 1222 907 nimii,
1250 830 1305 910 qui

164 938 202 1000 de
224 937 387 1021 quibusvis
409 936 499 1000 libris
521 936 702 1019 quommris
724 937 912 1019 populorum
935 937 1107 1019 loquuntur
1127 936 1303 999 liberalius:

164 1068 201 1110 eo
222 1045 470 1110 incumbendum
498 1049 562 1127 est,
591 1049 627 1108 ut
654 1066 671 1108 e
693 1046 891 1129 singulorum
918 1045 979 1108 fide
1002 1046 1215 1128 exemplorum
1242 1067 1304 1108 me-

164 1157 264 1218 moria
293 1155 348 1218 illa
376 1155 523 1218 universa
553 1157 729 1217 censeatur.
780 1155 886 1237 Atque
919 1157 958 1216 de
992 1154 1081 1216 libris
1114 1155 1213 1217 sacris
1242 1155 1304 1217 He-

163 1265 331 1327 braeorum
354 1264 400 1328 sic
423 1285 509 1327 nunc
531 1263 598 1326 fere
613 1266 752 1326 statuere
770 1262 935 1347 theologos
950 1263 1089 1345 accipio,
1113 1267 1148 1326 ut
1170 1263 1209 1326 dc
1224 1263 1304 1327 Pen-

163 1375 314 1437 tateucho
347 1373 472 1455 quidem
506 1372 605 1455 ipsius
638 1372 724 1434 iussu
752 1372 954 1454 Philadelphi
984 1373 1142 1434 translato
1170 1394 1189 1435 a
1216 1374 1304 1435 nullo

164 1483 228 1544 iam
243 1483 415 1545 dubitetur.
440 1482 488 1544 De
500 1481 709 1564 Aegyptiacis
715 1483 746 1565 *)
764 1502 866 1544 cuma
878 1480 1073 1544 Manethone
1085 1471 1153 1544 turn
1165 1481 1304 1545 eiusdem

163 1591 248 1653 illius
263 1590 438 1654 Ptolemaei
453 1589 606 1653 mandato
622 1589 663 1652 ab
679 1589 892 1654 Eratosthene
914 1611 1028 1674 graece
1045 1590 1174 1654 redditis
1189 1595 1304 1654 testem

162 1699 316 1762 habemus
339 1700 531 1783 Syncellum.
576 1697 636 1761 His
664 1699 794 1762 tertium
821 1700 1000 1782 exemplum
1022 1699 1172 1763 audemus
1198 1722 1215 1762 e
1237 1699 1304 1763 sola

163 1809 348 1872 coniectura
376 1810 518 1892 iungere.
569 1808 618 1871 De
652 1811 721 1870 arte
754 1808 881 1892 magica
915 1808 1039 1871 locutus
1071 1809 1193 1872 Plinius
1226 1809 1302 1872 Nat.

162 1919 237 1980 hist.
260 1916 368 1998 XXX,
396 1920 466 1997 1‚4
488 1917 535 1980 sic
556 1918 678 2000 pergit:
701 1923 883 1997 Hermippus
900 1924 953 1996 qui
973 1925 1011 1981 de
1030 1939 1067 1980 cu
1087 1930 1157 1981 urle
1178 1924 1302 1996 dilipeu-

162 2034 273 2091 tissime
293 2033 415 2106 scripsit
435 2039 465 2089 et
485 2032 597 2090 viciens
617 2038 735 2090 rentum
756 2033 840 2090 milia
855 2048 991 2090 versuum
1014 2048 1034 2088 u
1050 2032 1214 2091 Zoroastre
1234 2050 1303 2092 rou-

161 2141 241 2213 dita,
269 2141 418 2200 indicibus
444 2155 561 2214 quoque
581 2141 761 2199 uoluminum
790 2141 853 2198 eius
877 2142 995 2214 positis,
1024 2142 1211 2214 explanarit
1256 2137 1304 2198 De

162 2245 310 2309 doctrina
332 2248 438 2308 autem
460 2244 648 2307 Zoroastres
671 2245 730 2307 etsi
753 2244 818 2306 iam
841 2248 916 2306 aute
935 2243 1145 2327 Hermippum
1167 2245 1304 2328 plurima

162 2355 246 2418 inter
260 2375 393 2438 graecos
409 2355 580 2437 scriptores
595 2354 715 2417 mentio
730 2354 984 2436 percrebruerat:
1000 2353 1032 2415 id
1047 2354 1129 2437 quod
1143 2356 1304 2418 commode

162 2463 360 2546 Loaynskius
388 2463 495 2526 docuit
522 2463 561 2527 de
583 2462 693 2527 Herm.
717 2486 749 2546 p.
772 2465 829 2526 47:
858 2467 967 2526 tamen
995 2464 1173 2546 promiscua
1200 2465 1302 2527 omnis

161 2572 217 2635 illa
239 2572 384 2656 cognitio
406 2572 467 2635 fuit
489 2577 522 2636 et
544 2572 693 2655 fortuita,
722 2594 782 2636 nec
810 2573 956 2655 cuiquam
985 2573 1199 2657 antiquiorum
1227 2574 1302 2637 scri-

161 2686 289 2763 ptorum
304 2681 432 2765 integra
454 2681 538 2744 illius
561 2682 725 2745 doctrinae
747 2686 953 2745 monumenta
975 2682 1090 2745 litteris
1113 2683 1302 2766 consignata

160 2789 260 2854 videri
296 2794 429 2873 possunt
461 2791 496 2853 in
531 2795 679 2873 promptu
706 2790 814 2853 fuisse.
864 2791 976 2875 Itaque
1003 2791 1214 2874 Hermippum
1248 2793 1302 2855 alii

161 2902 344 2962 statuerunt
375 2900 437 2962 iter
468 2899 581 2963 fecisse
614 2899 648 2962 in
682 2898 796 2963 Persas
829 2900 935 2983 ibique
969 2921 987 2962 a
1020 2901 1124 2983 magis
1157 2900 1302 2963 edoctum

161 3029 246 3088 esse,
271 3008 326 3071 alii
349 3008 493 3092 linguam
515 3009 676 3072 Persicam
698 3009 806 3091 ipsum*
830 3009 992 3089 calluisse,
1021 3009 1124 3090 perito
1147 3009 1215 3071 eius
1243 3009 1301 3071 lin-

159 3138 244 3200 guae
266 3117 441 3200 interprete
463 3140 554 3182 usum
576 3119 641 3182 alii.
672 3116 792 3192 Quibus
812 3118 1016 3201 opinionibus
1031 3117 1102 3181 vide
1124 3139 1201 3180 num
1223 3118 1302 3180 haec

161 3226 345 3290 coniectura
367 3230 523 3310 praestet,
545 3232 582 3290 ut
604 3227 857 3290 Ptolemaeorum
879 3227 1005 3290 demum
1028 3227 1159 3289 consilio
1188 3248 1302 3309 graece

160 3357 315 3398 conversa
343 3357 411 3399 esse
433 3337 595 3399 volumina
624 3337 679 3399 illa
702 3335 889 3399 Zoroastrea
917 3340 1069 3419 putentur
1096 3339 1129 3398 et
1151 3336 1184 3398 in
1212 3336 1303 3419 regia

161 3444 356 3508 bibliotheca
384 3446 539 3529 reposita,
569 3449 663 3529 atque
690 3445 766 3508 hinc
794 3447 955 3528 profectus
984 3445 1177 3528 Hermippus
1211 3447 1303 3507 tanta

158 3553 332 3636 diligentia
347 3575 417 3617 eam
439 3554 619 3618 doctrinam
642 3555 845 3637 explanasse,
871 3555 957 3617 cuius
973 3560 1069 3618 antea
1086 3554 1209 3618 incerta
1230 3557 1301 3616 tan-

157 3668 230 3724 turn
252 3662 339 3724 fama
360 3663 507 3727 ferretur.
544 3665 594 3727 Ita
615 3663 693 3726 illud
716 3664 809 3727 simul
831 3663 1044 3748 intellegitur,
1069 3686 1124 3727 cur
1146 3686 1184 3727 ex
1207 3663 1300 3726 Her·
1320 3673 1352 3720 43

158 3771 283 3853 mippi
299 3773 535 3835 commentariis
557 3794 735 3836 versuum
751 3773 874 3837 numeri
896 3772 1024 3855 petendi
1041 3776 1162 3835 essent:
1185 3773 1302 3856 quippe

157 3880 193 3943 in
224 3861 412 3944 Callimachi
441 3883 655 3963 praeceptoris
682 3882 814 3944 Tabulis
845 3881 986 3945 nondum
1016 3881 1206 3965 consignata
1234 3903 1302 3944 esse
1345 3893 1352 3905 '

156 3993 350 4072 potuerunt,
379 4011 460 4072 quae
488 3989 629 4053 nondum
657 3992 789 4054 tractari
818 4013 837 4053 a
864 4012 980 4073 graeco
1012 3991 1139 4053 homine
1171 3994 1302 4073 possent

227 4242 252 4307 *)
272 4241 323 4309 [Dc
346 4240 388 4294 his
411 4240 474 4294 vide
496 4241 606 4295 uberius
630 4241 819 4309 disputantem
842 4242 990 4296 Ricardum
1013 4242 1142 4310 Lepsium
1166 4242 1300 4296 ‘Chrono-

155 4332 250 4399 lagiae
269 4332 488 4400 Aegyptiorum’
506 4334 559 4386 vol.
579 4335 590 4386 l
610 4335 662 4396 (cd.
682 4335 803 4386 Ber-clini
822 4352 846 4388 a.
868 4341 943 4401 1849)
961 4354 988 4405 p.
1008 4342 1041 4390 39
1059 4338 1111 4403 sq]
