2896 4996
397 308 658 367 cuononoarvn
680 316 960 368 vrunonounusn.
1010 308 1014 318 “
1183 303 1247 367 569

104 473 284 558 perscripto
306 472 426 538 πλόουι
450 475 544 555 atque
566 470 798 555 transpositum
820 471 854 535 in
876 470 995 535 Aldina
1017 472 1133 537 πλοίου
1155 473 1247 552 λιμὴν

103 585 162 663 μὲν
185 584 233 649 ἀλ.
277 582 397 657 Quibus
420 603 505 645 nunc
535 580 697 645 addendus
724 580 899 666 Georgides
922 580 1122 646 Boissonadii
1150 605 1180 665 p.
1204 582 1246 646 55

103 694 205 759 tacito
227 691 398 757 Menandri
427 691 557 756 nomine
585 692 664 755 hacc
691 691 827 756 afferens
855 693 945 770 λιμὴν
973 693 1029 771 μὲν
1052 692 1169 757 πλοίου
1192 692 1246 773 ὅρ-

104 825 180 886 μος,
213 804 315 882 λύπης
348 804 384 868 δὲ
416 806 504 868 νοῦς.
555 800 617 864 Τοί
644 804 820 885 ,tantasque
853 801 1084 886 discrepantias
1113 806 1247 886 apparet

106 936 175 980 nou
199 913 357 978 erroribus
380 911 588 976 scribentium
610 911 733 976 deberi:
756 912 853 975 immo
869 912 1027 977 arbitratu
1040 933 1097 977 suo
1112 913 1154 977 ab
1176 912 1247 976 aliis

107 1024 203 1089 aliter
224 1023 382 1087 variatam
403 1043 471 1086 case
494 1022 676 1106 putabimus
696 1022 892 1105 primitivam
914 1022 1054 1106 aliquam
1069 1023 1247 1088 sententiae

105 1135 243 1199 formam
250 1183 259 1215 ,
294 1154 375 1216 quae
407 1133 510 1216 qualia
542 1132 640 1196 fuerit
671 1132 725 1196 vix
758 1153 926 1216 assequare
954 1131 1146 1197 coniectura.
1198 1132 1247 1197 Ea

105 1245 172 1308 sive
195 1243 353 1328 originem
379 1242 470 1307 duxit
497 1241 753 1307 aMenandro
781 1242 848 1307 sive
876 1243 917 1307 ab
944 1242 1005 1306 hoc
1027 1246 1173 1327 suscepta
1200 1246 1248 1306 est

105 1356 252 1436 tantum,
280 1353 446 1418 inversus
470 1353 628 1417 cancellos
650 1353 703 1416 vix
727 1353 907 1442 alio'atque
934 1353 994 1417 hoc
1016 1352 1109 1416 modo
1131 1352 1247 1441 intrat:

192 1463 335 1530 πλοίου
358 1466 426 1543 μὲν
450 1464 469 1529 ὁ
491 1466 619 1543 λιμὴν,
641 1466 709 1529 τοῦ
733 1463 816 1544 βίου
839 1464 871 1528 δ’
895 1463 1015 1543 ὅρμος
1038 1462 1162 1544 φίλος.

105 1573 193 1639 Νιιιιι
219 1595 332 1658 parum
358 1572 523 1658 probabile
551 1576 600 1638 est
627 1572 757 1638 alterius
787 1572 950 1639 cuiusdam
976 1573 1123 1637 versiculi
1148 1574 1248 1656 parti-

109 1685 216 1749 culam
246 1683 373 1768 integro
403 1683 528 1751 senario
551 1682 738 1766 adhaerere,
770 1683 856 1747 velut
884 1684 981 1762 ὁμὲν
1010 1686 1102 1763 λιμὴν
1123 1684 1248 1748 Πλοίου

103 1791 180 1861 'triv
212 1793 326 1874 ὅρμος,
353 1795 372 1873 ἡ
401 1793 490 1876 φιλία
519 1795 554 1859 δὲ
582 1797 642 1858 τοῦ
669 1792 754 1875 βίου,
790 1794 841 1856 vel
871 1793 889 1858 ὁ
916 1794 978 1874 γὰρ
1005 1794 1097 1874 λιμὴν
1123 1793 1248 1858 Πλοίου

104 1901 184 1970 ’ςτιν
206 1904 322 1986 ὅρμος,
346 1908 403 1970 τοῦ
427 1904 498 1984 βίου
520 1906 554 1968 δ’
577 1903 710 1985 ἀλυπία,
734 1902 784 1966 vel
807 1904 909 1985 ὁγὰρ
933 1905 1024 1983 λιμὴν
1043 1904 1168 1968 Πλοίου
1190 1905 1247 1982 μὲν

107 2015 209 2096 ὅρμος
230 2015 304 2093 ἐςτί,
325 2017 380 2093 τῆς
402 2014 503 2093 λύπης
525 2014 588 2078 δ’ὁ
611 2017 697 2079 νοῦς.
733 2011 863 2099 [Confer
879 2035 966 2078 nunc
980 2012 1120 2078 Nanckii
1141 2012 1175 2076 iu
1191 2012 1248 2076 flo-

107 2124 258 2210 rilegium
284 2123 437 2188 Leidense
464 2123 618 2188 adnotata
641 2121 799 2206 Philologi
821 2127 845 2186 t.
870 2122 917 2187 IX
940 2146 971 2206 p.
998 2122 1083 2210 369.]

193 2235 236 2298 34
257 2235 288 2299 οἱ
316 2237 373 2314 μὲν
401 2235 540 2320 ἀμαθεῖς]
564 2232 839 2316 Demophiliorum
860 2234 901 2298 33
923 2255 955 2317 p.
979 2234 998 2298 8
1022 2234 1094 2315 Or,
1124 2233 1179 2297 ubi
1201 2236 1249 2297 est

109 2345 293 2424 ςυγχέουςιν
316 2365 374 2427 pro
397 2345 436 2409 οὐ
459 2347 605 2410 ςυνιᾱςιν.

194 2454 236 2517 36
258 2454 332 2519 οὔτε
354 2455 450 2538 γυνὴ]
473 2453 614 2519 Socratis
642 2454 726 2538 apud
753 2454 924 2519 Stobaenm
947 2453 1018 2536 CX,
1042 2454 1094 2537 26,
1123 2453 1177 2517 ubi
1201 2456 1250 2517 est

108 2565 198 2630 ἐλπὶς
221 2564 321 2643 ἀγαθὴ
344 2566 377 2627 et
391 2568 490 2647 γεννᾷ
504 2585 562 2647 pro
578 2564 657 2643 ἄγει,
681 2567 714 2628 ct
735 2563 853 2629 rectius
874 2585 903 2628 rr
925 2566 1090 2644 χρήςιμονι
1113 2585 1189 2628 nam
1210 2566 1248 2630 τὸ

1 2721 2 2724 ,
109 2675 260 2755 χρήςιμον
282 2678 449 2757 poetarum
471 2676 528 2737 est.

195 2784 235 2848 37
257 2786 370 2868 γῆρας]
398 2783 582 2848 Democrito
609 2784 722 2847 tribuit
744 2783 901 2848 Maximus
924 2783 976 2850 CL
997 2807 1028 2868 p.
1052 2784 1130 2866 240,
1153 2784 1195 2849 53
1218 2786 1251 2848 et

108 2872 247 2958 fortasse
280 2893 455 2978 Georgides
483 2916 514 2976 p.
543 2893 599 2975 24,
634 2892 813 2958 Herodoto
830 2897 940 2977 aperto
974 2914 1078 2957 errore
1110 2892 1248 2957 Michael

110 3002 298 3086 Apostolius
320 3002 382 3085 VI,
406 3003 448 3067 22
472 3000 515 3089 [p.
539 3004 616 3084 344,
640 3003 708 3067 lla
731 3003 779 3067 ed.
803 3003 966 3085 Leutsch.,
995 3002 1050 3066 ubi
1073 3005 1122 3065 cst
1149 3003 1249 3081 Ἡρώ·

109 3111 192 3198 δου]
224 3110 355 3176 Habent
376 3113 474 3177 etiam
496 3113 652 3177 Arscnius
674 3135 706 3196 p.
733 3113 788 3177 161
814 3116 846 3176 et
860 3112 990 3196 farrago
1005 3111 1109 3175 Walz.
1126 3134 1157 3195 p.
1174 3111 1247 3175 498.

111 3220 353 3308 [Hexametrum
382 3222 515 3307 agnovit
542 3221 705 3286 Nauckius
739 3221 899 3306 Philologi
925 3220 956 3284 V
981 3244 1013 3305 p.
1042 3221 1105 3287 556
1138 3222 1170 3285 et
1201 3219 1248 3284 IX

107 3355 141 3416 p.
165 3331 252 3419 369.]
1014 3350 1017 3355 ·
1259 3336 1264 3346 ’

195 3442 235 3506 37
258 3442 296 3507 τὸ
324 3443 381 3520 μὲν
409 3443 487 3526 πῦρ]
515 3441 656 3507 Socratis
684 3442 767 3524 apud
796 3440 969 3506 Stobaeum
992 3440 1054 3524 VI,
1077 3441 1136 3523 32,
1163 3439 1247 3503 unde

106 3551 267 3616 adsciscas
289 3551 468 3616 articulum.
1178 3557 1180 3559 ’

195 3661 236 3726 38
258 3662 492 3746 Πρωταγόρας]
515 3661 603 3727 Stob.
628 3661 752 3744 XXIX,
776 3661 827 3726 80.

194 3771 238 3834 40
259 3772 433 3850 Διογένης·
461 3769 577 3856 ἀρχὴν]
602 3770 714 3836 Fallax
736 3771 818 3835 haud
843 3771 937 3835 dubie
959 3770 1136 3852 inscriptio.

194 3880 237 3944 44
257 3882 315 3945 τὸυ
349 3880 515 3966 πλούςιον]
549 3880 658 3945 Simile
691 3881 845 3965 Diogenis
873 3879 993 3944 dictum
1026 3882 1131 3943 exstat
1164 3880 1247 3962 apud

106 3990 206 4074 Diog.
230 3990 335 4054 Laert.
360 3989 422 4074 VI,
445 3990 498 4073 47,
526 3989 580 4053 ubi
608 3990 679 4054 vide
701 3989 897 4074 Menagium.
945 3988 1019 4075 [Pro
1046 3990 1104 4055 τὸν
1127 3987 1247 4051 Meine-

103 4100 181 4164 kius
202 4121 235 4182 p.
259 4099 285 4163 L
306 4100 356 4164 vel
378 4101 455 4166 ἰδὼν
478 4100 529 4164 vel
551 4100 662 4184 ὁρῶν]

192 4208 235 4272 46
265 4210 283 4273 ὃ
316 4210 452 4293 μέλλεις]
485 4209 580 4274 Modo
613 4209 739 4273 Pittaco
771 4208 864 4275 modo
896 4209 1024 4274 Thaleti
1057 4208 1249 4273 adscribitur

103 4317 195 4404 apud
218 4317 390 4384 Stobaeum
409 4318 473 4396 ΙΠ,
492 4319 548 4402 79,
571 4319 725 4386 Orellium
742 4318 758 4382 I
774 4341 806 4403 p.
827 4319 902 4403 148,
921 4320 1092 4385 Arsenium
1107 4341 1140 4403 p.
1157 4318 1248 4403 (292)
