3008 5002
534 338 653 396 unove
675 337 892 384 1111101010.
1224 326 1282 386 lla

140 491 169 554 Ε
197 512 259 573 quo
281 489 516 553 evidentissime
540 490 742 572 consequitur
770 493 934 571 corruptos
956 511 1024 552 esse
1051 489 1203 572 quosdam
1227 511 1283 552 nu-

140 620 260 663 meros:
284 599 337 682 qui
359 620 420 682 quo
439 599 532 663 modo
549 599 729 683 corrigendi
744 598 827 680 sint,
850 591 947 661 facile
969 597 1076 662 licete
1097 620 1162 661 non
1181 620 1284 661 corru-

141 713 269 792 ptormn
282 709 519 791 comparatione
534 709 724 791 perspicere.
751 707 837 771 Nam
849 729 919 771 cum
930 707 1142 771 diverbiorum
1157 708 1283 790 quidem

141 818 307 901 discriptio
340 839 408 881 non
433 818 574 900 potuerit
605 818 667 881 sibi
693 839 760 880 non
788 821 949 880 constare:
983 817 1038 879 ubi
1071 816 1110 879 de
1138 839 1284 880 versuum

141 927 346 992 multitudine
372 927 521 990 universa
548 926 722 1009 dempseris
755 927 790 989 in
818 926 940 1008 Oedipo
969 924 1037 1019 001.
1072 925 1284 990 diverbiorum

142 1060 252 1101 versus
281 1037 373 1118 1273,
403 1037 438 1099 in
459 1036 639 1100 Philocteta
669 1036 761 1118 1097,
790 1037 825 1098 in
851 1035 1032 1099 Trachiniis
1059 1036 1131 1117 970,
1161 1040 1285 1099 restant

143 1146 341 1210 choricorum
362 1167 471 1209 versus
493 1167 532 1209 ex
553 1145 707 1208 hodierna
729 1145 935 1228 discriptione
958 1145 992 1207 in
1013 1145 1135 1227 Oedipo
1152 1145 1224 1227 506,
1249 1146 1284 1207 in

142 1256 323 1320 Philocteta
345 1257 423 1337 374,
447 1256 482 1318 11
505 1254 686 1318 Trachiniis
708 1255 785 1318 310:
814 1254 927 1337 quibus
949 1254 1089 1318 mimeris
1112 1253 1284 1318 secundum

143 1364 352 1428 Laurentiani
379 1364 645 1447 subscriptionem
673 1364 706 1426 hi
735 1363 943 1446 respondent:
971 1365 1043 1444 357,
1071 1364 1133 1428 308
1156 1364 1282 1428 01250.

144 1474 196 1536 Ad
217 1475 330 1537 harum
352 1474 513 1537 rationum
534 1473 775 1536 similitudinem
802 1473 966 1555 aptissime
988 1473 1127 1555 reliquae
1153 1473 1282 1537 fabulae

143 1583 484 1665 accommodabuntur,
517 1583 572 1646 ubi
600 1581 748 1664 adiectis,
784 1583 837 1665 qui
865 1583 960 1647 facile
988 1587 1160 1666 potuerunt
1188 1583 1284 1647 inter-

144 1692 265 1775 cidere,
291 1692 484 1757 centenariis
500 1692 639 1756 numeris
662 1714 701 1755 ex
718 1692 844 1773 Aiacis,
868 1692 1031 1774 Electrae,
1056 1693 1169 1775 Oedipi
1184 1692 1284 1778 Regis

142 1805 258 1882 crixorc
281 1803 383 1867 sicin
406 1802 621 1866 Laurentiano
644 1801 725 1865 libro
747 1801 896 1884 proditis:
924 1799 1014 1888 ,upo',
1036 1802 1105 1892 ,up'‚
1133 1802 1198 1892 pf,
1226 1804 1284 1867 hos

141 1912 285 1975 effeceris
306 1910 412 2000 ,ατμδζ
435 1912 524 1998 ,cupi
546 1912 629 2001 ,coifi
673 1910 724 1974 lta
747 1911 850 1992 enim,
875 1915 1009 1975 servato
1022 1911 1149 1994 quidem
1175 1913 1285 1977 eodem

141 2021 323 2084 fabularum
359 2022 485 2104 ordine,
521 2021 704 2085 melicorum
738 2020 914 2110 carminum
948 2021 1090 2085 versibus
1122 2022 1284 2087 hodiernis

140 2131 222 2211 342,
253 2130 325 2211 385,
359 2132 422 2195 313
453 2131 648 2213 respondent
683 2152 702 2193 a
729 2131 889 2193 veteribus
922 2130 1067 2213 discripti
1100 2131 1173 2212 266,
1210 2133 1282 2214 315,

139 2240 216 2302 242.
262 2238 375 2303 Restat
404 2240 587 2324 Antigona,
615 2239 758 2303 diverbia
786 2239 908 2303 habens
937 2240 1015 2321 915,
1046 2241 1172 2304 cantica
1200 2242 1284 2324 apud

141 2348 360 2412 Gaisfordium
380 2350 458 2414 438:
482 2371 501 2412 1
524 2350 636 2433 quibus
660 2370 731 2413 cum
753 2348 887 2412 nimium
909 2348 972 2413 232
994 2349 1129 2432 distent,
1161 2350 1284 2435 corrige

139 2457 176 2521 in
199 2457 408 2522 Laurentiani
430 2458 664 2542 subscriptione
686 2460 760 2539 (τίχ.
783 2457 877 2545 ,11μῖ
899 2481 957 2541 pro
980 2451 1091 2546 ,αρ’μῖε
1115 2482 1176 2543 quo
1198 2462 1235 2523 fit
1249 2465 1285 2523 ut

139 2567 248 2631 melici
276 2589 383 2631 versus
416 2568 493 2631 olim
508 2610 509 2613 =
524 2569 587 2633 332
619 2568 750 2632 fuerint.
801 2568 854 2633 Sic
885 2568 1011 2632 demum
1045 2570 1196 2651 eundem,
1230 2571 1283 2653 qui

139 2676 236 2740 hodie
252 2677 386 2761 obtinet,
409 2677 590 2741 fabularum
605 2700 643 2742 ex
659 2677 877 2760 amplitudinis
900 2680 1024 2741 ratione
1039 2679 1183 2742 ordinem
1199 2678 1284 2744 hunc

139 2787 232 2851 nacti
247 2809 367 2851 sumus:
391 2787 549 2870 Oedipum
564 2787 630 2853 001.
651 2789 732 2852 1630
746 2809 907 2869 versuum,
932 2787 1054 2873 Regem
1078 2789 1170 2870 1460,
1194 2789 1283 2852 Elec-

139 2901 228 2960 tram
250 2898 340 2979 1440,
365 2897 577 2961 Philoctetam
601 2896 691 2980 1405,
714 2898 848 2961 Aiacem
865 2899 955 2979 1344,
973 2898 1174 2981 Antigonam
1191 2899 1282 2980 1247,
1323 2966 1324 2969 ,

138 3006 333 3070 'ihachinias
350 3007 441 3071 1220.
473 3006 573 3072 Simul
589 3011 695 3071 autem
710 3007 942 3091 intellegimus,
963 3007 1003 3069 ad
1018 3028 1114 3089 quam
1129 3006 1195 3069 lere
1210 3028 1283 3069 nor-

138 3137 229 3179 mam
243 3121 365 3180 veteres
381 3117 483 3180 critici
507 3116 633 3180 chorica
649 3117 791 3181 carmina
806 3116 1043 3200 tragoediarum
1058 3115 1282 3198 disposuerint,

138 3246 276 3308 qnorum
291 3226 460 3290 versiculos
476 3226 541 3289 iam
563 3230 697 3310 apparet
719 3226 753 3290 11
775 3248 941 3289 numerum
963 3228 1077 3309 quarta
1093 3225 1219 3288 circiter
1233 3226 1284 3288 vel

138 3335 257 3417 quinta
279 3336 328 3398 vel
344 3336 440 3399 etiam
455 3336 551 3400 tertia
573 3340 664 3419 parte
679 3337 849 3416 minorem,
874 3358 968 3418 quam
987 3335 1040 3418 qui
1055 3334 1149 3398 hodie
1170 3334 1282 3417 fertur,

137 3445 288 3508 redactos
310 3445 417 3509 fuisse.
455 3445 625 3509 Praeterea
648 3449 796 3528 potuerat
817 3443 901 3508 hanc
925 3444 1172 3527 Sophoclearum
1192 3444 1283 3507 fabu-

137 3554 246 3616 larum
268 3556 481 3634 ετιχομετρίαν
503 3555 723 3637 percommode
738 3554 963 3617 Lachmannus
983 3554 1037 3618 isti
1052 3544 1284 3618 metiendamm

137 3663 380 3746 tragoediarum
403 3665 538 3728 artificio
561 3665 726 3746 adhibere,
750 3664 833 3748 quod
855 3664 890 3726 in
911 3664 993 3728 libro
1015 3663 1054 3726 de
1076 3664 1211 3727 choricis
1233 3686 1282 3747 sy-

138 3771 288 3835 stematis
315 3795 371 3836 suo
399 3775 579 3857 explicavit.
630 3774 753 3858 Quippe
783 3795 800 3837 e
828 3777 950 3856 septem
983 3773 1100 3837 fabulis
1134 3778 1284 3857 quattuor

138 3885 234 3961 sunt,
263 3904 396 3964 quarum
423 3883 528 3946 melici
557 3905 664 3947 versus
695 3883 734 3946 de
764 3883 901 3966 pristina
934 3882 1060 3965 quidem
1088 3884 1284 3947 canticorum

137 3989 349 4073 discriptione
390 3991 424 4055 in
460 3993 676 4074 septenarium
709 4014 876 4056 numerum
912 4013 1039 4075 prorsus
1073 3993 1282 4057 conveniunt:

138 4099 284 4182 Oedipus
308 4099 393 4181 001,
422 4100 617 4183 Philocteta,
647 4101 791 4184 Electra,
820 4103 913 4165 Aiax.
959 4104 1065 4186 Atque
1094 4103 1128 4166 in
1154 4102 1283 4166 Trachi-

138 4211 270 4273 niarum
292 4213 378 4273 certe
400 4213 433 4272 et
456 4208 569 4292 Oedipi
592 4210 690 4295 Regis
713 4213 909 4293 (τιχομετρίᾳ
931 4234 1026 4294 quam
1047 4213 1143 4276 facile
1170 4211 1280 4296 possit,

139 4340 214 4382 cum
236 4341 301 4382 una
323 4319 446 4382 numeri
461 4320 584 4383 notatio
600 4307 686 4384 certo
707 4321 874 4407 exciderit,
898 4322 1052 4386 excidisse
1068 4322 1165 4386 etiam
1181 4324 1283 4387 altera
