2880 4994
419 335 638 384 orassemus
662 335 869 383 marsnam.
938 392 939 395 Ἴ
1154 318 1214 382 791

74 491 220 552 veterum
245 489 428 553 nominibus
456 488 555 552 edidit
582 513 613 573 p.
634 489 694 572 35,
725 492 985 552 commemoratos
1013 489 1111 552 etiam
1144 510 1216 552 cum

73 597 232 662 similibus
261 597 332 662 aliis
366 600 421 663 sed
455 599 649 663 brevioribus
673 600 707 662 in
735 598 796 663 Ed.
820 598 978 663 Gerhardi
1006 599 1215 683 praestantis-

73 709 155 772 simo
188 707 228 770 de
260 711 344 775 vasis
379 708 590 773 Vulcentibus
624 709 852 773 oonimentario
891 709 1031 793 (Annal.
1071 709 1133 774 vol.
1165 710 1215 774 III

73 850 106 910 p.
132 826 225 911 188),
256 842 359 904 nuper
381 820 507 883 demum
536 819 571 882 in
598 819 719 883 Annal.
748 820 810 883 vol.
839 818 870 883 V
896 843 928 903 p.
957 820 1019 884 357
1043 842 1110 903 sqq.
1141 824 1215 902 post

73 935 236 1000 Welckeri
259 954 352 996 curas
367 930 458 1015 (ibid.
481 953 513 1012 p.
530 930 593 994 235
608 952 676 1013 sqq.
694 929 765 993 coll.
783 929 924 994 Monam.
941 930 956 993 I
978 930 1045 994 tab.
1059 929 1213 1016 XXXIX)

72 1046 231 1110 Ricardus
252 1042 384 1126 Lepsios
413 1041 460 1104 ita
482 1039 671 1123 explicavit,
707 1043 743 1103 ut
768 1040 851 1103 nihil
877 1040 942 1104 iam
970 1040 1143 1123 desiderari
1170 1041 1214 1104 vi-

73 1155 235 1238 deatur.*)
270 1151 415 1218 Secundo
436 1151 472 1213 in
494 1151 563 1213 loco
584 1150 732 1214 habenda
755 1153 803 1214 est
824 1150 963 1215 iucunda
990 1150 1046 1214 illa
1073 1150 1214 1214 hirundi-

72 1288 151 1330 num
172 1286 227 1329 ver
248 1261 468 1326 nuntiantium
490 1261 642 1324 salutatio
649 1311 658 1344 ,
683 1260 733 1324 cui
754 1259 957 1325 felicissimus
977 1261 1136 1345 interpres
1152 1261 1212 1325 Th.

72 1375 222 1439 Panofka
244 1373 383 1456 contigit
404 1372 440 1435 in
455 1371 575 1434 Annal.
599 1371 662 1435 vol.
675 1369 738 1434 VII
760 1393 792 1453 p.
816 1371 878 1435 238
894 1393 963 1455 sqq.
981 1370 1052 1435 coll.
1069 1370 1212 1435 Monuni.

72 1484 191 1550 101Π
216 1484 284 1547 tab.
307 1481 426 1547 XXIV.
470 1481 613 1544 Tertium
642 1484 749 1544 autem
778 1481 1013 1565 exemplunm)
1036 1481 1213 1564 repperisse

72 1594 166 1658 nobis
188 1593 249 1657 visi
271 1614 378 1657 sumus
400 1592 435 1655 in
456 1590 528 1673 hac,
553 1591 593 1655 ad
615 1612 711 1675 quam
732 1591 956 1654 illustrandam
977 1591 1042 1654 iam
1063 1590 1213 1656 accedere

72 1705 165 1787 licet,
189 1703 343 1787 amphora
366 1701 567 1766 Galaesiana.

156 1814 236 1879 Eius
258 1813 412 1877 habemus
439 1812 520 1896 quod
550 1812 642 1875 nobis
665 1811 885 1896 integritatem
913 1812 1126 1896 gratulemur:
1159 1824 1281 1876 ne-1so

71 1947 133 2009 que
156 1925 242 1988 enim
263 1927 392 2006 praeter
414 1922 553 2007 quinque
580 1922 718 1986 frustula
746 1922 914 2005 quicquam
943 1922 1048 2005 deest3
1083 1944 1121 1985 ex
1149 1922 1213 1986 illis

71 2039 181 2099 autem
203 2034 343 2118 quinque
364 2055 428 2096 uno
443 2034 570 2096 tantum
593 2032 662 2095 leve
677 2031 905 2096 detrimentum
922 2032 1061 2115 cepimus
1084 2036 1116 2096 et
1130 2033 1213 2116 quod

69 2145 169 2209 facile
201 2144 404 2208 resarciatur.
450 2141 621 2206 Ordiamur
648 2146 755 2205 autem
782 2145 908 2225 oportet
935 2142 977 2206 ab
1005 2142 1214 2225 inscriptione

69 2254 174 2338 partis
197 2254 333 2318 anticae.
379 2253 475 2319 Cuius
497 2252 601 2335 prima
623 2252 684 2315 duo
707 2253 861 2316 vocabula
889 2253 958 2317 sine
986 2253 1051 2316 ulla
1078 2253 1213 2317 difficul-

69 2367 140 2427 tate
167 2364 319 2448 leguntur
348 2363 375 2427 ὠ
404 2363 479 2428 Ζεῦ.
525 2360 706 2445 Sequuntur
739 2362 877 2446 quinque
899 2363 1043 2447 litterae,
1079 2385 1213 2447 quarum

70 2474 133 2538 etsi
154 2474 259 2538 media
288 2476 321 2537 et
348 2473 461 2537 ultima
489 2472 688 2556 aliquantum
715 2471 903 2538 obscuratae
932 2478 1023 2559 sunt,
1057 2477 1168 2539 tamen
1196 2497 1213 2538 e

70 2587 250 2648 ceterarum
272 2583 414 2668 reliquiis
436 2582 531 2647 facile
555 2583 675 2647 emitur
696 2585 798 2665 πάτερ
820 2585 994 2650 vocativus.
1039 2584 1140 2660 Quem
1161 2607 1212 2650 ex·

69 2694 197 2778 cipiunt
217 2694 304 2758 haud
326 2695 474 2779 ambigue
498 2698 647 2759 exaratae
672 2717 765 2759 voces
787 2696 856 2762 αἴθε
878 2699 1040 2762 πλούειοε.
1074 2696 1214 2761 Restant

69 2819 138 2868 tres
160 2804 298 2888 litterae,
321 2827 456 2889 quarum
477 2805 591 2890 prima,
615 2806 778 2870 simillima
793 2807 848 2870 illa
865 2809 888 2873 Γ
903 2807 1041 2891 litterae,
1064 2806 1213 2871 habenda

68 2915 178 3000 potius
205 2937 263 2998 pro
292 2918 311 2980 Γ
334 2919 399 2999 est,
428 2916 550 2999 reliqua
578 2920 685 2980 autem
711 2939 786 3000 pars
814 2917 881 2981 eius
911 2918 1014 3001 vocis,
1048 2941 1113 2982 una
1142 2940 1213 2982 cum

70 3025 178 3108 capite
201 3028 234 3089 et
255 3026 340 3110 tergi
362 3028 455 3109 parte
476 3025 614 3090 hominis
643 3027 679 3090 in
701 3027 779 3092 sella
801 3028 958 3112 sedentis,
986 3050 1074 3093 nunc
1101 3029 1212 3112 deper-

68 3135 140 3198 dita
162 3139 219 3199 est.
265 3134 383 3210 Quodsi
414 3159 485 3200 eam
513 3139 601 3202 nullo
622 3159 699 3201 sane
727 3138 836 3201 labore
864 3138 996 3202 adiectis
1027 3141 1133 3223 αἴμην,
1162 3117 1220 3203 vel

67 3248 203 3329 propter
225 3245 365 3310 doricam
393 3245 565 3312 dialectum
592 3270 688 3331 quem
710 3249 774 3311 iam
796 3249 977 3312 testabatur
1006 3249 1073 3315 αἴθε
1096 3248 1210 3332 forma,

68 3355 206 3426 ΟΙΜΑΝ
223 3356 354 3440 syllabis
376 3358 637 3443 suppleverirnus,
661 3380 742 3442 quae
756 3359 884 3442 quidem
905 3382 925 3423 a
939 3359 1025 3423 vocis
1052 3360 1212 3445 principio

66 3464 247 3548 diremptae
261 3467 331 3550 ipso
348 3468 462 3551 capitis
484 3468 654 3533 intervallo
674 3468 811 3533 fuerint:
834 3469 1103 3553 simplicissimam
1130 3493 1210 3534 nan·

67 3574 219 3639 ciscimur
241 3580 274 3640 et
295 3578 516 3662 plerorumque
538 3579 680 3643 omnium
704 3601 914 3665 communem,
925 3580 1135 3645 sententiam:

223 3745 250 3809 ὧ
273 3748 338 3814 Ζεῦ
361 3750 471 3831 πάτερ,
496 3749 564 3815 αἴθε
586 3749 738 3815 πλούαοε
759 3750 910 3830 γενοίμαν

65 3943 271 3954 .—---..-.....

138 4051 163 4117 *)
193 4051 272 4119 [Vide
296 4071 368 4106 mmo
395 4055 563 4124 compositas
586 4055 615 4108 in
636 4053 726 4108 Iahnii
748 4054 941 4124 Descriptione
965 4073 1094 4111 vasorum
1116 4056 1210 4110 Mona-

64 4142 194 4198 ccnsium
211 4163 238 4213 p.
260 4152 306 4201 101
327 4149 363 4214 (n.
384 4143 444 4215 334)
464 4146 533 4202 alias
551 4148 669 4229 aliorum
686 4147 953 4218 interpretationes]

138 4263 178 4330 **)
197 4264 302 4334 [Longa
320 4266 490 4332 uberiorem,
515 4284 586 4334 quae
605 4269 683 4322 sexto
702 4268 788 4322 lustro
807 4270 906 4322 exacto
924 4268 1006 4323 hodie
1024 4272 1138 4338 praesto
1157 4273 1209 4335 est,

62 4355 97 4413 in
115 4356 170 4412 hoc
187 4366 289 4426 genere
306 4360 454 4416 materiam
472 4361 618 4417 collectam
635 4361 723 4417 habes
740 4361 844 4416 ibidem
862 4379 890 4432 p.
910 4360 969 4418 CXI
988 4365 1059 4434 sqq]
