3014 5010
414 353 461 402 or.
486 354 576 403 arua.
601 354 704 402 aram.
729 354 773 402 nr
795 353 1010 402 rrsrsrnaro.
1228 334 1286 401 127

148 512 183 571 ut
215 509 307 572 nobis
342 509 481 591 videtur,
520 508 558 571 G.
594 507 779 571 Diridorfius
815 508 945 589 tribuit,
984 529 1003 570 a
1036 529 1097 591 quo
1134 506 1288 570 scholium

126 667 128 673 .
148 619 333 682 Plautinum
355 619 526 702 repetitum
549 624 597 682 est
619 619 653 680 in
669 617 833 681 Addendis
849 618 890 680 ad
906 617 1155 699 Aristophanem
1172 617 1289 680 Oxouii

149 751 251 812 nuper
273 729 408 810 editum,
439 729 501 792 vol.
526 729 652 812 quidem
675 727 721 791 IV
744 731 827 810 part.
852 730 871 790 3
894 750 924 810 p.
949 727 1012 790 393
1034 749 1102 809 sqq.
1147 725 1290 810 ltepetiit

149 839 246 902 etiarn
274 838 538 923 diligentissimus
567 839 734 903 (lramerus
765 861 796 921 p.
825 838 862 900 12
891 860 955 920 sep:
989 858 1180 919 quamquam
1209 858 1289 918 qrrae

149 949 190 1010 de
211 949 272 1012 hoe
287 952 477 1032 argmnento
493 949 561 1031 ipse
578 951 809 1011 commentatus
825 953 889 1028 est,
914 947 959 1010 eis
981 968 1093 1028 parurn
1117 945 1290 1028 profecisse

148 1072 254 1122 orator
272 1065 411 1137 practicus
432 1063 608 1122 academiae
629 1057 820 1120 (laoniensis
843 1056 1019 1120 censendus
1041 1061 1105 1135 est,
1130 1056 1217 1118 cuius
1241 1055 1290 1117 vel

150 1169 248 1231 verba
271 1169 458 1251 intellegere
481 1167 648 1250 aliquoties
672 1172 720 1231 est
742 1167 883 1230 difficile..

684 1432 758 1510 sa.

152 1564 206 1626 De
233 1564 390 1627 ratione
418 1565 605 1628 universa
636 1587 733 1647 qirae
757 1566 863 1628 inter
889 1586 1072 1648 graecum
1100 1586 1291 1647 gramma-

395 1675 514 1738 ticum
543 1680 580 1737 et
608 1675 776 1738 latinum
806 1675 1044 1738 intercedat.

236 1825 374 1888 'lantum
402 1829 509 1889 autem
537 1827 621 1890 idem
648 1827 728 1890 vidit
756 1828 935 1907 verissime,
970 1848 1087 1910 graeca
1116 1831 1148 1889 et
1177 1827 1325 1905 latinas

151 1938 211 1998 elsi
247 1936 280 1998 in
310 1936 453 2018 plurimis
487 1936 566 1999 satis
594 1938 679 2000 inter
707 1959 741 2000 se
770 1959 927 2021 congrua,
962 1940 1071 2000 tamen
1100 1944 1143 1999 ad
1169 1943 1290 2001 verbam

151 2046 283 2109 minime
305 2053 474 2124 quadrare,
498 2069 606 2109 verum
621 2047 667 2109 sie
684 2047 788 2129 potius
811 2048 953 2127 differre,
978 2050 1013 2108 ut
1035 2051 1118 2109 binos
1136 2068 1291 2123 aramma·

151 2164 227 2219 ticos
253 2178 293 2219 ca·
320 2162 419 2219 eodem
447 2163 564 2235 quidem
588 2161 692 2233 sonte,
726 2163 780 2219 sed
806 2177 938 2220 seorsum
967 2168 995 2220 et
1023 2178 1089 2219 eam
1119 2161 1293 2219 discrimine

150 2288 208 2328 seca
229 2272 362 2329 detersisse
384 2272 548 2348 appareat.
594 2267 683 2341 Quod
711 2266 836 2349 quidem
864 2266 909 2328 ita
933 2287 1000 2328 esse
1024 2288 1082 2328 nec
1111 2266 1209 2328 latere
1233 2288 1292 2328 neo

152 2376 268 2438 mirum
305 2398 371 2439 esse
409 2377 555 2461 cuiquam
592 2380 712 2459 potest,
758 2376 811 2459 qui
855 2375 889 2438 in
927 2377 1138 2460 grammatico
1174 2398 1292 2459 genere

152 2487 331 2549 litterarum
353 2508 542 2570 graecarum
563 2509 629 2551 non
657 2486 769 2549 leviter
791 2489 934 2549 versatus
962 2486 1116 2549 sescentis
1139 2487 1292 2568 exemplis

154 2597 316 2678 cognorit,
347 2601 468 2679 quanta
496 2597 670 2680 posteriore
693 2600 799 2659 aetate
822 2596 1047 2680 magistrorum
1069 2596 1168 2660 libido
1191 2596 1292 2659 ineis

151 2706 390 2788 scriptirmeulis
427 2713 575 2791 grassata
612 2707 670 2789 sit,
709 2728 790 2790 qnae
828 2728 899 2768 cum
936 2706 977 2768 ad
1013 2706 1118 2770 locum
1155 2707 1293 2789 aliquem

154 2838 352 2879 communem
374 2820 559 2899 spectarent
581 2820 613 2879 et
635 2816 844 2899 multiplicem
867 2839 958 2878 usmn
981 2816 1152 2896 haberent,
1177 2839 1196 2878 a
1218 2838 1293 2898 qucr-

154 2924 244 3006 libet,
267 2930 302 2988 ut
324 2948 380 2988 suo
403 2927 536 2989 oonsilio
551 2926 601 2989 vel
624 2926 756 3010 ingenio
775 2926 1106 3006 accommodarentur,
1131 2925 1292 2987 frustatim

154 3034 309 3116 addendo,
333 3034 520 3117 omittendo,
544 3037 706 3118 mutando,
731 3036 925 3117 exornanda,
950 3035 1159 3117 excerpenda
1188 3039 1292 3097 trans-

154 3146 318 3226 ponend0,
343 3146 577 3227 contrahendo,
607 3147 809 3226 dissecando,
841 3131 1093 3229 conglutinando
1121 3145 1155 3207 in
1176 3166 1292 3208 novam

154 3276 253 3336 usquc
285 3254 422 3318 formam
454 3256 653 3340 speciemque
686 3257 925 3339 redigebantur.
981 3254 1097 3329 Quodsi
1131 3252 1293 3336 utriusque

154 3365 356 3445 grammatici
390 3365 487 3428 verba
520 3366 627 3448 paullo
660 3366 847 3449 diligentius
884 3366 968 3428 inter
1001 3387 1034 3427 se
1069 3364 1291 3447 composueris,

155 3473 237 3535 nihil
259 3475 500 3557 propemodum,
524 3476 577 3537 ubi
594 3476 634 3537 ab
657 3479 763 3538 assuto
787 3475 821 3538 in
843 3475 906 3537 fine
929 3497 1037 3557 panno
1059 3473 1235 3553 recesseris,
1260 3474 1292 3535 in

154 3584 281 3666 graecis
302 3585 464 3666 proditum
479 3585 633 3667 reperieS,
658 3587 740 3668 quod
756 3575 821 3647 non
843 3584 953 3647 redeat
973 3586 1007 3647 in
1030 3584 1155 3665 latinia,
1181 3587 1293 3647 contra

154 3694 190 3754 in
214 3693 263 3755 his
285 3698 336 3756 sat
357 3695 457 3756 multa
486 3695 607 3777 posita,
637 3717 718 3778 quae
741 3718 760 3758 a
785 3695 910 3779 graecis
938 3696 1064 3758 absunt.
1111 3694 1155 3757 Et
1182 3694 1294 3757 horum
1330 3772 1332 3775 Ι

155 3802 282 3885 quidem
305 3825 376 3866 cunr
404 3807 530 3866 tantum
559 3826 662 3886 pauca
689 3806 844 3888 quaedam
874 3805 919 3868 ita
943 3810 1127 3887 comparata
1149 3805 1229 3886 sint,
1260 3809 1295 3867 ut

155 3911 206 3974 vel
235 3913 442 3996 intellegendi
466 3915 564 3977 errori
592 3915 641 3978 vel
672 3916 846 3978 exornandi
875 3915 1153 3998 amplificandiqne
1182 3917 1294 3978 intem-

155 4023 323 4104 perantiae
350 4023 450 4105 ipsius
478 4024 662 4107 interpretis
691 4026 783 4087 latini
811 4026 918 4088 deberi
947 4010 1086 4108 possint,
1116 4048 1181 4088 uon
1211 4025 1294 4087 vide-

156 4131 261 4194 bimur
290 4132 422 4195 calidius
449 4155 544 4216 quam
573 4135 803 4198 consideratius
831 4136 1066 4220 argumentari,
1096 4158 1166 4198 eum
1195 4138 1295 4198 multo

153 4243 287 4324 propius
314 4242 353 4304 ad
381 4243 536 4325 principis
570 4246 668 4308 fontis
696 4249 728 4308 ct
756 4247 850 4309 fidem
878 4250 910 4309 et
937 4248 1114 4309 ubertatem
1145 4247 1295 4308 accedero

155 4352 342 4415 Plautinum
371 4353 524 4416 scholium
559 4376 654 4436 cluam
687 4358 863 4421 ἀνέκδοτον
898 4357 1078 4420 Parisinum
1112 4357 1292 4419 dixerimus.
