2924 4996
380 319 537 367 nionrsn
560 317 913 365 nacionnnnssnnsrs.
1156 299 1217 364 481

78 473 188 538 codiee
211 494 267 534 suo
290 494 348 535 ms
372 472 576 554 pependerit,
607 472 676 554 ipse
698 473 836 534 testatur
858 470 891 532 in
915 470 1042 553 epilogo
1071 468 1220 532 editionis

78 608 108 668 p.
134 585 213 647 2339:
248 584 310 647 ἔετι
333 584 382 646 καὶ
404 583 486 647 ἄλλα
509 584 761 661 ἐπανορθώεεωε
785 583 941 660 δεόμενα,
970 581 1035 645 ὑπὸ
1057 585 1123 645 τῶν
1146 579 1220 657 ἀμε-

78 698 230 773 λέετερον
260 695 309 757 καὶ
337 694 555 774 ῥᾳθυμότερον
584 694 852 772 ἀναγραψάντων
880 693 925 755 ὼε
947 691 1030 756 εἰκόε
1053 696 1221 771 παραφθα-

78 807 193 884 ρέντα,
222 804 304 883 ἅπερ
333 804 513 882 ἀετερίεκον
541 805 710 882 παραθέεει
739 803 1008 882 ἐεημειωεόμεθα,
1040 792 1127 881 παρὰ
1154 805 1220 866 τῶν

78 916 283 994 ἀκριβέετερα
311 914 456 994 ἐχόντων
479 915 517 978 τὰ
540 913 722 994 ἀντίγραφα
750 913 920 992 θεραπεία(
942 912 1017 976 leun
1039 912 1220 990 τευξόμενα.

78 1032 116 1109 τῇ
144 1027 207 1104 γὰρ
235 1025 342 1089 αὐτῶν
375 1024 593 1103 ἐπανορθώεει
627 1024 885 1103 ἐπιχειρήεανταε
917 1023 997 1102 ἡμᾶε
1026 1023 1100 1087 δέο(
1128 1021 1220 1104 εἰεῄετ

79 1137 119 1213 μὴ
143 1137 203 1214 τὴν
225 1136 284 1213 ἤδη
312 1137 575 1214 παραφθαρεῖεαν
604 1136 733 1214 γραφὴν
763 1133 814 1198 ἐπὶ
842 1135 880 1197 τό
909 1136 1018 1213 χεῖρον
1046 1132 1221 1209 κινήτωμεν

79 1245 155 1328 (sie)
179 1246 228 1308 καὶ
245 1247 282 1309 τό
299 1247 410 1309 κοινόν
426 1245 584 1310 παθόντε(
600 1246 702 1308 πόθοε
726 1246 873 1323 λάθωμεν
897 1244 972 1328 (sic)
995 1244 1129 1307 ἑαυτοῦ(
1153 1241 1221 1306 ἀντὶ

79 1359 268 1434 διορθωτῶν
291 1358 548 1434 παραθιορθωταὶ
570 1356 753 1431 γεγονότες.

167 1465 272 1547 Atque
295 1465 374 1527 haec
396 1465 561 1529 hactenns.
600 1466 685 1528 Nam
708 1466 735 1528 si
758 1486 820 1548 qua
843 1465 1020 1528 obscuritas
1044 1464 1157 1526 relicta
1180 1464 1222 1526 sit

79 1575 118 1637 de
134 1574 363 1657 Romanorum,
386 1574 593 1656 Venetorum,
617 1575 835 1638 Parisinorum
857 1575 1009 1638 librorum
1031 1574 1220 1653 rationibus²

78 1708 147 1748 non
175 1688 224 1747 est
251 1685 282 1746 id
311 1688 421 1748 nostra
450 1686 543 1768 eulpa
570 1685 701 1749 factum.
748 1686 796 1750 Ac
824 1685 935 1749 licebit
963 1684 1149 1768 aliquando,
1187 1688 1223 1746 ut

78 1817 261 1878 speramus,
290 1795 351 1859 hoc
373 1795 524 1879 quidquid
548 1800 596 1858 est
617 1795 800 1859 detrimenti
824 1817 881 1878 per
903 1795 1027 1858 litteras
1050 1798 1082 1857 et
1104 1795 1222 1858 amieos

78 1894 275 1968 sciscitando
288 1927 503 1989 compensare.
532 1906 642 1990 Neque
658 1906 754 1988 enim,
768 1909 803 1969 nt
818 1906 878 1970 hoc
894 1905 1020 1986 addam,
1038 1926 1124 1968 exeo
1137 1906 1221 1988 quic-

79 2038 177 2099 quam
190 2015 340 2100 colligere
352 2016 438 2101 licet,
454 2017 537 2100 quod
549 2020 614 2080 tres
627 2017 750 2080 codices
766 2016 942 2080 Vaticanos
952 2016 1068 2079 librum
1082 2017 1219 2099 primum

81 2125 230 2209 Dionysii
262 2126 510 2209 complectentes
538 2126 732 2190 Niebuhrius
766 2130 992 2190 commemorat
1013 2125 1098 2189 Hist.
1128 2125 1220 2189 Rom.

78 2236 96 2299 I
124 2259 155 2319 p.
177 2236 241 2299 269
268 2236 317 2300 ed.
339 2236 375 2300 3:
409 2259 470 2321 quo
493 2236 622 2300 nomine
644 2236 718 2320 quid
745 2236 880 2320 impedit
904 2258 965 2320 quo
991 2237 1095 2299 nrinns
1127 2237 1222 2300 etiam

80 2345 257 2409 Vrbinates
286 2345 585 2429 comprehenderit?
623 2346 849 2431 Progredimur
880 2347 981 2431 igitur
1014 2347 1055 2410 ad
1085 2347 1220 2410 alterum

79 2459 180 2538 caput
201 2459 330 2520 nostrae
352 2456 590 2539 disputationis,
614 2461 649 2519 ut
671 2458 837 2540 explorata
857 2457 1067 2541 singulorum,
1091 2479 1223 2541 quorum

79 2566 193 2649 copiae
209 2570 443 2650 praestosum,
469 2567 613 2630 codicum
635 2566 838 2648 condicione,
862 2590 923 2651 quo
938 2568 1032 2630 modo
1055 2567 1094 2630 ad
1119 2589 1222 2632 ernen-

77 2676 205 2739 dandas
228 2676 375 2760 Dionysii
396 2677 616 2762 Antiquitates
639 2677 683 2740 eis
706 2677 749 2741 sit
770 2678 934 2760 utendum,
958 2677 1221 2742 demonstremus,

78 2786 170 2861 Quae
192 2787 320 2871 quidem
343 2786 574 2851 demonstratio
596 2788 631 2851 in
654 2787 815 2870 Ohisiani‚
838 2787 1006 2851 Vrbinatis
1029 2789 1110 2872 (sive
1133 2787 1222 2852 Vati-

79 2896 157 2960 cani
179 2897 407 2983 Hudsoniani),
431 2897 643 2980 Venetorum,
666 2897 806 2961 Parisiui
830 2897 1058 2981 Stephanium,
1083 2920 1121 2961 ac
1143 2898 1223 2979 Lepi

77 3005 278 3070 iudicatione
307 3008 533 3071 continebitur.
579 3009 628 3071 Ac
656 3008 767 3071 statim
795 3009 836 3071 ab
864 3008 956 3071 initio
985 3008 1061 3071 lieet
1090 3008 1130 3070 ab
1152 3007 1222 3070 reli·

77 3138 217 3201 quarum
239 3118 461 3201 quaestionum
483 3118 636 3181 societate
665 3118 833 3202 seiungere
855 3117 1052 3181 Venetorum
1075 3117 1221 3180 aestima-

75 3228 215 3290 tionem.
261 3227 320 3303 Qui
349 3250 510 3311 perpauca
537 3227 660 3290 habent
687 3228 833 3311 propria,
863 3228 1013 3311 pleraque
1043 3227 1222 3291 eommunia

76 3359 156 3401 cum
179 3336 345 3402 Vrbinate.
392 3338 503 3422 Itaque
532 3339 592 3401 etsi
615 3337 786 3423 Sylburgio
815 3360 880 3400 non
907 3359 980 3400 raro
1007 3359 1126 3421 magno
1153 3338 1223 3400 usui

73 3469 158 3510 suus
181 3447 235 3510 ille
253 3447 395 3512 Venetus
418 3449 458 3511 ad
482 3449 706 3532 corrigendum
728 3447 1051 3531 redintegrandumve
1067 3447 1223 3530 Stephani

74 3557 247 3640 exemplar
272 3558 350 3641 fuit,
385 3559 468 3642 quod
489 3563 651 3623 testantur
678 3560 719 3622 ab
747 3559 801 3621 illo
824 3557 974 3621 restituta
996 3581 1026 3641 p.
1051 3558 1082 3640 2,
1108 3558 1158 3621 17.
1184 3558 1223 3621 19

76 3666 150 3756 [K]
168 3669 223 3732 nic
290 3668 577 3751 ἀναγραφομέναε,
601 3671 630 3751 7,
648 3670 691 3734 30
712 3668 907 3748 ἀνέγραψεν,
930 3669 960 3752 9,
980 3672 995 3732 1
1020 3669 1110 3750 ὑπὲρ,
1135 3669 1165 3750 9,
1182 3669 1223 3733 32

72 3801 113 3844 τε
139 3777 238 3856 αὐτὴν
262 3780 498 3859 περιλαμβάνω,
522 3783 553 3842 et
575 3780 726 3861 fortasse,
756 3801 948 3863 quamquam
970 3800 1035 3842 non
1057 3780 1224 3841 nominato

72 3888 225 3970 Veneto,
250 3890 280 3953 οἱ
302 3891 336 3954 δὲ
353 3890 383 3971 7,
404 3890 452 3971 13,
477 3891 616 3969 εἰκοετῆε
634 3891 682 3971 10,
700 3890 736 3953 8:
759 3893 868 3953 tamen
885 3893 957 3973 post
974 3911 1121 3953 excussos
1144 3888 1223 3951 alios

60 4061 287 4083 ·,'-—————-

70 4158 263 4215 entseheiden
280 4160 385 4224 lassen;
405 4160 441 4213 ob
459 4160 527 4214 aller
545 4159 589 4213 die
601 4159 822 4213 Emendationen
841 4162 913 4227 (last
929 4160 974 4214 nie
992 4159 1044 4213 mit
1061 4163 1115 4228 γρ.)
1134 4178 1167 4214 ex
1185 4161 1224 4212 in·

69 4251 165 4323 gerno
193 4252 261 4305 oder
284 4270 333 4306 ans
358 4253 434 4307 einer
456 4254 562 4307 andern
584 4253 766 4306 Handsclirist
789 4253 863 4319 sind,
891 4254 941 4307 das
960 4256 1034 4307 kann
1058 4253 1107 4307 der
1130 4255 1222 4308 blosse

69 4345 278 4412 Augensohcin
296 4346 373 4399 nicht
390 4346 604 4415 entseheiden.’]

134 4450 179 4483 sn.
200 4450 367 4484 nrrscnnun
387 4450 534 4485 orusounn
553 4453 572 4489 ι,
980 4436 1020 4498 31
