3218 5094
579 387 615 436 m
638 387 920 438 1616161616611.
1258 370 1320 435 223

182 539 386 625 antiquonrm
414 539 566 604 librorum
591 542 814 604 auctoritatem
836 561 869 602 se
892 542 1034 602 secutum
1056 559 1124 602 esse
1152 539 1317 623 gloriatur.

182 651 254 716 Etsi
269 651 356 714 enim
371 652 450 713 haec
465 673 497 733 p.
515 651 585 731 118,
602 649 643 714 23
664 651 779 714 ἐκτῶν
795 651 949 728 κειμένων
966 650 1092 713 ἀνθέων
1112 654 1180 715 τῶν
1202 650 1320 729 βίβλων

183 765 215 824 61
230 784 261 843 p.
281 761 351 842 119,
371 762 408 822 11
424 761 504 824 κατὰ
518 762 576 824 τὸν
592 763 673 825 νοῦν
688 766 755 824 τῶν
772 759 900 839 βιβλίων
915 779 976 822 666
990 780 1048 841 per
1063 780 1096 820 se
1111 757 1221 842 magni
1236 758 1320 820 facio

182 872 215 932 61
229 869 269 932 de
283 869 466 932 fabularum
480 868 585 951 potius
607 868 745 931 lectione
760 890 855 951 quam
877 867 916 931 de
936 868 1216 950 grammaticorum
1230 867 1320 930 libris

183 979 392 1060 interpretor,
416 980 542 1059 tamen,
566 981 720 1061 quantum
743 977 870 1060 quidem
886 976 925 1038 ad
944 955 1083 1058 'primum
1104 980 1215 1058 caput,
1239 975 1322 1059 quod

183 1090 232 1150 est
254 1086 293 1149 de
308 1085 484 1149 Ptolemaei
499 1085 701 1168 Philadelphi
717 1085 911 1149 bibliotheca
927 1089 959 1147 et
973 1084 1011 1148 de
1027 1085 1158 1148 Homeri
1175 1085 1322 1148 carmini-

182 1194 252 1276 bus,
267 1216 333 1258 non
349 1193 616 1258 contemnendum
632 1199 691 1276 est,
708 1195 790 1278 quod
811 1194 890 1259 dicit
904 1216 936 1276 p.
956 1195 1025 1274 118,
1043 1195 1206 1259 1661116
1223 1196 1322 1272 κειμέ-

183 1325 244 1369 νου
265 1308 322 1382 mc
336 1307 473 1368 salarie
494 1305 604 1384 βίβλου
621 1305 659 1368 τὸ
675 1303 790 1383 ἀληθὲς
805 1305 1025 1383 ἀπηκρίβωεα,
1048 1302 1234 1386 praesertim
1251 1324 1322 1366 cum

183 1416 259 1478 τοὺ(
282 1413 440 1477 παλαιούς
457 1416 490 1475 61
511 1413 547 1476 16
568 1413 618 1476 his
641 1413 875 1495 prolegomenis
891 1416 924 1476 61
946 1413 979 1474 16
1002 1412 1080 1494 ipsis
1096 1412 1223 1476 scholiis
1239 1412 1321 1475 anti-

184 1543 262 1604 quos
291 1521 518 1606 grammaticos
547 1521 657 1606 dicere·
680 1522 888 1584 consueverit.
947 1520 1010 1584 Hic
1039 1525 1145 1586 autem
1172 1522 1321 1604 antiquus

185 1631 281 1712 liber,
307 1631 395 1694 euius
416 1653 450 1694 se
472 1631 662 1722 auctoritate
684 1630 745 1694 niti
768 1631 951 1713 profitetur,
975 1631 1027 1714 qui
1050 1632 1163 1713 fuerit,
1187 1653 1251 1694 non
1274 1635 1322 1694 661

186 1761 241 1820 clu
263 1739 355 1802 vanis
378 1740 567 1804 coniecturis
590 1740 714 1823 assequi
737 1739 928 1804 studeamus.
974 1739 1162 1822 Quanquam
1182 1740 1221 1802 de
1242 1739 1321 1803 Pisi-

185 1849 280 1912 strati
313 1849 394 1912 euris
421 1870 487 1912 666
520 1848 774 1931 improbabiliter
800 1849 995 1912 ltitschelius
1018 1848 1134 1913 Coroll.
1164 1872 1196 1932 p.
1224 1851 1262 1912 13
1290 1853 1323 1911 61

184 1956 367 2020 Nitzschius
389 1957 497 2020 Melet.
526 1957 565 2020 de
592 1957 665 2020 hist.
689 1956 784 2020 Hom.
808 1957 851 2038 Il,
874 1959 895 2021 4
916 1980 947 2040 p.
974 1959 1012 2020 17
1036 1957 1076 2020 ad
1099 1957 1321 2039 Asclepiadem

185 2065 386 2148 Myrleanum
409 2067 452 2150 (v.
477 2065 600 2129 Lehrsii
623 2067 795 2150 Analecta)
818 2089 852 2130 se
874 2070 1078 2147 revocarunt,
1101 2088 1194 2150 quem
1216 2067 1251 2130 ἐν
1273 2074 1320 2151 τῷ

142 2150 168 2204 .
186 2177 267 2260 ἕκτῳ
297 2175 405 2258 βιβλίῳ
433 2179 499 2240 τῶν
532 2180 752 2255 γραμματικῶν
784 2175 824 2237 de
851 2175 978 2258 Orpheo
1007 2175 1194 2240 Crotoniata
1227 2179 1321 2259 atque

185 2283 355 2347 Pisistrato
387 2286 568 2367 exposuisse
600 2285 646 2347 ait
674 2284 786 2348 Suidas
814 2307 843 2346 v.
872 2286 1018 2366 Ὀρφεύς.
1068 2285 1116 2348 De
1139 2284 1321 2347 Ptolemaeo

186 2392 397 2477 Philadelpho
412 2396 519 2456 autern
534 2394 674 2477 amplam
690 2394 879 2456 coniiciendi
896 2395 1020 2476 66111616
1040 2395 1196 2476 praebent
1216 2415 1321 2478 gram-

185 2502 376 2566 maticorum
403 2503 441 2566 de
469 2502 579 2566 Museo
608 2487 697 2584 libri,
727 2525 804 2586 quos
832 2507 977 2566 recenset
998 2503 1129 2586 Klippel
1150 2503 1189 2566 de
1212 2503 1321 2566 Museo

186 2611 279 2674 Alex.
328 2661 335 2673 .
354 2613 487 2675 11-14,

269 2633 376 2803 Α11166
398 2721 432 2784 16
454 2722 504 2784 his
527 2721 652 2804 quidem
675 2722 739 2786 1616
761 2721 969 2787 subsistamus
991 2743 1120 2788 6666666
1143 2728 1202 2788 est.

269 2937 420 3024 Reliqua,
443 2961 523 3024 quae
546 2940 584 3005 de
606 2940 667 3006 fide
683 2942 847 3028 scriptoris
869 2943 1004 3007 dicenda
1027 2948 1134 3024 erant,
1159 2943 1228 3005 sine
1250 2943 1320 3025 11166
1338 2959 1387 3008 613

183 3070 290 3112 rerum
312 3050 548 3134 disquisitione,
572 3074 682 3135 quam,
706 3073 747 3116 116
770 3052 1040 3135 praetermodum
1061 3055 1216 3115 cresceret
1238 3073 1320 3113 corn-

183 3159 356 3240 mentatio,
380 3183 399 3223 6
422 3164 530 3223 666116
552 3161 715 3242 proposito
737 3162 876 3226 alienam
898 3183 967 3225 6666
988 3161 1160 3242 voluimus,
1188 3159 1321 3222 iudicari

183 3272 357 3350 nequeunt.
396 3268 584 3352 Quanquam
598 3292 701 3352 pauca
716 3271 755 3334 de
777 3271 836 3333 hoe
859 3292 981 3354 quoque
997 3291 1130 3354 genere,
1153 3289 1320 3351 quaecum

184 3376 225 3438 iis
248 3379 339 3459 ’11666
372 3377 411 3440 de
444 3378 564 3442 scholio
590 3378 740 3443 Plautino
773 3379 1002 3462 disputavimus
1032 3378 1201 3442 coniuncta
1234 3381 1318 3457 sunt,

183 3507 343 3568 exponere
357 3487 460 3550 visum
482 3491 540 3551 661.
578 3486 663 3551 Nam
685 3487 767 3572 quod
789 3488 854 3550 dixi
876 3487 970 3550 latini
992 3486 1194 3571 grammatici
1211 3485 1318 3566 verba,

183 3595 300 3677 quibus
324 3595 519 3658 Zenodotum
541 3595 716 3679 Ephesium
739 3619 810 3659 cum
832 3595 1016 3659 Alexandro
1032 3595 1147 3658 Α61616
1169 3597 1202 3656 61
1223 3594 1320 3677 hyco-

183 3704 309 3786 phrone
336 3703 537 3768 Chalcidensi
565 3709 731 3788 1166161616
758 3706 856 3768 libros
886 3713 916 3769 in
945 3727 1036 3770 anum
1064 3711 1218 3780 66116μί116
1238 3715 1267 3767 et
1289 3711 1320 3767 in

183 3818 321 3876 ordinem
344 3819 494 3892 redepisse
515 3817 666 3896 testatur,
691 3835 839 3898 egraeeo
861 3817 1047 3894 διώμθωεαν
1069 3814 1165 3876 verbo
1188 3813 1320 3896 abipso

182 3943 250 3984 666
273 3921 438 3986 1616116616
460 3927 493 3986 61
515 3924 647 3987 muniis
669 3946 750 4007 quae
772 3928 884 4007 postca
906 3923 1025 4004 scripta
1048 3922 1127 3985 vidit
1150 3922 1320 3985 commixto

182 4029 345 4113 originem
366 4030 508 4113 duxisse,
537 4032 570 4094 id
592 4033 666 4096 nolo
688 4033 813 4096 ineam
837 4037 961 4115 partem
983 4032 1148 4114 quisquam
1170 4031 1319 4112 accipiat,

182 4138 276 4220 quasi
299 4139 373 4221 quid
396 4140 443 4232 ilb'
464 4141 686 4222 praestiterint
712 4122 787 4204 inde
811 4146 956 4205 constare
983 4144 1016 4204 et
1044 4161 1152 4202 eorum
1179 4160 1259 4222 quae
1281 4139 1321 4203 de

183 4247 245 4308 hoc
268 4253 457 4330 argumento
473 4272 492 4312 a
508 4250 637 4313 summis
653 4251 729 4314 viris
751 4251 914 4333 disputata
936 4252 1012 4311 sunt
1026 4249 1202 4311 vanitatem
1218 4250 1320 4313 evinci

182 4354 372 4419 existimem.
402 4357 486 4421 Nam
502 4364 621 4424 certum
637 4361 763 4443 quidem
778 4359 871 4443 illud,
894 4362 1082 4437 διορθοῦν
1105 4357 1246 4442 verbum,
1263 4381 1321 4444 pro
