3008 5002
547 340 582 385 ιιι
605 338 889 387 amsuopuauuu.
1231 326 1290 390 199

148 494 193 558 εἰ(
223 495 394 559 λουκιανὸν
423 493 521 571 (τίχοι
549 492 602 554 all.
639 492 791 556 43-108
820 497 1031 572 Aristophanis
1060 497 1189 569 fabulae
1222 517 1289 558 cam

150 608 285 667 Tzetzoe
315 607 447 667 scholiis.
502 601 591 665 Inter
624 600 733 665 Nubes
768 606 800 665 et
832 602 943 666 Ranae
976 603 1184 687 interpositae
1215 609 1290 668 sunt

147 713 382 796 disputationes
410 711 577 794 metricae,
612 711 741 795 reliquis
774 734 854 795 quae
883 713 917 775 in
950 713 1011 776 hoc
1043 713 1150 777 codice
1177 710 1291 778 insunt

148 823 262 886 similis
277 821 460 906 argumenti
477 821 712 885 commentaiiis
728 822 824 906 longe
840 825 872 885 et
887 821 1032 886 meliores
1048 826 1080 886 et
1102 823 1288 907 diligentius

147 934 303 1016 scriptae:
327 932 472 1015 equibus
491 931 554 995 alio
576 934 718 1014 tempore
741 932 897 1015 quaedam
917 933 1060 1015 proferre
1075 933 1153 996 mihi
1175 955 1287 1016 propo-

147 1043 245 1106 situm
275 1046 333 1105 est.
381 1041 552 1106 109—175
580 1047 789 1123 Lycophronis
818 1048 998 1109 Alexandro
1032 1064 1102 1106 oum
1130 1064 1287 1106 commou-

147 1153 231 1216 tario
253 1153 398 1216 Taetzae.
445 1152 618 1217 176-180
634 1172 660 1215 r.
684 1157 810 1217 Hesiodi
829 1153 1117 1218 scatum'llerculis.
1141 1153 1288 1218 ύπόθεειε

146 1266 205 1328 εύν
228 1270 291 1348 θεῷ
313 1267 369 1341 τῆ(
391 1262 524 1328 ἀεπίδοε
547 1264 686 1341 ἐξήγηειε
708 1266 768 1327 τού
783 1262 913 1328 τζέτῑου
928 1286 974 1327 κυ.
990 1263 1037 1327 ἰω.
1052 1263 1123 1336 ,180
1138 1286 1168 1327 ν.
1186 1263 1286 1328 varia.

146 1378 207 1438 τοῦ
239 1375 367 1439 τῑέτζου
403 1372 451 1437 δ’τι
484 1373 502 1437 δ
538 1372 763 1453 ὀλυμπιονίκηε
795 1376 883 1458 θαλῳ
918 1373 1024 1453 ἐλαίη(
1059 1374 1285 1452 ἐττεφανοῦτο.

150 1482 348 1546 181-206r.
373 1488 527 1547 Pindarus
555 1483 610 1545 fin.
634 1483 775 1563 ἀρούρηε
797 1481 853 1567 (ί).
898 1483 961 1547 206
984 1506 1013 1546 v.
1036 1520 1079 1531 —-
1100 1483 1163 1547 218
1186 1484 1284 1547 varia.

146 1594 230 1673 ἀρχὴ
260 1594 315 1658 cdv
343 1599 407 1676 θεῷ
434 1596 494 1658 τοῦ
523 1595 646 1658 λεξικοῦ
674 1586 753 1658 κατὰ
782 1596 947 1672 ετοιχεῑον.
981 1594 1120 1658 ἀλεῑεθαι
1147 1593 1287 1673 εημαίνει

146 1705 186 1767 τὸ
215 1706 402 1781 μυληθήναι;
432 1696 551 1766 desinit
579 1703 613 1764 in
643 1725 670 1766 ω
698 1701 807 1765 littera
834 1703 896 1766 208
919 1725 948 1766 ν.
977 1741 1020 1750 -
1047 1704 1150 1784 ἕτεραι
1180 1704 1284 1769 λέξεις.

146 1815 306 1894 φέρετρον
335 1814 435 1890 ἤγουν
464 1813 583 1893 φόριον
614 1812 677 1877 ἑετὶ
709 1815 744 1878 δὲ
772 1814 822 1877 καὶ
851 1817 910 1877 τού
937 1817 1053 1892 νεκροῦ
1080 1813 1099 1892 ἡ
1129 1813 1216 1892 κλίνη
1243 1852 1286 1862 -

145 1924 374 2001 ἑτυμολογικόν
401 1924 481 1989 κατὰ
508 1926 672 2002 ετοιχεῑον.
704 1922 844 1989 ἀλδαίνω
872 1924 910 1988 τὸ
938 1924 1106 2002 θεραπεύω
1133 1925 1222 2003 παρὰ
1247 1925 1285 1988 τὸ

145 2034 245 2112 ἄρδω.
259 2071 302 2080 -
316 2034 428 2113 ἕτερον
451 2034 679 2113 ἐτυμολογικὸν
702 2034 783 2098 κατὰ
798 2036 964 2111 ετοιχεῖον.
980 2071 1022 2080 -
1036 2033 1099 2097 215
1114 2032 1195 2113 ἀρχὴ
1218 2038 1284 2099 τῶν

146 2145 332 2218 διαλέκτων,
356 2140 396 2205 ad
418 2165 500 2225 quae
522 2142 662 2225 ascripta
684 2145 760 2205 sunt
781 2143 876 2206 haec:
905 2142 951 2207 ἰω.
974 2148 1190 2222 γραμματικοῦ
1212 2144 1281 2209 ἀλε·

146 2255 317 2333 ξανδρέωε.
345 2253 464 2333 γράφει
491 2255 526 2317 δὲ
553 2252 604 2316 καὶ
630 2252 649 2316 ὁ
672 2252 831 2332 κορίνθιοε
853 2252 938 2318 πάνυ
961 2256 1067 2317 καλῶ(
1086 2255 1158 2333 περὶ
1181 2255 1284 2318 διαλέ-

144 2385 223 2429 κτου
247 2364 286 2429 ὃν
309 2365 359 2427 καὶ
382 2364 508 2442 ἔχω.-
523 2361 693 2427 tto—253
708 2368 834 2427 Hesiodi
855 2383 950 2442 opero
972 2373 1001 2425 et
1022 2368 1094 2426 dies.
1125 2367 1183 2427 τού
1199 2364 1284 2429 τῑέτ-

145 2481 205 2540 ζου
228 2474 367 2552 ἐξήγηατ
389 2477 455 2538 τῶν
479 2473 584 2552 ἔργων
613 2473 662 2536 καὶ
684 2474 810 2553 ἡμερῶν
833 2471 971 2551 ἡειόδου.
993 2471 1163 2537 253-255
1182 2471 1282 2536 varia

146 2583 195 2647 De
217 2583 379 2645 Musarum
402 2582 593 2645 nominibus.
616 2620 658 2629 -
680 2583 811 2663 ἐργίνου
834 2582 1018 2663 φιλοςόφου
1034 2585 1105 2661 περὶ
1127 2583 1283 2662 ἀκυρολο-
1304 2594 1352 2642 110

143 2694 214 2769 γίαε
237 2730 279 2739 -
300 2693 487 2771 πυθαγόρου
508 2694 715 2772 παραινέεειτ.
737 2730 779 2740 —
801 2692 963 2772 παροιμίαι
977 2693 1148 2772 θερμώδειε
1171 2691 1284 2775 (ἄβρω-

143 2824 201 2868 νοε
225 2803 292 2882 βίοι
307 2801 362 2865 fin.
380 2802 467 2887 ἄκρῳ
482 2803 621 2882 ἅψαεθαι
643 2809 689 2887 τῷ
712 2803 878 2887 δακτύλῳ).
897 2841 939 2849 -
961 2802 1130 2866 256-299
1154 2806 1286 2883 Oppiani

143 2918 318 2976 Halieatt'co
348 2934 418 2975 cuni
446 2913 555 2995 paucis
577 2912 723 2993 scholia,
753 2912 963 2994 praecedente
986 2912 1167 2996 argumenti
1190 2932 1283 2994 expo-

142 3023 260 3086 sitione
283 3021 481 3106 lougissima.
519 3022 632 3086 258‘v.
657 3022 821 3088 ὀππιανού
843 3023 1029 3087 ἁλιευτικῶν
1053 3020 1173 3101 βιβλίον
1195 3024 1283 3100 πρῶ-

141 3155 202 3198 τον
224 3137 284 3197 τού
306 3133 478 3213 μακαρίτου
493 3133 622 3198 τῑὲτῑου
637 3134 786 3211 ἐξήγηειτ.
822 3132 990 3197 300-334
1007 3136 1169 3212 dionysias
1184 3135 1282 3194 Perie-

139 3255 224 3322 μετα.
276 3242 457 3308 335-339
484 3243 591 3306 vanae
619 3241 850 3324 disputationes
884 3241 1056 3325 theologici
1089 3239 1281 3323 argumenti.

141 3352 314 3417 339-362
332 3356 522 3431 Theocritus,
547 3374 639 3435 quem
660 3351 824 3434 excipiunt
844 3352 911 3417 ὠόν
927 3355 960 3414 et
978 3351 1112 3416 πελεκύε
1129 3349 1281 3413 carmina.

229 3462 279 3526 Ex
301 3462 351 3525 his
373 3464 473 3548 igitur
494 3485 575 3546 quae
590 3484 676 3525 nunc
691 3462 783 3525 edere
804 3461 972 3524 statuimus
994 3461 1179 3541 huessant,
1203 3482 1283 3544 quae

141 3573 186 3635 ab
216 3572 309 3636 initio
337 3571 472 3636 schedae
499 3573 541 3636 43
569 3595 667 3657 usque
696 3572 735 3635 ad
757 3571 895 3636 mediam
921 3570 988 3633 sere
1014 3569 1167 3654 paginam
1187 3570 1230 3633 44
1252 3592 1281 3632 ν.

141 3684 306 3767 legimtur.

228 3903 254 3965 I.
280 3904 387 3983 βίβλοι
410 3904 658 3983 Ἀριετοφάνουε
680 3904 815 3981 Τῑέτῑην
839 3901 991 3982 φορέουε’
1013 3901 1192 3980 ὑποφήτην.

232 4014 259 4074 l.
277 4014 486 4092 Ἀλέξανδροι
503 4014 522 4077 δ
537 4014 677 4078 Αίτωλὸε
693 4015 743 4077 καὶ
758 4013 938 4091 Λυκόφρων
954 4012 973 4075 δ
991 4011 1173 4087 Χαλκιδεύε,
1190 4030 1282 4087 μεγα-

139 4124 315 4203 λοδωρίοιε
339 4127 506 4203 βαειλικοῑε
528 4124 785 4203 προτραπέντεε,
807 4122 996 4204 Πτολεμαίῳ
1019 4127 1065 4205 τῷ
1089 4120 1282 4201 Φιλαδέλφῳ

140 4236 199 4298 τὰ(
222 4235 368 4312 εκηνικὰε
391 4234 615 4313 διωρθώεαντο
639 4233 782 4312 βίβλουε,
804 4232 859 4296 τὰ(
880 4235 935 4308 τῆε
957 4230 1124 4312 κωμῳδία(
1145 4230 1194 4293 καὶ
1208 4250 1281 4307 τρα-

114 4343 264 4425 κγῳδία(
293 4343 343 4406 καὶ
372 4344 427 4408 τὰ(
454 4346 520 4408 τῶν
552 4344 696 4421 εατύρων
724 4344 818 4422 φημὶ,
850 4336 1070 4421 (ὐμπαρόντοε
1097 4339 1205 4404 αύτοῑε
1233 4341 1283 4403 καί
