2896 4996
248 323 311 386 576
538 336 800 385 suououoawu
822 335 1105 384 vrauoaouansa.

251 511 325 553 casu
348 489 458 553 avulsa
486 492 519 552 et
540 492 779 573 praeposterum
808 489 843 552 in
870 490 975 552 locum
1003 488 1181 571 inculcata,
1212 510 1285 552 cum
1306 488 1386 573 regis

249 599 400 664 Hieronis
422 621 488 665 non
510 603 603 683 posse
625 621 693 664 esse
715 599 967 685 intellegeretur,
990 602 1110 663 temere
1132 599 1246 663 fictum
1268 600 1386 679 ὁμώνυ-

249 733 311 792 μον
332 706 580 794 procrearunt*
1088 725 1091 729 “

334 821 450 885 Adhuc
478 820 630 905 quoniam
656 821 691 885 in
722 819 952 906 redarguendis
989 819 1148 884 erroribus
1184 820 1325 883 maxima
1352 840 1387 883 er

249 936 341 1016 parte
363 931 482 995 versati
504 953 627 1014 sumus,
650 932 758 1014 placet
779 953 865 995 nunc
888 931 923 995 in
943 929 1190 995 fmetuosiorem
1213 932 1319 994 locum
1340 951 1387 993 ex·

250 1042 395 1127 spatiari.
441 1040 534 1106 Subit
567 1041 652 1105 enim
679 1040 804 1125 mirari,
839 1040 924 1104 unde
955 1044 1049 1105 tanta
1081 1040 1387 1126 apophthegmatun

249 1152 435 1233 multitudo,
466 1152 513 1215 ab
537 1151 635 1234 ipsis
663 1151 891 1215 auctoribus
919 1173 995 1215 nou
1017 1151 1169 1235 scripto
1192 1150 1387 1215 mandato

249 1285 346 1346 rum,
382 1262 447 1326 sed
479 1261 568 1326 viva
602 1283 696 1325 voce
728 1262 1099 1344 pronuntiaturum,
1137 1261 1322 1325 manaverit
1352 1259 1387 1324 ad

250 1372 427 1455 posteriora
449 1372 576 1436 saecula
599 1375 694 1455 atque
723 1372 801 1436 adeo
823 1372 953 1436 infimae
976 1373 1091 1436 aetatis
1113 1372 1252 1456 rivulos,
1280 1371 1387 1456 quibus

251 1483 377 1566 quidem
400 1482 608 1566 plurimorum
629 1483 779 1546 notitiam
802 1482 877 1547 solis
900 1482 1060 1547 debemus.
1098 1482 1148 1546 De
1169 1482 1286 1566 quibus
1309 1486 1387 1546 vete

251 1594 295 1656 ris
317 1592 496 1676 sapientiae
518 1592 644 1673 rivulis,
680 1614 812 1676 quorum
839 1593 969 1676 quidam
996 1593 1159 1677 publicam
1187 1594 1294 1657 lucem
1315 1613 1388 1656 non·

251 1703 326 1766 dum
352 1703 516 1786 viderunt,
547 1702 618 1765 vide
646 1707 773 1786 praeter
801 1703 913 1768 Orellii
942 1703 978 1767 in
1000 1702 1163 1786 Opuscula
1197 1702 1389 1768 Graecorum

179 1874 183 1881 .
251 1813 448 1877 sententiosa
476 1817 508 1877 et
536 1812 670 1877 moralia
696 1812 913 1896 praefationes
942 1813 1124 1877 Fabricium
1151 1812 1239 1877 Bibl.
1268 1835 1319 1898 gr.
1347 1810 1389 1877 IX

251 1946 282 2006 p.
308 1924 368 1988 758
390 1946 458 2007 sqq.
482 1923 574 1986 Harl.
620 1922 831 2006 Supersedere
854 1927 961 1988 autem
982 1924 1096 2008 opinor
1122 1924 1179 1987 illa
1203 1924 1389 2008 quaestione

251 2054 430 2116 possemus,
465 2034 493 2097 si
520 2033 565 2096 dc
587 2033 782 2118 Diogenis
811 2035 1011 2118 potissimum
1033 2033 1189 2098 Laertii
1212 2033 1390 2098 fontibus

252 2164 271 2205 a
293 2165 450 2227 quoquam
473 2147 556 2208 esset
578 2143 752 2228 diligenter
773 2144 967 2228 quaesitum:
1006 2144 1093 2223 cuius
1115 2144 1162 2208 rei
1185 2165 1229 2208 ne
1252 2144 1288 2207 in
1309 2164 1390 2208 rnen·

251 2256 317 2317 tem
332 2254 458 2338 quidem
472 2253 562 2318 venit
577 2254 616 2337 ei,
640 2254 695 2337 qui
716 2253 755 2317 de
770 2253 925 2339 Diogenis
948 2255 1024 2335 vita,
1049 2254 1177 2337 scriptis
1202 2258 1241 2318 et
1264 2257 1390 2318 aucto

252 2363 373 2427 ritate
397 2363 604 2428 commentari
620 2363 738 2428 abhinc
755 2365 877 2449 aliquot
891 2386 993 2429 annos
1008 2364 1151 2428 instituit
1174 2361 1230 2450 [G.
1246 2364 1290 2428 H.
1308 2364 1390 2447 Klip

253 2472 355 2555 pelius
378 2474 413 2537 in
435 2474 509 2539 diss.
533 2475 584 2538 ‘de
599 2458 755 2558 Diogenis
771 2475 807 2538 L.
832 2475 909 2557 vita,
933 2475 1061 2558 scriptis
1084 2478 1179 2558 atque
1204 2476 1240 2539 in
1261 2473 1390 2539 historia

253 2582 472 2666 philosophiae
506 2606 643 2669 graecae
670 2584 839 2648 scribenda
874 2586 1077 2650 auctoritate’
1104 2583 1300 2650 Nordhusae
1327 2605 1390 2669 pro

253 2691 321 2754 dita
343 2714 373 2755 a.
400 2692 503 2781 1831].
549 2693 722 2758 Verissimc
750 2694 837 2758 enim
863 2695 898 2758 in
919 2695 1117 2778 tripertitum
1138 2694 1301 2781 Diogenis
1324 2716 1390 2760 con·

252 2802 359 2866 silium
382 2802 525 2868 codicum
547 2804 714 2887 inscriptio
736 2805 816 2869 haec
838 2804 989 2889 quadrat:
1011 2807 1083 2887 περὶ
1106 2805 1198 2885 βίων,
1222 2807 1391 2885 δογμάτων

252 2915 315 2976 καὶ
343 2914 663 2996 ἀποφθεγμάτων
696 2919 763 2981 τῶν
791 2916 827 2982 ἐν
855 2916 1031 3000 φιλοεοφίᾳ
1059 2915 1391 2998 εὐδοωμηεάντων.*)

252 3022 364 3106 Itaque
387 3026 494 3108 ampla
523 3028 556 3089 et
578 3025 667 3088 varia
689 3046 877 3109 graecarum
905 3026 1084 3090 litterarum
1110 3026 1220 3109 spatia
1249 3026 1307 3091 ubi
1329 3046 1392 3110 per·

253 3133 415 3215 metimur,
451 3136 589 3218 primum
616 3134 785 3199 incidimus
812 3135 847 3199 iu
875 3136 1025 3220 frequens
1054 3156 1156 3221 genus
1180 3157 1312 3219 eorum,
1344 3134 1391 3219 qui

188 3282 190 3287 >
253 3245 362 3324 βίου(
384 3246 434 3309 vel
456 3247 544 3325 περὶ
566 3247 661 3326 βίων
692 3246 849 3310 clarorum
870 3246 1010 3310 virorum
1031 3246 1206 3330 scripsere,
1242 3251 1281 3311 ut
1304 3246 1390 3310 Anti·

252 3376 355 3441 gonus
377 3354 557 3439 Carystius,
581 3355 807 3439 Aristoxenus,
832 3356 1021 3440 Clearchus,
1045 3355 1285 3439 Dicaearchus,
1317 3355 1389 3420 Her·

252 3465 388 3549 mippus,
412 3464 544 3549 Satyrus
567 3469 599 3529 et
622 3465 675 3549 qui
698 3466 764 3529 eius
780 3465 873 3531 Vitas
896 3466 1064 3550 compendi
1085 3466 1164 3531 fecit
1184 3466 1391 3532 Heraclides:

253 3574 392 3657 (diversa
414 3576 500 3639 enim
521 3575 605 3641 ratio
627 3575 813 3660 Chrysippi,
838 3576 985 3660 Epicuri,
1009 3576 1169 3641 Stratonis
1195 3581 1230 3642 et
1245 3583 1291 3667 ²ut
1314 3576 1392 3640 ride

252 3688 305 3748 tur
327 3684 545 3770 Xenocratis)
584 3685 754 3771 aquibus,
788 3687 816 3751 si
838 3708 905 3751 rem
927 3691 1069 3771 spectas,
1103 3709 1170 3751 non
1195 3688 1324 3753 distant
1345 3685 1392 3771 qui

255 3873 457 3884 u——n—-—-—

320 3990 344 4057 *)
368 3989 434 4058 [Sua
457 3993 557 4060 sponte
578 3991 700 4061 perspici
722 3994 790 4061 puto
814 4009 870 4047 non
892 3991 921 4045 id
943 4010 988 4047 me
1012 3992 1102 4061 egisse
1125 3991 1155 4045 in
1174 3993 1216 4047 eis
1236 4009 1311 4060 quae
1329 3993 1394 4047 inira

253 4083 357 4152 scripta
375 4085 447 4150 sunt,
470 4086 500 4138 ut
519 4101 587 4152 quos
606 4087 734 4140 auctores
752 4085 812 4155 ipse
828 4084 956 4140 Laertius
974 4086 1125 4139 tractasset
1143 4086 1333 4155 explorarem,
1351 4084 1394 4139 sed

253 4177 284 4228 ut
301 4175 411 4230 illorum
429 4176 553 4246 ipsorum
565 4180 709 4232 auctorum
728 4180 818 4234 lentes
831 4177 1002 4245 antiquiores
1016 4178 1063 4246 qui
1074 4177 1202 4244 fuissent,
1220 4179 1319 4247 aliqua
1338 4196 1394 4232 eum

252 4269 451 4336 probabilitate
470 4273 726 4327 commonstrarem.
761 4271 804 4326 Illi
826 4271 912 4337 enirn,
937 4270 1012 4339 quod
1030 4273 1095 4325 ante
1113 4270 1184 4338 dixi,
1203 4271 1346 4326 desiderio
1364 4288 1393 4324 ue

252 4379 323 4415 nilne
342 4364 453 4430 quidem
471 4365 539 4419 satis
558 4367 661 4419 factum
679 4382 740 4419 esse
758 4368 802 4419 est
819 4382 886 4419 sane
904 4364 979 4432 quod
998 4365 1161 4432 doleamus]
