2896 4996
467 323 513 370 11
537 323 607 371 ono
631 323 675 369 ar
698 323 843 370 amous.
1129 359 1131 364 .
1163 304 1225 367 613

85 479 221 543 tandum
250 478 316 541 sive
344 478 407 541 alia
434 497 629 561 quacumque
658 475 782 538 ratione
811 474 867 539 Ori
895 495 1012 537 nomen
1035 473 1225 538 abolendum

85 612 157 655 esse
179 589 333 652 videatur.

610 784 630 862 s
655 780 704 844 16.

171 920 261 985 Nihil
285 921 392 983 autem
415 917 576 1001 antiquius
598 915 716 980 habere
738 914 913 979 Larcherus
942 915 1096 999 debebat,
1131 938 1226 1000 quam

84 1037 121 1096 ut
143 1033 178 1096 in
194 1031 301 1113 Etym.
326 1030 369 1092 M.
387 1051 418 1112 p.
435 1028 508 1112 685,
525 1029 565 1092 57
590 1027 623 1090 11
640 1027 756 1106 Ὠρίων
780 1047 896 1089 nomen
911 1026 1012 1106 Ὠρο(
1034 1027 1226 1110 scripturam

83 1144 240 1206 verteret:
269 1140 386 1224 quippe
410 1161 480 1202 cum
502 1137 569 1201 illic
591 1140 659 1200 tum
681 1136 765 1220 apud
781 1136 986 1220 Orionem-p.
1005 1138 1076 1219 135,
1100 1137 1120 1200 6
1143 1159 1225 1200 com-

83 1255 278 1316 memoratus
301 1249 468 1313 Helladius
496 1247 709 1312 Besantinous
738 1269 809 1310 curn
837 1248 955 1311 saeculi
983 1246 1088 1331 quarti
1115 1246 1223 1330 fuerit,

83 1385 151 1427 non
173 1361 279 1446 potuit
301 1361 342 1424 ab
358 1361 422 1424 Oro
439 1359 541 1423 citari.
572 1358 696 1422 Deinde
712 1361 819 1422 autem
842 1356 1043 1442 segreganda
1066 1358 1223 1441 existimo,

83 1475 120 1537 in
142 1473 391 1557 quibuscumque
414 1470 528 1561 Sorani
551 1469 676 1553 aliquae
698 1471 806 1552 partes
829 1472 914 1551 sunt,
939 1469 1084 1552 exempla
1105 1469 1222 1533 omnia.

84 1585 168 1649 Cum
190 1583 276 1647 enim
303 1581 499 1666 pertinacius
528 1580 685 1663 possimus
713 1581 838 1643 iurem
865 1582 1009 1643 nostram
1040 1583 1224 1643 convertere

83 1695 173 1758 velut
194 1692 283 1776 haec,
307 1691 444 1776 quaein
467 1690 575 1773 Etym.
599 1690 644 1754 M.
673 1712 704 1773 p.
729 1691 801 1773 711,
825 1689 867 1754 55
889 1712 918 1753 v.
944 1691 1060 1766 (ιαγών
1085 1693 1118 1753 11
1140 1690 1222 1755 Gud.

82 1828 114 1888 p.
139 1805 213 1886 343,
240 1803 278 1867 15
300 1824 329 1864 v.
355 1805 453 1883 κρᾶτα
475 1801 626 1884 leguntur
649 1799 773 1863 adiecto
795 1800 893 1880 Ὠρο(
915 1800 1062 1883 nomine,
1089 1822 1155 1865 non
1177 1800 1222 1865 di-

82 1936 174 1978 versa
196 1914 237 1976 ab
260 1911 406 1978 Orioneis
429 1935 460 1994 p.
487 1912 564 1994 145,
588 1912 618 1974 4.
648 1911 705 1992 81,
730 1910 787 1992 20,
817 1914 926 1974 tamen
956 1910 1088 1974 duorum
1110 1911 1223 1975 horum

82 2024 199 2088 finibus
234 2022 449 2106 exemplorum
488 2021 554 2085 eius
586 2022 632 2084 rei
656 2020 818 2084 iudicatio
850 2043 1051 2104 nequaquam
1085 2023 1222 2085 coerceri

81 2137 199 2218 potest.
245 2132 375 2197 Etenim
398 2131 512 2196 Sorani
535 2131 606 2195 illos
629 2132 873 2195 commentarios
899 2131 1129 2216 etymologicos
1151 2154 1222 2196 mea

81 2243 244 2308 sententie
277 2243 482 2306 vehementer
513 2244 634 2305 erraret
665 2242 719 2325 qui
753 2242 793 2305 ab
828 2245 1009 2305 nostrorum
1041 2243 1222 2306 auctoribus

81 2353 376 2437 Etymologicorum
411 2352 488 2435 ipsis
521 2352 682 2415 lectitatos
720 2351 872 2415 crederet.
928 2351 996 2426 Quo
1032 2353 1068 2417 in
1103 2375 1221 2438 genere
1336 2408 1338 2412 .

80 2466 203 2548 quante
225 2485 303 2546 opus
319 2463 362 2526 sit
383 2462 562 2546 prudentia,
586 2463 665 2526 satis
688 2462 796 2526 videor
811 2462 937 2546 Proleg.
955 2464 989 2526 in
1005 2463 1161 2527 Thomam
1175 2464 1219 2528 M.

79 2599 110 2659 p.
134 2573 257 2639 LXXII
280 2573 433 2637 docuisse.
469 2573 582 2656 ltaque
604 2594 698 2656 quem
721 2572 760 2635 ad
783 2572 911 2636 modum
935 2573 1069 2637 aliorum
1092 2575 1220 2639 aliunde

80 2685 198 2749 notitia
220 2684 322 2768 petita
345 2686 409 2747 est:
446 2705 580 2767 quocum
610 2683 816 2747 coniunctum
838 2687 901 2766 est,
931 2684 1014 2766 quod
1042 2685 1140 2768 ipsius
1164 2685 1220 2750 Ori

79 2796 265 2879 fragmenta
293 2815 351 2877 per
377 2792 496 2856 medios
524 2792 649 2857 demum
677 2793 782 2857 fontes
813 2786 965 2878 quosdam
994 2793 1034 2857 ad
1062 2794 1132 2858 illos
1155 2818 1220 2859 ma-

80 2927 176 2969 nasse
209 2905 294 2967 infra
327 2903 526 2967 ostendetur:
564 2903 610 2966 ita
643 2903 757 2968 Sorani
785 2904 912 2988 quidem
939 2905 1136 2968 mentionem
1163 2907 1219 2969 uni

80 3015 196 3078 debere
224 3013 336 3078 Orioni
366 3013 523 3076 videntur.
569 3012 605 3076 ld
631 3014 714 3097 quod
742 3014 791 3076 vel
821 3036 858 3076 ex
882 3035 918 3076 eo
946 3013 1097 3098 colligas,
1136 3015 1218 3098 quod

80 3124 165 3208 apud
188 3124 273 3188 hunc
296 3146 394 3187 unum
416 3123 515 3186 multo
539 3124 697 3205 crebrius,
727 3146 821 3208 quam
844 3123 877 3187 in
900 3124 965 3186 illis
987 3123 1218 3208 Etymologicis

79 3234 251 3316 ambobus,
287 3233 401 3298 Sorani
429 3234 647 3297 testimonium
680 3234 844 3317 repetitur.
891 3234 990 3316 Atqui
1023 3234 1057 3296 in
1091 3235 1218 3299 Orionis

80 3344 182 3408 lexico
205 3347 323 3420 (ιαγών
346 3346 378 3406 11
400 3348 499 3424 κρᾶτα
520 3343 650 3407 vocibus
673 3344 868 3427 adscriptum
891 3365 957 3408 non
972 3344 1069 3423 Ὠρο(
1093 3348 1141 3408 est
1163 3345 1217 3409 sed

79 3455 248 3535 (ωρανόε,
281 3453 448 3537 posteriori
481 3453 577 3516 etiam
605 3454 640 3517 in
668 3454 774 3538 Etym.
804 3454 848 3517 M.
877 3477 909 3537 p.
933 3455 1006 3537 535,
1030 3456 1066 3532 5,
1099 3458 1135 3518 11
1156 3455 1217 3521 hoc
1235 3473 1267 3521 30

77 3565 197 3650 qnippe
213 3565 310 3627 etiam
325 3564 427 3628 rarius
442 3585 559 3628 nomen
581 3565 812 3628 restituendum
834 3567 876 3628 sit
898 3565 967 3628 sine
991 3567 1215 3630 controversia.

77 3676 129 3739 Ac
151 3674 224 3738 vide
245 3674 340 3757 mihi,
364 3697 459 3759 quam
482 3674 659 3756 commode,
684 3698 740 3758 per
762 3698 841 3759 quas
863 3676 1039 3759 scripturae
1061 3676 1216 3741 vicissitu-

76 3785 170 3848 dines
186 3786 365 3868 corruptela
380 3785 541 3870 serpserit,
565 3807 601 3848 eo
622 3785 810 3870 declaretur,
833 3786 916 3870 quod
938 3787 972 3849 in
990 3786 1069 3849 Gud.
1092 3810 1124 3870 p.
1141 3767 1214 3871 576,

73 3896 95 3958 6
121 3917 150 3956 v.
181 3897 277 3973 ψωλή
304 3895 338 3958 11
368 3896 509 3975 ὡριανό(
535 3896 665 3959 transiit
693 3895 833 3960 Soranus
856 3896 984 3961 Orionis
1006 3919 1035 3979 p.
1061 3897 1135 3977 167,
1166 3899 1214 3963 13.

73 4004 292 4069 Artificiosius
321 4006 405 4069 enim
434 4008 544 4090 ageret
573 4028 633 4069 nec
655 4006 724 4069 sine
748 4007 877 4070 levitate
910 4007 1062 4090 quadam,
1095 4007 1149 4090 qui
1177 4029 1216 4071 ex

70 4115 141 4180 illis
175 4113 335 4178 scribendi
371 4115 595 4198 discrepantiis
629 4116 716 4179 velut
751 4116 812 4180 hoc
849 4117 1005 4181 efficeret:
1050 4118 1218 4197 (ωρανόετ

67 4227 184 4292 οὕτω(
216 4224 349 4308 Ὠρίων,
392 4224 623 4309 imprudentius
662 4227 775 4309 etiam,
815 4227 869 4311 qni
904 4228 1068 4308 cupuvcc·
1111 4228 1215 4292 οὕτω(

63 4337 192 4418 Ὠροε,
221 4335 348 4418 quando
373 4340 540 4419 praeterea
569 4359 724 4422 nusquam
751 4338 786 4401 in
809 4338 865 4402 Ori
887 4337 1078 4424 fragmentis
1101 4338 1214 4403 Sorani
