2880 4994
384 345 530 397 scnams
554 343 701 395 carnicis
724 345 907 396 amaram.
1154 328 1214 396 761

71 500 266 567 Munclrerus
295 501 335 565 ad
358 500 565 585 Fulgentium
586 499 611 565 Ι.
636 501 688 565 27.
717 500 766 564 Ex
789 499 906 565 codicis
929 498 1066 564 lectione
1088 499 1216 565 facilius

71 614 171 678 etiam
195 614 357 692 Ἀλκέετηε
380 610 483 694 eruas,
507 634 603 695 quam
624 612 776 692 formam,
800 613 909 675 nescio
932 611 1031 687 unde,
1056 611 1216 675 Gesnerus

70 728 105 787 et
131 721 332 787 l'acciolatus
363 723 399 786 in
429 722 554 786 Lexicis
582 721 646 784 suis
675 743 818 805 posuere.
865 722 1062 802 Κηραίνουεα
1084 722 1216 786 minime

11 848 14 852 ’
71 837 143 898 erat
168 832 414 897 sollicitandum.

157 944 220 1007 Pro
235 943 387 1028 Apolline
411 946 443 1006 et
458 942 565 1005 Diana
585 943 686 1006 altero
702 942 820 1007 abhinc
843 964 929 1007 anno
952 964 1097 1006 caussam
1119 964 1216 1027 agere

72 1055 180 1138 coepit
201 1054 419 1117 Buttrnannus
441 1054 474 1116 in
498 1057 747 1137 programmate,
772 1053 854 1137 quod
877 1058 910 1117 te
932 1054 1049 1117 vidisse
1070 1075 1173 1136 spero.

157 1164 316 1228 Horresco
331 1163 489 1246 reserens,
513 1184 609 1247 quam
625 1163 685 1226 sim
700 1163 881 1247 negligens.
913 1163 1004 1227 Haeo
1019 1168 1095 1227 ante
1117 1186 1216 1227 unum

71 1297 214 1338 mensem
237 1279 270 1338 et
285 1274 416 1338 alterius
436 1273 602 1337 dimidium
625 1273 745 1356 scripta
768 1278 871 1355 erant,
894 1273 1138 1359 dissertatioque
1160 1277 1216 1338 tua

73 1408 138 1449 una
162 1407 232 1449 cum
254 1385 317 1449 hac
339 1384 475 1468 epistola
498 1384 532 1447 111
554 1405 666 1447 mensa
688 1406 759 1447 mea
781 1384 923 1466 iacebat,
953 1406 1072 1469 magno
1095 1385 1215 1468 paulla-

71 1496 132 1558 tim
155 1495 269 1558 obruta
291 1495 445 1558 librorum
467 1516 591 1559 acerva.
636 1493 736 1569 Quem
765 1516 825 1579 ego
852 1515 938 1558 nunc
960 1494 1036 1557 dum
1057 1516 1214 1577 remorsu,

72 1605 191 1688 quippe
213 1605 311 1668 alium
334 1605 565 1689 aliquantisper
592 1605 734 1669 laborem
762 1608 965 1686 suscepturus
995 1604 1102 1688 (erant
1130 1605 1215 1668 enim

74 1715 183 1779 omnia
206 1714 358 1798 Aeschyli
382 1737 494 1779 caussa
518 1716 686 1800 congesta)
718 1714 976 1778 dissertationem
1003 1718 1091 1778 tuam
1113 1715 1215 1798 video,

72 1824 229 1909 simulque
251 1825 287 1889 in
308 1829 449 1890 mentem
471 1826 570 1908 venit,
595 1825 763 1908 epistolam
785 1824 814 1888 ei
836 1825 950 1907 inesse,
975 1824 1128 1908 scriptam
1150 1827 1216 1908 qui-

73 1934 158 2017 dem,
182 1935 237 1998 scd
259 1935 400 1999 nondum
422 1935 600 1999 tabellariis
622 1935 785 1999 traditam.
820 1936 847 1999 Ο
870 1957 921 1998 me
938 1935 1048 2019 flagris
1071 1935 1215 2020 dignum,

72 2046 109 2109 ni
132 2049 168 2108 tu
189 2045 349 2130 ignoscas.
387 2045 477 2121 Quod
499 2046 562 2109 nisi
584 2045 683 2109 libros
704 2045 784 2109 istos
806 2045 1020 2127 removissem,
1044 2045 1127 2108 haud
1150 2047 1217 2109 scio

75 2178 120 2218 an
143 2155 240 2219 etiam
263 2157 344 2219 alter
366 2157 484 2219 mensis
508 2157 634 2240 elapsus
657 2159 755 2219 esset:
783 2178 975 2239 quamquam
998 2155 1052 2218 illo
1075 2156 1143 2239 ipso
1166 2156 1216 2219 die

77 2266 142 2329 alio
164 2267 257 2329 modo
281 2267 320 2329 de
347 2270 480 2349 peccato
508 2266 639 2330 fuissem
668 2266 858 2329 admonitus.
904 2264 1110 2330 Commodum
1132 2266 1216 2329 enim

74 2379 204 2459 reperta
238 2377 374 2461 epistola
409 2377 534 2440 litteras
562 2377 672 2460 accepi
701 2399 720 2439 a
748 2376 908 2457 lacobsi0,
944 2377 1067 2460 collega
1099 2379 1154 2438 tuo
1186 2381 1218 2439 et

72 2487 189 2569 amieo,
214 2488 267 2570 qui
290 2486 369 2550 1111111
385 2487 642 2550 dissertationem
664 2509 754 2551 suam
776 2487 815 2550 dc
834 2486 999 2550 Plutarchi
1023 2486 1218 2570 aliorumque

72 2597 268 2680 scriptorum
290 2597 479 2682 quibusdam
506 2598 584 2662 locis
613 2598 711 2662 misit.
756 2596 815 2662 Cui
836 2601 871 2661 tu
893 2618 964 2661 meo
985 2597 1115 2661 nomine
1138 2579 1218 2661 inte-

73 2728 132 2771 rea
154 2707 250 2771 velim
272 2708 395 2792 gratias
418 2713 451 2772 et
472 2709 628 2773 maximas
651 2709 777 2793 quidem
805 2730 894 2793 agas.
940 2707 1004 2773 Vbi
1026 2708 1134 2792 legero
1156 2707 1218 2771 dis-

71 2819 297 2900 sertationem,
328 2819 466 2883 scribam
498 2818 527 2883 ei
556 2820 640 2903 ipse,
670 2821 698 2882 si
724 2818 851 2903 quidem
879 2811 1065 2902 exspectare
1093 2818 1214 2882 didicit.

71 2928 270 3013 Aeschylea,
294 2929 375 3012 quod
399 2929 592 2993 Eumenides
616 2952 703 2993 nunc
725 2930 851 3012 publice
873 2931 1082 3012 interpretor,
1106 2929 1217 2992 statim

70 3039 216 3122 inspexi:
254 3039 288 3104 in
311 3039 377 3123 his,
406 3060 487 3122 quae
510 3040 665 3104 hactenus
688 3039 722 3102 in
745 3039 935 3104 lectionibus
963 3039 1042 3132 meis
1064 3039 1214 3121 tractavi,

69 3149 112 3212 de
134 3150 293 3235 plerisque
317 3152 357 3216 ab
380 3172 417 3214 eo
440 3150 609 3215 dissentio:
644 3151 683 3214 de
713 3150 846 3213 caeteris
877 3149 994 3213 videro
1040 3148 1101 3214 Sed
1129 3171 1216 3213 nunc

69 3282 140 3324 non
162 3265 211 3324 est
225 3261 334 3324 otium.
369 3260 454 3324 Nam
469 3283 566 3345 quum
581 3260 693 3344 pridie,
718 3283 813 3345 quam
835 3261 913 3324 haec
936 3259 1060 3342 scripsi,
1084 3259 1215 3323 nuncia·

69 3375 142 3434 tum
163 3371 241 3434 milri
263 3375 356 3455 esset,
380 3371 492 3435 statim
514 3371 655 3454 imprimi
674 3370 789 3434 debere
804 3370 932 3434 titulum
954 3370 1213 3455 programmatis,

69 3481 156 3564 quod
184 3481 340 3551 edendum
369 3485 468 3564 esset,
501 3482 640 3546 indicem
668 3480 817 3565 inscripsi
844 3479 1013 3544 schedulae
1042 3480 1143 3563 hunc,
1177 3481 1215 3543 de

68 3591 199 3676 legibus
221 3591 409 3676 quibusdam
431 3590 649 3656 subtilioribus
671 3594 826 3655 sermonis
849 3590 1030 3674 Homerici,
1055 3612 1109 3654 eas
1131 3595 1215 3654 trac·

70 3705 210 3785 taturus,
234 3725 312 3787 quas
328 3703 532 3768 Thicrschius
553 3706 662 3767 noster
683 3723 786 3785 nuper
808 3702 842 3766 in
864 3701 946 3765 actis
968 3701 1215 3765 Monacensibus

67 3812 278 3895 neglexisset.
310 3813 357 3877 De
373 3814 486 3898 quibus
501 3813 628 3897 quidem
650 3813 714 3876 iam
729 3835 825 3897 quum
848 3813 936 3876 illam
958 3813 1216 3876 dissertationem

67 3925 233 4007 legerem,
256 3924 448 4008 conscripsi,
472 3945 569 4008 quae,
600 3924 624 3987 si
649 3945 772 3987 summa
794 3926 924 4008 urgeret
946 3922 1134 4005 necessitas,
1165 3922 1213 3986 vel

64 4032 137 4115 sie,
160 4037 197 4097 ut
218 4035 338 4118 scripta
360 4039 445 4119 sunt,
470 4034 521 4098 edi
543 4038 689 4117 possent:
727 4033 782 4097 sed
805 4033 956 4118 quoniam
977 4032 1024 4097 illi
1048 4054 1215 4096 numerare

63 4144 195 4230 placuit
217 4145 303 4209 locos
319 4145 461 4228 Homeri,
485 4166 679 4229 numeroque
694 4147 727 4208 et
741 4143 956 4227 multitudine,
980 4166 1075 4227 quarn
1097 4144 1215 4208 virtute

62 4255 210 4321 militum
233 4255 411 4338 decertare,
435 4255 617 4320 faciendum
641 4255 762 4338 putavi,
787 4257 823 4317 ut
844 4264 904 4337 cg‘o
926 4275 1049 4338 quoque
1071 4255 1215 4339 integras

62 4368 218 4436 cohortes
253 4372 474 4450 producerem:
512 4368 655 4450 suspicor
687 4367 773 4433 enim
805 4367 861 4430 aut
889 4365 995 4450 potius
1024 4363 1116 4432 video
1148 4386 1215 4432 non
