2924 4996
238 348 301 412 478
504 363 551 409 oa
574 362 802 410 1111111111
826 360 1121 422 auriovrrarravs

239 516 333 600 ligas.
378 514 514 596 Accedit
547 518 655 579 autem
687 513 770 598 quod
804 515 901 578 etiam
934 515 969 577 in
1005 513 1221 579 Vrbinatis
1252 535 1371 578 numero

241 626 332 711 (103)
355 630 496 689 erratum
523 627 572 689 est
600 625 641 689 ab
670 624 834 689 Hudsono.
880 624 965 688 Nam
994 645 1065 687 cum
1093 625 1135 688 ab
1156 623 1374 688 Kellermanno

240 736 318 800 duos
340 739 468 799 tantum
490 735 648 818 reperiam
671 734 846 799 Vrbinates
868 737 1071 816 memoratos,
1099 734 1237 798 alterum
1265 757 1297 797 n.
1323 735 1375 798 1οἷ)

239 845 538 928 membranaceum,
572 845 722 908 foliorum
754 845 817 909 478
850 845 972 908 formae
1004 843 1144 929 mediae,
1182 865 1248 908 uno
1285 844 1376 907 ferme

240 957 366 1020 saeculo
396 956 446 1039 (ut
473 953 599 1039 quidem
629 955 677 1017 illi
703 955 820 1036 risum)
854 955 1015 1019 Vaticano
1053 954 1136 1018 1300
1163 955 1376 1035 recentiorem,

239 1066 338 1130 libros
354 1065 384 1129 X
399 1065 521 1149 priores
543 1068 709 1130 tenentem
731 1065 829 1128 trium
850 1065 999 1129 manibus
1013 1064 1220 1128 librariorum
1235 1065 1377 1148 scriptos:

241 1177 378 1240 alterum
406 1198 439 1239 n.
471 1176 531 1240 106
560 1175 764 1239 chartaceum
792 1175 932 1239 eiusdem
958 1175 1096 1257 formae,
1127 1174 1190 1238 XV
1219 1174 1379 1239 saeculoa

241 1286 439 1369 principibus
469 1284 602 1364 Vrbinis
630 1285 726 1349 scribi
755 1285 891 1367 iussum,
928 1307 947 1349 a
974 1285 1077 1368 primo
1107 1284 1148 1347 ad
1177 1284 1282 1368 quinti
1311 1283 1380 1346 libri

241 1395 338 1460 finem
360 1398 590 1479 pertinentem:
628 1396 697 1480 quis
720 1398 784 1478 cst,
815 1395 892 1479 quin
913 1394 1024 1458 illum
1047 1415 1115 1458 esse
1137 1392 1380 1458 Hudsonianum

242 1506 317 1570 ilico
338 1507 519 1591 intellegat,
543 1506 732 1589 praesertim
754 1506 809 1568 uhi
830 1505 1022 1569 Vrbinatem
1047 1504 1107 1568 103
1135 1503 1231 1567 hodie
1260 1507 1380 1567 exstare

242 1616 369 1700 quidem
393 1616 598 1699 compererit,
632 1616 687 1679 sed
710 1616 896 1699 Appianum
919 1614 1103 1697 complecti,
1132 1614 1216 1677 nihil
1239 1614 1382 1698 Dionysii

242 1726 402 1790 audierit?
451 1725 537 1789 Nam
568 1726 647 1790 illud
680 1725 811 1789 minime
844 1747 895 1789 me
923 1728 1045 1808 movet,
1082 1723 1164 1808 quod
1193 1723 1383 1788 Vrbinatem

241 1835 435 1900 HudsoniX
455 1836 582 1900 saeculo
605 1835 786 1920 Zacagnius
808 1835 932 1918 tribuit,
955 1835 1055 1899 multo
1077 1834 1251 1899 recentiori
1274 1834 1381 1916 aetati,

241 1949 278 2009 ut
304 1966 343 2009 ex
370 1946 548 2029 scripturae
575 1945 720 2029 exemplo
747 1945 899 2009 Vaticani
929 1945 1010 2009 1300
1036 1943 1123 2007 infra
1157 1944 1303 2008 exhibito
1332 1966 1384 2026 ap·

241 2060 343 2139 paret,
367 2056 629 2120 Kellermannus:
652 2077 713 2139 quo
728 2056 762 2119 11
778 2076 896 2140 genere
912 2055 975 2118 dici
996 2055 1108 2138 nequit
1130 2055 1281 2138 quotiens
1299 2072 1384 2118 verra·

241 2170 311 2229 tum
338 2166 390 2229 sit.
420 2204 463 2217 -
492 2165 639 2232 Ceterum
667 2165 806 2250 nequid
833 2165 1105 2248 praetermittam,
1136 2168 1255 2253 pentes
1285 2163 1384 2228 altera

243 2276 484 2360 Antiquitatum
507 2280 612 2340 exstat
640 2276 739 2339 etiam
765 2276 799 2338 in
821 2297 886 2339 uno
909 2275 1147 2338 Alexandrinae
1169 2274 1385 2339 bibliothecae

244 2384 363 2467 codice,
388 2408 421 2449 n.
446 2386 497 2470 95,
523 2386 692 2450 chartaceo
715 2385 771 2449 fol.
795 2386 858 2449 268
879 2386 1001 2450 formae
1023 2385 1157 2448 mediae.

254 2577 258 2584 ἱ
328 2493 447 2558 Similia
471 2499 567 2579 atque
594 2495 633 2558 de
655 2494 810 2559 Romanis
838 2495 938 2559 oritur
965 2495 1004 2559 de
1026 2494 1196 2559 Venetis
1226 2495 1386 2560 codicibus

244 2603 414 2668 dubitatio,
459 2604 562 2669 Vnius
586 2604 672 2669 enim
686 2604 804 2669 Veneti
820 2605 993 2688 'scripturis
1015 2604 1206 2690 Sylburgius
1229 2628 1307 2669 usus
1329 2608 1384 2688 est,

244 2735 323 2797 quas
345 2714 386 2777 ab
408 2713 606 2799 Hieronymo
628 2714 816 2779 Douzellino
839 2715 913 2801 (sio)
943 2718 976 2778 11
997 2713 1147 2778 Gabriele
1168 2714 1386 2799 Philadelphi·

245 2824 314 2889 enai
330 2828 496 2909 excerptas
518 2829 630 2889 narrat
651 2825 686 2888 in
708 2825 925 2908 praefatione3
948 2824 1025 2888 duos
1041 2827 1149 2906 autem
1163 2824 1199 2888 111
1214 2825 1309 2889 libris
1324 2826 1340 2888 Ι
1355 2829 1385 2888 11

244 2934 276 2998 Π
299 2938 331 2998 11
353 2935 400 2998 XI
423 2936 610 2999 Ambrosius
634 2935 782 3012 excussit,
808 2956 941 3018 quorum
961 2934 1244 2998 membranaceum
1266 2957 1301 2999 n.
1326 2935 1385 2999 273

244 3048 381 3109 testatur
414 3066 452 3109 ex
485 3045 664 3129 antiquiore
699 3044 867 3109 chartaceo
896 3067 929 3108 n.
961 3044 1023 3108 272
1057 3044 1160 3127 (cuius
1194 3046 1386 3129 scripturam

244 3155 329 3219 haud
362 3155 441 3219 adeo
475 3154 623 3238 expeditu
655 3155 785 3219 facilem
814 3177 852 3218 er
881 3155 1023 3218 subiecta
1055 3154 1167 3218 tabula
1195 3155 1386 3239 cognoscas)

245 3263 444 3330 Bessarionis
466 3265 619 3329 mandato
642 3287 765 3329 summa
786 3266 848 3329 fide
870 3265 1064 3348 descriptum
1085 3286 1164 3346 esse,
1188 3264 1238 3328 ita
1260 3265 1387 3349 quidem

244 3378 280 3437 nt
296 3376 349 3458 qui
365 3398 384 3438 a
401 3374 570 3439 chartaceo
586 3376 711 3439 abesset
732 3375 918 3439 undecimus
939 3375 1021 3438 liber
1043 3374 1172 3438 aliunde
1195 3374 1386 3440 adiceretur.

244 3484 357 3568 ltaque
385 3507 456 3549 cum
482 3489 631 3570 utrosque
659 3485 797 3568 codices,
827 3485 1058 3549 Ambrosianos
1082 3488 1177 3568 atque
1202 3483 1388 3570 Sylburgia·

244 3579 332 3678 num,
348 3595 441 3659 valde
456 3596 541 3658 inter
556 3617 589 3659 11
606 3599 761 3680 cognatos
779 3617 847 3659 esse
862 3595 958 3659 facile
973 3597 1084 3657 nostra
1100 3593 1134 3656 in
1155 3594 1264 3676 ipsum
1280 3616 1389 3679 prooe

244 3704 343 3767 mium
359 3706 524 3769 adnotatio
540 3708 707 3788 monstret,
725 3709 835 3769 tamen
851 3727 919 3768 non
934 3704 1049 3767 desunt
1065 3724 1145 3787 quae
1159 3724 1301 3788 arguere
1319 3728 1391 3770 con·

244 3815 379 3878 trariam
394 3816 552 3879 rationem
567 3815 744 3878 videantur.
781 3814 879 3879 Velut
893 3836 925 3899 p.
942 3815 973 3897 2,
992 3815 1041 3877 17.
1061 3814 1100 3877 19
1117 3811 1179 3900 [ed.
1197 3812 1334 3904 Kiessl.]
1359 3814 1391 3878 in

245 3924 310 3988 illis
325 3925 391 4009 legi
405 3928 481 3991 robe
499 3976 505 3989 .
525 3976 532 3990 .
552 3976 559 3989 .
583 3926 887 4010 ἀναγραφομένουε,
911 3926 946 3988 in
960 3924 1021 3988 hoc
1035 3925 1091 3990 τὰ(
1115 3972 1122 3985 .
1141 3974 1172 3988 ..
1199 3925 1392 4009 ἀναγραφο-

194 4048 226 4096 ro
244 4038 342 4115 μένα(
356 4036 512 4120 proditur,
531 4036 580 4119 10,
597 4036 970 4116 1111111111γν1μαειν,
992 4035 1287 4114 1111ἀγωνίεμαειν,
1313 4037 1392 4101 eius·

245 4145 379 4231 demque
406 4147 534 4231 generis
556 4147 753 4231 111115,96
777 4150 809 4210 11
831 4147 866 4229 9,
894 4148 906 4208 1
942 4145 992 4209 vel
1020 4145 1155 4209 omissae
1183 4145 1238 4209 vel
1260 4146 1393 4211 additae

244 4257 341 4335 abrit(
357 4260 389 4319 et
405 4257 485 4338 ὑπέρ
508 4257 648 4320 voculae.
685 4255 775 4331 Quod
791 4255 998 4337 1111111111,
1022 4254 1061 4318 de
1084 4255 1272 4319 diversitate
1297 4278 1392 4321 nemo

244 4365 389 4451 profecto
412 4365 589 4448 dubitaret,
613 4365 677 4429 nisi
700 4369 732 4429 et
753 4365 788 4429 in
811 4366 876 4429 lac.
893 4364 1019 4429 Morelli
1042 4363 1197 4428 Biblioth.
1223 4364 1264 4428 D.
1287 4365 1392 4429 Marci
