2948 4996
232 336 296 401 462
700 352 748 400 ua
770 354 918 403 naasms

319 503 408 589 (XV)
445 503 666 588 Amphipolim
698 505 965 570 commemorandi
993 505 1054 568 etsi
1080 504 1145 567 fuit
1173 526 1253 569 sane
1282 504 1378 568 etiam

234 615 362 679 Pellaeo
384 614 531 698 Marsyae
553 616 736 700 largissima
758 620 791 680 et
813 615 1036 700 opportunitas
1060 619 1182 678 atvero
1203 615 1378 679 necessitas

235 725 309 788 inde
331 725 372 788 ab
388 724 568 808 olympiade
591 726 647 807 78,
682 729 791 789 tamen
820 725 976 809 imprimis
1004 725 1166 808 copiosam
1196 726 1265 789 eius
1293 724 1379 788 urbis

234 834 481 917 descriptionem
514 834 674 897 exstitisse
705 835 740 898 in
767 833 984 918 Philippensis
1014 835 1233 898 Macedonicis
1264 835 1380 898 docent

234 944 356 1007 scholia
371 943 532 1008 Vaticana
555 944 590 1007 in
605 943 768 1027 Euripidis
791 942 933 1008 Rhesum
953 967 983 1007 ν.
1000 945 1063 1009 346
1084 945 1192 1008 verbis
1213 944 1249 1007 in
1272 943 1379 1007 codice

236 1053 492 1138 corruptissima,
515 1054 561 1118 sic
583 1057 690 1118 autem
712 1053 940 1137 redintegratis
956 1054 997 1117 ab
1012 1053 1202 1118 Hermanno
1218 1052 1380 1138 Opusc.V

235 1187 266 1248 p.
286 1164 347 1229 190
358 1186 422 1248 sq.:
446 1165 505 1229 οὐκ
526 1164 631 1245 εἴρηκε
646 1164 733 1229 τίνοε
750 1166 891 1229 Μουεῶν
907 1165 925 1229 ὁ
941 1165 1051 1243 Ῥήεοε
1072 1164 1120 1244 εἴη
1137 1169 1223 1229 παῖε.
1250 1167 1380 1230 Κλειοῡε

235 1276 343 1354 μέντοι
371 1276 516 1350 λέγουαν
546 1275 644 1339 αὐτὸν
674 1273 772 1352 εἶναι,
801 1275 943 1355 καθάπερ
966 1276 1150 1355 Μαρεύαε
1177 1276 1197 1339 δ
1220 1277 1380 1355 νεώτερα(

236 1385 271 1449 ἐν
293 1387 362 1449 τοῑε
385 1385 617 1450 Μακεδονικοῖς
640 1385 690 1468 (ἐν
712 1388 823 1448 τ.Ὗ.
848 1385 980 1464 οἰκοδομ
1003 1391 1081 1447 Ὓ.
1105 1384 1190 1470 οοιί.)
1218 1387 1293 1466 περὶ
1314 1390 1379 1449 τῶν

235 1495 424 1574 κακομόρων
447 1495 586 1575 γράφων
609 1494 727 1559 οὕτωε·
751 1494 825 1559 «εἰεὶ
847 1496 882 1559 δὲ
905 1496 937 1559 οἳ
959 1497 1009 1558 καί
1036 1495 1108 1574 περὶ
1134 1495 1255 1559 τούτου
1285 1495 1378 1560 είπον

235 1607 332 1669 τοῦτο
361 1603 493 1688 (τοῦτον
516 1604 615 1688 cod.)·
654 1605 751 1669 Κλειὼ
780 1606 838 1684 τὴν
867 1604 943 1669 θεὸν
972 1605 1037 1683 ὑπὸ
1058 1609 1117 1669 τοῦ
1140 1605 1324 1683 (τρυμόνοε
1346 1605 1380 1668 ἐκ

236 1718 294 1779 τοῦ
322 1718 424 1794 χοροῦ
454 1713 596 1798 (χρόνον
620 1714 704 1799 cod.)
726 1721 792 1779 τῶν
815 1716 957 1780 Μουεῶν
980 1718 1198 1795 νυμφευθῆναι
1225 1714 1379 1780 τεκνῶεαί

237 1815 323 1933 (rsit
348 1849 431 1935 cod.)
458 1871 493 1914 τε
514 1851 572 1915 τὸν
595 1851 744 1929 Ῥῆεον.»
761 1852 811 1914 καί
832 1852 901 1930 μετ’
925 1851 1050 1926 ὀλίγον·
1075 1849 1179 1915 ιέετιν
1206 1850 1297 1929 ἱερὸν
1326 1854 1379 1928 τῆ(

239 1960 369 2024 Κλειοῡε
392 1960 426 2024 ἐν
448 1961 635 2040 Ἀμφιπόλει
662 1960 787 2039 ἱδρυθὲν
816 1960 971 2025 ἀπέναντι
1000 1958 1062 2024 τοῦ
1085 1959 1199 2037 Ῥήεου
1227 1960 1379 2038 μνημείου

203 2070 288 2137 etsi
312 2070 419 2150 λόφου
439 2071 549 2134 τινόε.»
573 2068 713 2144 Quarum
736 2069 994 2133 emendationum
1017 2091 1088 2132 cum
1102 2067 1275 2151 pleraeque
1291 2072 1379 2132 extra

238 2179 486 2242 controversiam
508 2179 631 2263 positae
654 2180 729 2261 sint,
753 2179 792 2242 de
806 2202 870 2243 uno
889 2181 960 2258 περὶ
977 2183 1041 2243 τῶν
1057 2179 1249 2258 κακομόρων
1273 2178 1379 2242 nescio

238 2311 280 2351 an
302 2289 447 2352 dubitare
471 2290 582 2371 liceat,
612 2289 815 2372 quantumvis
838 2289 917 2353 scite
945 2288 1127 2381 encogitato
1154 2309 1214 2370 pro
1237 2286 1379 2371 eoquod

238 2399 370 2461 affertur
391 2420 408 2460 e
431 2398 538 2462 codice
561 2402 627 2465 τῶν
649 2403 787 2479 κακοβρῑ.
837 2398 1035 2480 Quamquam
1061 2418 1164 2481 apage
1186 2397 1276 2461 velut
1297 2399 1380 2461 hanc

238 2507 510 2570 halucinationem
536 2509 660 2573 ἐντῶν
684 2510 914 2574 Μακεδονικῶν
944 2508 999 2572 Γωι
1022 2508 1071 2571 καὶ
1093 2507 1134 2572 κψ
1160 2508 1272 2593 βιβλίῳ
1301 2507 1332 2570 h.
1352 2531 1378 2570 c.

238 2618 333 2700 τρίτῳ
362 2619 411 2682 καί
439 2617 583 2700 εἰκοετῷ;
618 2639 698 2700 quac
731 2640 844 2701 pamm
876 2618 995 2681 usitata
1022 2616 1065 2680 sit
1092 2617 1213 2680 citandi
1247 2619 1341 2681 ratio.
1354 2618 1379 2699 *λ

239 2864 384 2930 corruptas
403 2879 463 2915 esse
481 2879 496 2915 e
515 2861 689 2929 Thucydidio
709 2860 769 2928 (IV,
789 2866 850 2929 102)
874 2862 1051 2928 Κράδεμνα
1074 2861 1185 2914 nomine
1204 2863 1381 2930 suspicaturi

238 2953 332 3008 Simile
351 2956 466 3008 lacunae
484 2955 634 3023 vestigium
650 2954 678 3006 in
691 2952 803 3019 reliquis
822 2953 899 3006 libris
918 2954 1084 3023 obscuratae
1102 2954 1176 3007 idem
1196 2954 1285 3008 codex
1297 2954 1383 3010 habet

239 3065 262 3101 ν.
283 3050 417 3112 ἀγυιᾶε·
435 3088 479 3101 ...
498 3049 607 3113 βέλτιον
624 3048 655 3099 δὲ
666 3052 804 3114 περιεπᾶν
816 3048 855 3100 ωε
873 3048 930 3100 ἀπὸ
942 3051 994 3098 τοί]
1012 3047 1122 3111 ἀγνιέαε
1142 3046 1237 3114 [immo
1251 3049 1382 3117 druretcl.

238 3142 349 3205 ἀγυιεὺε
371 3141 401 3194 δὲ
423 3141 479 3194 ἑετι
501 3140 572 3193 κίων
596 3142 650 3207 (pr.
670 3157 707 3192 m.
726 3141 820 3205 κύων)
847 3140 886 3193 etc
910 3140 958 3193 ὀξὺ
981 3140 1128 3204 ἀπολίγων
1146 3140 1181 3193 ὃν
1199 3141 1320 3194 λετᾱειν·
1344 3142 1382 3194 ιδ(

238 3235 323 3299 εαφέε
341 3238 468 3287 ποιοῡειν
487 3233 676 3300 αμιετοφάνηε
693 3249 726 3286 τε
743 3233 774 3286 ἐν
786 3234 868 3299 εφηξλ
886 3234 932 3284 καλ
950 3233 1063 3286 εὔπολιε
1081 3233 1112 3285 ἐν
1131 3234 1188 3299 πρὸ
1206 3238 1270 3286 τῶν
1288 3237 1383 3300 θυρῶν

239 3326 323 3380 ἰδίου(
347 3328 377 3379 δὲ
400 3343 422 3379 c.
438 3343 463 3392 q.
479 3344 500 3378 s.
519 3324 627 3379 Scribe:
651 3326 762 3390 ἀγυιεὺε
784 3325 815 3377 δέ
838 3325 893 3377 ἐετι
922 3325 991 3378 κίων
1014 3324 1053 3378 εἰ(
1077 3325 1126 3379 ὀξὺ
1150 3326 1325 3393 ἀπολήγων,
1351 3329 1384 3379 δν

239 3421 324 3472 λετᾶει
342 3421 399 3486 πρὸ
411 3424 471 3471 τῶν
484 3423 587 3486 θυρῶν,
605 3419 645 3471 ὼε
663 3419 748 3483 <aaa
766 3421 892 3470 ποιοῠειν
912 3416 1112 3484 Ἀριετοφάνηε
1130 3434 1161 3470 τε
1178 3418 1210 3471 ἐν
1228 3418 1320 3486 (φηξλ
1339 3422 1384 3471 καί

237 3512 383 3565 Εὔπολιε
406 3513 441 3564 ἐν
460 3537 502 3565 τι.
525 3511 609 3564 ίδίουε
627 3513 706 3563 δέ-.
731 3509 859 3562 Ceterum
878 3508 912 3562 de
931 3513 1055 3576 μαροίλεα
1072 3510 1101 3562 ct
1113 3511 1312 3573 μακεδονικαῑε
1330 3529 1385 3564 non

240 3603 400 3673 discrepant
418 3603 497 3658 Cant.
518 3607 546 3658 et
565 3605 640 3667 Gal.;
659 3602 707 3656 sed
725 3602 818 3670 paullo
837 3602 902 3654 ante
920 3619 976 3654 non
993 3617 1089 3654 verum
1107 3600 1197 3654 estin
1210 3602 1385 3671 Angelicauo

240 3713 300 3750 esse
320 3697 437 3764 ληναίοιι
455 3700 557 3765 φόρου,
576 3695 623 3762 qui
640 3695 727 3748 habet
745 3694 852 3748 λιναίου
870 3695 974 3761 φόρους
993 3693 1133 3746 Parisinus
1152 3696 1264 3762 autem,
1284 3696 1319 3750 de
1332 3713 1386 3763 quo

240 3791 360 3854 tacetur,
384 3808 446 3843 cum
465 3789 543 3843 Cant.
564 3791 594 3843 et
611 3783 678 3841 Gai
695 3790 774 3840 tenet
796 3787 921 3855 ληναίων
938 3788 1039 3853 φόρου.
1082 3785 1159 3849 Quae
1177 3788 1210 3840 ut
1227 3792 1298 3842 sunt
1320 3806 1387 3843 sane

240 3885 323 3949 levia,
341 3887 436 3938 tamen
454 3883 568 3936 nimiam
586 3880 761 3948 diligentiam
779 3897 834 3934 uon
852 3881 998 3933 testantur.
1037 3878 1192 3946 [Similiten
1211 3881 1264 3934 sed
1284 3883 1389 3936 omissa

239 3979 288 4031 illa
305 3980 335 4030 ἐν
353 3975 560 4046 praepositione
580 3977 673 4042 (quam
691 3993 709 4027 a
726 3973 867 4027 Dindorfio
886 3978 942 4041 μθ
961 3975 1084 4040 spretam
1102 3972 1212 4040 miror),
1236 3974 1388 4029 Dobraeus

239 4069 468 4123 adversariorum
486 4070 497 4121 l
516 4087 542 4136 p.
557 4068 626 4134 bat]

294 4164 318 4229 *l
338 4165 415 4230 [περὶ
433 4168 493 4214 τῶν
512 4163 584 4215 κατὰ
602 4162 654 4212 τὸν
672 4161 769 4227 Ῥῆεον
786 4159 831 4213 ναί
845 4161 909 4226 περί
920 4164 981 4212 τῶν
994 4160 1102 4211 τοκέων
1116 4159 1215 4224 Ῥήεοο
1232 4157 1390 4214 Muellerus

240 4272 267 4324 p.
280 4260 325 4319 45,
345 4254 420 4308 haud
438 4271 504 4307 sane
522 4252 712 4322 probabiliter.
748 4251 841 4304 Etiam
858 4250 1069 4319 improbabilius
1087 4267 1137 4318 pro
1156 4250 1195 4305 eis
1214 4266 1292 4315 quae
1312 4257 1390 4308 ante-

241 4346 343 4402 cedunt
361 4349 475 4401 Gcicms
492 4365 519 4415 p.
535 4352 584 4400 338
605 4344 781 4414 proponebat
798 4346 828 4397 ἐν
846 4350 905 4398 τοῑε
924 4344 1077 4413 Maturata]
