2924 4996
392 311 552 360 moursn
574 309 927 360 mmcauunssuusrs.
1166 292 1233 357 539,

611 464 632 544 s
657 461 707 527 14.

172 600 339 668 Corollarii
367 600 437 665 loco
464 620 552 664 nunc
578 597 656 663 licet
688 619 816 663 omnem
846 598 988 663 codicum
1018 598 1230 682 Dionysiano

83 733 157 776 rum
179 711 368 796 progeniem
390 713 422 774 et
444 709 671 795 cognationem
692 709 754 774 hoo
775 707 912 774 artificio
932 709 1109 774 illustrare:

432 954 880 1539 {O

643 1469 668 1527 c
687 1464 777 1549 (aa)

433 1559 461 1707 t
611 1683 615 1692 ,

171 1788 283 1872 Ipsum
307 1788 372 1880 iam
400 1789 556 1856 Cobetum
584 1793 668 1858 haud
696 1815 792 1880 aegre
820 1798 1043 1859 concessurum
1075 1790 1229 1875 suspicor,

83 1920 148 1963 nec
164 1897 307 1965 Cbisiani
322 1899 462 1984 potuisse
478 1902 701 1968 auctoritatem
715 1904 779 1968 nisi
794 1906 959 1989 explorato
969 1900 1129 1968 Vrbinate
1143 1904 1231 1965 recte
1276 1938 1281 1948 ·

83 2009 230 2091 definiri,
252 2030 315 2073 nec
335 2010 429 2075 huius
452 2011 593 2076 indolem
615 2015 773 2098 explorari
794 2014 858 2079 nisi
881 2012 1074 2098 comparatis
1095 2010 1231 2096 reliquo

83 2141 159 2183 rum
191 2119 345 2184 librorum
378 2122 574 2205 rationibus,
611 2144 673 2188 nec
699 2125 794 2190 fidem
823 2146 882 2189 nos
915 2124 1101 2187 inventuros
1134 2121 1232 2185 fuisse

84 2230 199 2294 eiectis
230 2232 280 2293 tot
311 2232 428 2316 pannis
449 2232 605 2317 Dionysio
635 2233 732 2298 etiarn
760 2257 847 2299 nunc
869 2233 1132 2315 adhaerentibus,
1168 2230 1232 2296 nisi

85 2343 201 2404 horum
228 2340 353 2426 origine
379 2346 569 2408 monstrata.
619 2344 669 2409 De
695 2345 809 2429 quibus
837 2344 984 2411 omnibus
1012 2344 1066 2429 qui
1088 2345 1234 2407 nostram

85 2451 284 2515 sententiam
306 2452 377 2516 aliis
399 2453 659 2536 persuaderemus
680 2455 745 2520 nisi
767 2460 800 2520 et
821 2456 969 2520 omnibus
992 2438 1153 2519 codicibus
1175 2474 1233 2536 per

85 2560 229 2645 aliquam
254 2565 378 2645 partem
405 2562 647 2648 Antiquitatum
676 2565 801 2630 collatis
831 2568 941 2651 (atque
968 2563 1169 2630 substitimus
1197 2562 1233 2627 in

85 2671 265 2755 prooemio)
299 2677 332 2736 et
364 2694 473 2737 eorum
501 2674 727 2758 discrepantiis
756 2699 827 2740 cum
856 2676 919 2760 eis,
951 2697 1083 2759 quorum
1116 2672 1234 2738 iudicia

86 2786 324 2866 expeteremus,
358 2805 424 2848 non
447 2805 519 2848 cum
549 2784 669 2849 dilectu
690 2785 745 2850 sed
772 2787 866 2870 plene
894 2784 1159 2850 communicatis?
1193 2783 1234 2848 ln

85 2892 203 2977 quibus
224 2893 251 2957 si
278 2896 354 2958 sunt
380 2916 461 2978 quae
482 2895 624 2979 perlevia
646 2894 815 2961 videantur
841 2898 892 2960 vel
919 2895 1038 2959 nullius
1062 2891 1232 2958 momenti:

85 3003 115 3066 si
143 3004 230 3066 recte
257 3003 416 3088 videntur,
453 3005 565 3089 culpae
595 3004 723 3089 quidem
752 3006 842 3070 notio
870 3005 978 3090 (modo
1011 3004 1041 3068 ei
1069 3005 1157 3067 locus
1190 3002 1233 3066 sit
1250 3022 1283 3070 ar

85 3113 234 3199 omnino)
261 3134 327 3177 non
355 3114 390 3178 in
417 3114 572 3179 editorem
594 3115 739 3199 profecto
763 3114 1003 3198 manuferenda,
1033 3135 1052 3177 a
1079 3135 1141 3197 quo
1163 3110 1232 3175 dili-
1268 3154 1271 3159 -

85 3222 201 3308 gentio
228 3224 382 3307 postulari
411 3224 507 3308 solet,
537 3224 592 3289 sed
619 3225 752 3289 librario
774 3225 978 3308 imputanda,
1007 3224 1061 3308 qui
1089 3244 1156 3287 non
1177 3226 1233 3286 aut

86 3333 238 3418 graviora
258 3335 315 3397 aut
336 3333 417 3398 nihil
432 3335 591 3418 peccarit3
613 3334 640 3399 si
662 3335 769 3399 minus
783 3337 886 3417 reete,
910 3334 1016 3398 minus
1032 3334 1130 3398 etiam
1151 3331 1232 3397 vitu-

85 3442 194 3527 perari
218 3464 327 3508 eorum
350 3445 609 3509 commemoratio
631 3444 750 3509 debuit.
795 3442 978 3528 Vituperati
1001 3465 1125 3526 sumus,
1149 3443 1233 3527 quod

86 3553 167 3617 talia
189 3553 391 3618 attulerimus
413 3558 448 3619 ut
470 3554 679 3637 εὑρωπαίοκ,
709 3554 793 3638 quod
814 3575 892 3618 sane
921 3556 953 3618 et
974 3553 1102 3638 perleve
1131 3554 1179 3616 est
1201 3556 1234 3616 et

87 3663 169 3726 nulli
196 3663 284 3746 usui3
317 3663 372 3729 sed
406 3663 482 3748 quid
510 3686 602 3729 usum
629 3664 813 3729 habiturum
840 3663 900 3746 sit,
936 3663 1012 3747 quid
1045 3684 1112 3726 non
1144 3663 1232 3727 habi-

87 3776 212 3855 turum,
246 3795 307 3838 nec
342 3774 454 3860 quovis
484 3778 629 3860 tempore
661 3791 735 3838 nec·
756 3773 899 3849 cuiusvis
931 3772 1079 3837 acumine
1110 3773 1234 3857 praeri-

87 3881 192 3946 dctur.
242 3884 296 3948 An
322 3885 437 3962 ὁλὶγα
464 3906 586 3969 qnoque
614 3883 709 3967 illud,
743 3884 822 3948 levis
850 3883 1002 3948 nimirum
1029 3905 1088 3967 pro
1118 3883 1234 3960 ὀλίγα

86 3991 320 4078 discrepantia,
348 3995 477 4058 silentio
504 3993 823 4079 praetermittendum
851 3994 930 4077 fuit,
961 3993 996 4058 in
1024 4014 1086 4078 quo
1109 3994 1147 4057 οἱ
1167 3995 1234 4059 λό·

85 4123 150 4179 τοι
172 4103 303 4168 latuisse
325 4104 461 4169 vidimus
483 4105 518 4188 (ὅ
534 4104 593 4188 6)ἳ
613 4142 656 4153 -
674 4103 759 4168 Nam
782 4103 860 4167 illud
883 4102 1011 4189 quidem
1032 4125 1099 4167 non
1121 4102 1233 4188 magni

85 4234 166 4276 sane
188 4212 341 4296 facimus,
365 4214 447 4298 quod
470 4213 698 4298 propemodum
720 4213 827 4277 nullus
850 4213 931 4277 liber
953 4217 1003 4278 est
1024 4213 1119 4278 ullius
1134 4213 1233 4296 scrip-

82 4322 182 4406 toris,
211 4344 229 4385 e
251 4343 313 4406 quo
334 4344 401 4387 non
423 4323 608 4410 aliquando,
638 4345 829 4412 quamquem
852 4322 1024 4390 rarissimis
1046 4323 1233 4411 plerumque
