2924 4996
470 310 588 357 anavn
612 308 870 358 soareromavs.
920 271 923 278 ’
1183 291 1246 355 469

102 465 166 529 nisi
194 466 246 546 ut,
281 484 361 548 quae
390 461 503 528 Suidas
534 463 627 541 ἕτερά
655 449 726 528 ιινοι
755 463 827 541 περὶ
855 465 910 540 τῆς
940 462 1017 527 ἰδίας
1051 461 1203 542 πατρίδος
1213 460 1245 544 *)

102 573 308 655 memoravit,
339 573 586 655 interpretemur
614 575 647 635 et
667 576 888 658 Macedonicos
911 574 943 634 et
965 572 1104 635 diversos
1133 572 1173 634 ab
1195 571 1245 634 his

103 690 141 748 de
164 688 337 748 Alexandri
368 688 456 746 rebus
483 681 590 745 libros.
650 680 767 756 Quodsi
796 681 846 745 cui
873 681 988 744 mirum
1017 680 1177 763 videatur,
1207 680 1246 744 de

104 793 215 858 codem
236 793 314 875 vire,
345 814 364 856 a
388 792 475 856 cuius
503 812 604 876 regno
631 791 798 855 universae
826 791 933 875 gentis
962 791 1129 854 historiam
1157 812 1245 853 orsus

102 904 161 986 sit,
177 925 289 981 >unum
316 902 504 985 scriptorem
537 901 693 986 singulari
726 904 892 985 praeterea
923 900 1104 964 litterarum
1135 921 1245 963 monu-

103 1016 212 1078 mento
240 1012 438 1095 exposuisse,
467 1012 528 1076 etsi
556 1012 641 1075 hanc
662 1011 866 1075 mirationem
887 1010 1026 1075 fatemur
1048 1032 1089 1074 ne
1112 1032 1131 1073 a
1153 1010 1245 1073 nobis

103 1123 231 1208 quidem
254 1122 392 1186 alienam
415 1143 499 1204 esse,
528 1121 717 1205 praesertim
741 1143 812 1185 cum
834 1121 876 1185 ab
897 1141 935 1184 ea
957 1123 1055 1206 gente
1082 1118 1245 1204 petillius

104 1234 198 1318 regni
222 1232 361 1317 spatium
382 1232 464 1296 nihil
485 1232 568 1314 fere,
592 1232 655 1294 nisi
678 1231 760 1316 qnod
783 1231 823 1295 ad
845 1232 950 1315 ipsum
971 1251 1080 1316 regem
1106 1230 1246 1313 pertine·

102 1347 154 1407 ret
161 1393 170 1425 ,
199 1342 405 1406 memorabile
432 1344 597 1425 peractum
624 1342 686 1405 sit:
719 1341 816 1406 iidem
842 1344 951 1405 tamen
982 1339 1246 1424 acquiescendum

105 1474 174 1517 esse
202 1453 237 1516 in
259 1452 304 1516 eis
326 1452 485 1534 videmus,
518 1452 602 1514 ultra
630 1472 711 1536 quae
743 1451 870 1535 prodire
902 1451 982 1515 artis
1014 1452 1094 1514 fines
1122 1453 1243 1515 vetant.

102 1562 303 1646 Quamquam
337 1562 391 1645 qui
422 1583 528 1625 secum
560 1561 757 1646 reputaverit
781 1567 1002 1627 Macedonicos
1034 1561 1136 1645 primo
1164 1560 1246 1623 libro

104 1674 145 1737 de
165 1672 262 1737 tertio
291 1674 442 1756 quartove
470 1672 556 1755 regis
584 1693 670 1749 anno
693 1672 763 1756 agi,
793 1671 832 1736 de
855 1671 956 1735 altero
979 1674 1085 1735 autem
1107 1671 1142 1734 in
1163 1670 1245 1733 libro

104 1783 217 1867 quinto
245 1788 390 1847 historiae
411 1787 598 1864 Alexandri,
627 1781 747 1845 habeat
767 1803 845 1845 sane
867 1781 950 1866 quod
971 1782 1056 1845 inter
1077 1785 1245 1865 utrumque

60 1902 63 1907 ’
102 1915 182 1976 opus
205 1891 387 1957 interfuisse
410 1891 598 1975 suspicetur.
607 1892 656 1976 **)

188 2000 240 2065 Ad
260 2005 396 2065 mortem
418 2001 595 2065 Alexandri
617 2001 645 2064 si
667 2002 837 2066 alterutros
861 2002 1121 2084 commentarios,
1144 2004 1181 2065 ut
1201 2002 1245 2065 vi-

103 2115 197 2178 detur
211 2133 299 2194 sane,
317 2112 462 2195 Marsyas
477 2112 672 2196 produxerit,
697 2114 823 2194 oportet
845 2133 917 2175 eum
939 2112 1146 2196 magnificum
1166 2111 1245 2175 illud

103 2225 293 2306 carpentum
324 2221 459 2285 funebre
491 2222 653 2306 tetigisse,
688 2221 727 2284 de
754 2243 816 2305 quo
847 2222 941 2285 multi
978 2225 1054 2285 sunt
1088 2221 1245 2285 Diodorus

102 2331 226 2414 XVIII,
242 2331 285 2396 26
307 2334 340 2394 et
361 2331 516 2395 Aelianus
536 2330 613 2396 Var.
631 2331 705 2395 hist.
728 2330 807 2413 XII,
831 2331 891 2396 64..
928 2332 1094 2395 Adicimus
1116 2332 1187 2414 hoc,
1210 2336 1246 2396 ut
1265 2347 1296 2395 12

102 2443 192 2507 facta
215 2441 454 2525 opportunitate
482 2441 685 2505 librariorum
706 2441 822 2507 mendo
844 2441 1048 2506 Athenaeum
1076 2443 1245 2507 liberemus

104 2551 145 2615 de
168 2550 278 2614 eodem
302 2554 454 2635 carpento
476 2552 556 2615 haec
576 2551 765 2634 prodentem
785 2551 887 2616 libV
907 2575 938 2635 p.
952 2552 1015 2616 206
1030 2556 1060 2614 E
1089 2553 1245 2617 Moschio-

102 2662 154 2725 nis
177 2661 281 2725 verbis
303 2682 410 2726 usum:
437 2662 625 2741 Διοκλείδης
653 2663 710 2741 μὲν
733 2663 752 2726 δ
775 2663 955 2743 Ἀβδηρίτης
984 2663 1172 2744 θαυμάζεται
1194 2664 1246 2729 ἐπὶ

172 2898 198 2965 ⁸)
225 2896 458 2966 [Transponendo
482 2895 582 2951 Suidae
605 2898 692 2952 verba
714 2897 750 2952 ad
772 2898 844 2952 hanc
868 2898 989 2968 speciem
1011 2899 1168 2953 revocanda
1194 2899 1243 2953 Ed.

102 2989 223 3045 Meierus
248 2988 346 3059 Opusc.
370 2990 397 3043 Il
414 3008 441 3058 p.
461 2995 494 3044 34
512 2988 718 3059 suspicabatur:
738 2994 865 3058 καὶπερὶ
888 2997 939 3059 τῆς
962 2991 1031 3045 ίδίας
1050 2980 1183 3059 πατρίδος
1201 2996 1245 3046 καί

103 3085 187 3151 ἕτερά
204 3100 279 3137 τινο;
299 3084 446 3151 praeterea
464 3083 598 3149 Μαρςύας
617 3085 779 3151 Μαρςύου
798 3086 858 3152 (pro
872 3085 997 3151 Μάρςου)
1016 3075 1211 3154 scribendum]

155 3210 196 3277 **)
220 3210 273 3278 [Ab
290 3209 343 3263 hac
360 3208 574 3264 ratiocinatione
593 3209 668 3264 omni
685 3226 741 3265 non
758 3210 856 3264 leviter
874 3210 1054 3265 dissidentem
1072 3211 1245 3279 Droysenum

102 3321 131 3373 p.
143 3307 193 3356 680
204 3319 264 3369 sqq.
277 3301 373 3356 dedita
385 3319 473 3371 opera
490 3301 658 3371 impugnans
676 3303 791 3357 Geierus
809 3321 837 3372 p.
851 3311 900 3357 333
919 3321 978 3370 sqq.
998 3303 1025 3355 in
1045 3320 1108 3358 eam
1127 3303 1245 3371 denique

103 3394 293 3449 coniecturam
314 3394 417 3449 desinit
439 3395 519 3449 valde
542 3395 705 3465 ancipitem,
723 3397 755 3450 ut
772 3396 847 3465 apud
865 3395 977 3449 Smdam
996 3414 1047 3464 pro
1065 3397 1121 3449 his:
1140 3399 1245 3464 ἔγραψε

103 3489 282 3542 Μακεδονικὰ
300 3488 330 3541 ἐν
349 3487 494 3553 βιβλίοις
513 3483 547 3555 ι’,
567 3491 693 3556 ἤρξατο
711 3490 741 3542 δὲ
761 3506 783 3543 e.
799 3505 824 3556 q.
846 3505 866 3542 s.
886 3488 1020 3557 scriptum
1038 3489 1122 3543 fuisse
1140 3492 1245 3556 ἔγραψε

103 3581 142 3634 Μ.
159 3581 190 3632 ἑν
208 3579 350 3644 βιβλίοις
368 3576 421 3647 ιη’,
440 3582 567 3647 ἤρξατο
586 3583 615 3635 δὲ
633 3581 764 3635 coniciet:
788 3581 862 3649 quod
878 3581 902 3634 si
917 3581 1059 3651 proditum
1077 3583 1159 3648 esset,
1177 3581 1245 3635 nihil

102 3689 173 3726 sane
190 3672 360 3726 diificrdtatis
378 3675 544 3742 superesset.
577 3673 682 3730 Contra
699 3674 778 3728 unius
797 3674 897 3743 operis,
917 3675 1094 3729 Μακεδονικά
1110 3675 1245 3744 inscripti,

101 3765 176 3818 duae
193 3764 337 3819 minimum
353 3765 439 3821 fuisse
456 3766 636 3821 historiarum
660 3769 756 3838 partes
779 3767 919 3834 seriesque
936 3767 1070 3822 librorum
1089 3768 1163 3823 visae
1181 3770 1246 3822 sunt

99 3857 237 3913 Muellero
255 3876 281 3927 p.
294 3865 335 3925 41,
354 3877 471 3927 quarum
489 3861 578 3915 altera
590 3861 711 3930 Philippi
729 3862 956 3931 superiorumque
974 3879 1072 3930 regum
1090 3879 1134 3916 res
1149 3864 1245 3930 gestas

101 3952 249 4020 complexa
267 3951 311 4019 sit,
329 3954 419 4007 ultera
430 3953 464 4007 de
473 3954 631 4009 Alexandro
645 3955 742 4023 egerit,
760 3955 847 4009 etita
865 3955 976 4022 quidem
995 3955 1092 4023 egerit,
1112 3957 1143 4008 ut
1156 3955 1245 4009 tribus

99 4045 269 4111 quattuorve
295 4044 374 4099 libris
399 4048 644 4116 praemitterentur
667 4064 794 4114 eaquae
818 4049 854 4102 ad
880 4047 1072 4103 educationem
1087 4048 1246 4103 Alexandri

98 4141 166 4204 (τοῦ
186 4139 368 4206 Ἀλεξάνδρου
386 4141 512 4207 ἀγωγήν)
532 4143 698 4210 spectarent.
728 4139 805 4205 Quae
819 4141 912 4195 omnia
925 4159 1008 4208 quam
1026 4141 1082 4196 sint
1100 4143 1142 4195 vel
1161 4141 1245 4196 artifi-

98 4230 177 4285 ciose
200 4231 360 4299 excogitata
381 4233 427 4287 vel
448 4233 555 4289 lubrica
577 4233 605 4289 in
624 4233 784 4289 coniectura
808 4234 913 4308 posita,
936 4235 1074 4290 neminem
1092 4235 1244 4308 praeterire

96 4325 254 4395 putamus]
