2896 4996
459 371 505 416 un
529 370 598 417 ono
622 369 666 415 m
690 368 833 416 omoun.
1154 351 1217 415 659

73 525 285 608 multiplicem
300 544 405 587 rerum
420 524 610 587 varietatem
624 520 901 606 comprehenderit
914 521 1116 600 γραμματική.
1147 518 1216 594 Qua

74 637 229 719 scientiae
252 639 284 699 et
304 634 517 698 institutionis
539 633 695 697 varietate
718 653 759 695 ne
773 631 994 696 Herodianum
1015 630 1143 714 quidem
1163 630 1216 694 de-

72 747 179 829 stitui,
213 745 468 830 impigerrimum
498 744 588 808 illum
621 744 802 807 litterarum
836 764 990 825 aucupem
1023 745 1056 805 et
1089 741 1216 825 apicum

72 861 302 940 scrutatorem,
337 855 565 920 convenienter
598 855 672 918 huic
705 858 834 917 nostrae
867 853 1046 938 quaestioni
1078 855 1216 915 testatur

73 967 231 1045 Arcadius
254 967 355 1051 praef.
380 990 411 1050 p.
437 968 466 1049 7,
493 966 546 1029 10:
575 966 658 1030 ἀλλὰ
680 967 730 1030 καὶ
751 965 790 1028 τὸ
812 966 897 1029 πολὺ
920 968 1043 1043 πλῆθος
1065 968 1132 1028 τῶν
1154 984 1215 1027 πα-

72 1079 293 1158 ραδειγμάτων
326 1080 386 1143 καλ
418 1078 438 1155 ἡ
467 1078 555 1157 περὶ
588 1082 665 1140 τῶν
695 1076 980 1154 ἀγνοουμένων
1009 1075 1050 1139 ἐν
1080 1074 1216 1138 αὐτοῖο

72 1190 251 1269 ἐξήγηεκ
279 1191 329 1252 καὶ
356 1190 375 1267 ἡ
398 1192 454 1265 τῆ(
482 1189 624 1266 χμήεεωε
652 1187 760 1253 αὐτῶν
788 1188 894 1264 πολλὴ
923 1186 1094 1267 παράθεειε
1122 1206 1216 1250 κατα-

72 1301 234 1365 λέλειπται
261 1306 307 1382 τῷ
336 1302 525 1378 τυγγραφεῑ·
555 1298 699 1363 κάκεῖθεν
728 1297 809 1362 αὐτὰ
839 1299 973 1377 λήψεται
1003 1296 1084 1376 ὁμὴ
1113 1297 1215 1375 μόνον

71 1413 130 1488 τὴν
159 1416 225 1474 τῶν
258 1415 450 1495 προεῳδιῶν
479 1408 638 1488 ὀρθότητα
668 1414 789 1488 ζητῶν,
821 1407 903 1472 ἀλλὰ
935 1410 996 1472 καλ
1029 1409 1117 1486 περὶ
1149 1409 1215 1472 τὰ(

71 1522 258 1599 δυνάμει(
281 1521 340 1583 καὶ
362 1521 523 1600 χρήεειε
545 1522 743 1600 φιλομαθῶν.
773 1517 863 1581 Illius
885 1517 971 1581 modi
988 1518 1074 1581 enim
1096 1518 1215 1585 λέξεων

71 1632 306 1708 ἀγνοουμένων
328 1631 472 1709 ἐξήγηειν
499 1628 587 1693 vides
615 1629 650 1693 in
672 1630 823 1713 pleraque
846 1629 959 1692 cadere
982 1649 1090 1692 eorum
1113 1649 1216 1693 exem·

71 1741 208 1824 plorum,
233 1762 365 1824 quorum
388 1744 484 1804 antea
506 1740 646 1803 indicem
668 1740 839 1822 posuimus
863 1760 924 1803 nec
946 1760 1049 1823 pauca
1072 1738 1215 1822 superius

71 1853 331 1915 enumeratorum
354 1855 375 1931 ξ
397 1851 455 1932 24,
479 1851 510 1915 3.
556 1850 641 1925 Quas
664 1871 770 1914 rerum
799 1849 1030 1934 explicationes
1053 1850 1112 1913 etsi
1136 1850 1215 1913 divi-
1261 1850 1263 1855 ’

70 1963 144 2025 nari
173 1961 285 2046 nequit
313 1983 446 2044 quorum
473 1960 614 2024 locorum
643 1961 926 2045 grammaticorum
955 1957 1067 2024 caussa
1096 1960 1130 2023 in
1152 1981 1215 2024 rne-

56 2071 160 2135 dium
176 2071 258 2136 Orus
281 2071 435 2153 attulerit,
459 2093 558 2134 unum
578 2074 688 2135 tamen
703 2071 835 2135 delinire
850 2071 926 2136 licet
941 2071 1019 2134 hoc:
1042 2070 1216 2135 maximam
1276 2126 1283 2138 .

70 2183 290 2265 exemplorum
311 2185 436 2265 partem
457 2182 507 2245 vel
531 2181 572 2244 ad
599 2184 726 2248 λέξει(
754 2182 820 2245 sive
847 2183 1024 2258 γλώεεαε
1045 2183 1216 2262 κωμικά(

69 2293 233 2375 μυκήματα
256 2292 305 2354 vel
329 2292 368 2355 sd
385 2292 603 2371 ’Ὁμηρικὰα
633 2292 740 2376 Atque
763 2291 824 2355 boc
849 2295 1064 2374 congruenter
1086 2293 1215 2356 veritati

70 2403 153 2485 diei,
183 2402 372 2467 documento
394 2406 475 2466 ¹sunt
503 2425 574 2467 cum
597 2403 737 2466 excitata
761 2403 952 2467 comicorum
976 2403 1215 2486 carminumque

70 2498 316 2576 Homeiicorunr
337 2512 536 2596 testimonia,
567 2535 647 2598 quae
671 2535 688 2577 e
711 2517 730 2593 ξ
753 2513 795 2577 26
817 2517 900 2597 pete,
928 2516 997 2576 turn
1019 2514 1215 2597 antiquiores

70 2624 186 2708 quibus
209 2624 291 2687 Orus
313 2623 414 2685 utitur
435 2624 648 2707 grammatici.
680 2623 838 2707 Equibus
854 2623 894 2687 ad
917 2624 1071 2688 uomicam
1093 2624 1215 2708 poesim

70 2733 228 2817 Didymus
260 2733 401 2816 perlinat
428 2734 464 2799 ἐν
491 2740 529 2818 τῇ
558 2741 677 2818 κωμικῇ
707 2736 788 2801 λέξει
815 2734 963 2798 laudatus
991 2756 1067 2799 voce
1095 2737 1214 2815 καρύκη

70 2845 106 2907 in
130 2843 183 2907 Et.
207 2843 309 2906 Paris.
333 2843 417 2926 apud
445 2842 674 2908 Ruhnkenium
696 2846 798 2928 praef.
823 2846 858 2908 in
880 2844 1077 2928 Hesychium
1099 2868 1130 2928 p.
1154 2844 1213 2927 lx,

69 2976 131 3038 pro
153 2975 215 3037 quo
237 2954 272 3018 ἐν
295 2960 342 3039 τῷ
364 2961 490 3040 κωμικῷ
514 2956 668 3037 scriptum
689 2955 725 3018 in
747 2954 829 3019 Gud.
853 2977 885 3037 p.
902 2955 975 3036 301,
992 2955 1035 3019 40
1049 2957 1082 3017 et
1097 2954 1150 3018 Et.
1167 2954 1212 3018 M.

69 3088 103 3148 p.
128 3063 207 3144 492,
236 3064 278 3128 55
317 3064 465 3148 (quorum
493 3066 661 3148 posteriori
695 3066 794 3145 Ὧρος
822 3087 939 3129 nomen
974 3064 1168 3129 reddendum
1196 3087 1263 3136 οτι

71 3173 155 3239 Gud.
180 3177 212 3236 et
226 3173 328 3237 Paris
354 3175 438 3259 apud
454 3173 635 3239 Bekkerum
651 3175 773 3239 Anecd.
792 3199 822 3260 p.
843 3175 955 3261 1386):
978 3175 1019 3238 ad
1042 3175 1214 3240 Homerica

71 3284 216 3349 carmina
238 3284 322 3347 idem
344 3285 499 3368 Didymus
522 3288 557 3353 ἐν
580 3287 780 3367 ὑπομνήματι
803 3284 827 3353 Ξ’
844 3287 1024 3352 Ὀδυεεεὶα(
1045 3309 1075 3350 ν.
1094 3289 1213 3367 (κῦρος

69 3395 179 3477 Etym.
200 3394 244 3457 Μ.
261 3417 292 3478 p.
311 3395 382 3478 720,
400 3395 452 3479 26,
476 3397 511 3462 ἐν
535 3397 737 3477 ὑπομνήματι
750 3398 930 3463 Ὀδυεεεὶατ
952 3420 982 3461 ν.
999 3397 1212 3479 ἀνέγναμψαν

70 3504 155 3569 Gud.
172 3528 204 3588 p.
216 3506 268 3586 54,
283 3504 334 3589 24,
349 3506 398 3569 cui
412 3506 511 3586 Ὠροε
523 3529 641 3572 nomen
657 3507 836 3572 addendum
848 3530 886 3572 ex
901 3508 955 3572 Et.
969 3508 1013 3571 M.
1027 3531 1058 3591 p.
1075 3509 1146 3591 103,
1159 3509 1211 3593 31,

67 3615 127 3678 ubi
155 3636 261 3678 rursus
289 3615 379 3678 deest
405 3617 493 3699 prius
516 3617 592 3681 illud
615 3619 851 3702 testimonium3
883 3619 999 3683 deinde
1028 3618 1213 3683 Alexander

67 3725 251 3791 Cotiaensis
274 3730 307 3788 et
328 3725 404 3790 Pius
424 3749 454 3791 ν.
476 3732 668 3809 περιρρηδή(
690 3752 721 3813 p.
745 3730 818 3813 664,
835 3730 887 3812 39,
913 3730 954 3794 cf.
979 3730 1213 3794 Buttmannum

64 3836 174 3922 praef.
198 3836 232 3898 in
260 3835 387 3900 Scholia
410 3837 523 3922 Odyss.
553 3862 585 3923 p.
609 3839 701 3923 XIV3
727 3839 863 3924 denique
885 3839 1043 3904 Heracleo
1071 3843 1107 3908 ἐν
1130 3842 1210 3906 ὑπο-

61 3948 206 4028 μνήματι
228 3940 254 4010 c'
274 3948 404 4012 Ἰλιάδος
425 3972 455 4012 ν.
480 3951 659 4029 ῥαδανίῑειν
682 3974 713 4034 p.
731 3952 803 4027 702,
826 3951 856 4013 9.
888 3950 937 4016 cf.
954 3951 1211 4036 Epaphroditum

59 4060 100 4123 in
119 4055 228 4121 indice
243 4057 326 4137 §aa
357 4058 492 4123 Substiti
508 4060 542 4124 in
560 4062 652 4124 certis
669 4061 767 4144 ipsius
783 4061 840 4125 ΟιτΙ
855 4062 1063 4127 testimoniis:
1079 4084 1212 4147 quorum

50 4191 135 4235 non
155 4166 359 4231 mediocriter
374 4191 491 4254 augere
506 4193 673 4235 numerum
694 4172 854 4255 probabili
876 4171 1059 4238 coniectura
1080 4173 1166 4238 licet.

153 4279 186 4343 3.
232 4272 352 4341 Verum
379 4279 464 4343 enim
491 4304 565 4346 vero
594 4282 822 4366 deplorandam
854 4284 946 4348 video
978 4284 1105 4348 ruinam
1136 4282 1211 4348 huic

50 4390 174 4473 omni,
210 4408 305 4471 quam
333 4412 398 4453 non
426 4391 496 4455 siue
522 4393 637 4457 virium
665 4393 872 4458 contentione
894 4394 1032 4479 quadam
1053 4396 1209 4482 pertenui,

943 4498 1008 4564 42*
