2924 4996
223 324 287 388 414
490 342 537 387 nn
560 339 790 389 ununnannis
813 340 1106 400 an'riovrrarmvs

224 494 356 578 burgio,
392 494 564 576 Hudsono,
599 495 769 559 Ambrosio
803 494 926 558 codices
960 492 1137 557 Romani.
1193 495 1243 558 Ac
1265 496 1372 578 Lepus

226 604 354 688 quidem
377 603 514 688 Biragus
536 605 740 669 Florentinus
753 606 784 688 ⁹⁵)
807 605 842 668 in
865 603 992 689 epilogo
1014 604 1055 667 ad
1076 603 1214 670 Paulum
1235 605 1275 673 Π,
1290 605 1371 671 Pon·
1447 585 1451 594 Ι

224 716 344 778 tificem
370 693 567 797 Romanum,
606 715 693 779 cuins
720 715 808 778 iussu
836 736 964 778 omnem
995 715 1212 779 transferendi
1242 737 1371 799 operam

224 828 425 909 susceperat,
459 824 582 888 duobus
609 846 643 889 se
673 825 787 889 illius
821 824 983 888 codicibus
1017 825 1143 909 graecis
1170 826 1370 891 11611611-

227 936 316 1000 canis
339 957 431 999 usum
454 956 522 999 esse
544 935 613 1019 ipse
635 937 788 1018 testatur,
813 935 866 1020 qui
888 937 998 998 tamen
1020 956 1097 998 num
1119 934 1167 998 XI
1194 935 1294 1000 libros
1324 939 1370 1001 in·

226 1050 335 1130 tegros
372 1045 466 1109 ambo
501 1045 801 1129 comprehenderint
836 1067 902 1109 non
932 1045 1037 1137 magis
1071 1045 1236 1129 docemur,
1276 1069 1370 1130 quam

225 1155 308 1239 quod
338 1156 420 1220 scire
448 1156 604 1239 imprimis
634 1155 778 1239 cupimus
785 1206 794 1238 ,
830 1155 965 1219 simulne
993 1157 1161 1238 utrumque
1189 1156 1370 1223 adhibuerit

225 1287 267 1328 an
290 1287 328 1328 er
351 1288 415 1329 uno
443 1266 614 1350 praecipue
640 1265 845 1349 pependerit,
874 1264 978 1328 dubiis
1005 1268 1133 1328 tantum
1160 1266 1196 1329 in
1218 1266 1298 1332 loeis
1324 1271 1369 1333 in·
1436 1252 1439 1257 Ι

225 1378 335 1458 specto
359 1376 470 1440 altero.
515 1375 595 1440 Post
616 1375 739 1458 Lapnm
761 1373 929 1438 Romanae
949 1376 1058 1459 copiae
1086 1380 1215 1458 praesto
1240 1377 1370 1442 fuerunt

225 1485 411 1570 Sylburgio,
442 1486 664 1570 suppeditatae
689 1486 764 1549 illae
793 1507 813 1548 a
841 1485 953 1549 Fulvio
974 1485 1092 1550 Vrsino
1121 1507 1137 1548 e
1161 1486 1270 1551 codice
1299 1489 1369 1552 lto·

176 1667 178 1671 ,
224 1617 353 1678 mano,
384 1596 416 1660 h.
433 1618 460 1660 e.
484 1598 520 1659 ut
543 1598 575 1659 et
596 1618 653 1659 sua
675 1599 791 1678 sponte
813 1598 846 1660 et
868 1616 885 1658 e
908 1594 1070 1680 Sylburgii
1098 1596 1290 1680 quibusdam
1318 1599 1368 1663 ad-

224 1707 444 1770 notationibus
467 1706 629 1791 (velutad
652 1729 684 1789 p.
703 1705 774 1790 720,
793 1707 826 1790 7)
849 1704 1064 1790 intellegitur,
1096 1706 1174 1769 item
1197 1706 1367 1773 Vaticano.

224 1819 331 1901 Atque
365 1816 426 1880 hae
458 1837 581 1900 quoque
612 1837 670 1899 per
704 1837 813 1880 omnes
841 1815 888 1880 XI
926 1815 1024 1879 libros
1056 1816 1233 1898 pertinent.
1292 1819 1369 1885 Cum

224 1926 380 1991 Hudsono
402 1929 508 1990 autem
530 1926 648 2008 partim
664 1926 823 2010 Zaeagni,
848 1926 1060 1990 bibliothecae
1075 1924 1258 1991 Vaticanae
1281 1952 1368 2013 prae·

224 2037 317 2119 fecti,
352 2036 471 2120 partim
498 2035 657 2100 Perizonii
684 2036 841 2100 beneficio
870 2035 987 2100 codicis
1013 2035 1369 2105 Vaticano-Vrbinatis

224 2170 257 2210 n.
282 2147 342 2211 103
374 2147 502 2210 collatio
532 2147 766 2211 communicata
795 2149 879 2229 erat,
915 2147 956 2209 ab
983 2146 1117 2229 Iosepho
1140 2145 1179 2209 de
1202 2147 1295 2214 Iuliis
1323 2150 1368 2215 in-

226 2257 357 2339 cohata,
382 2257 528 2320 absoluta
550 2256 708 2320 Theodori
731 2256 884 2340 Calliergi
909 2255 1089 2340 diligentia.
1133 2255 1166 2319 Is
1190 2262 1300 2323 autem
1322 2283 1368 2325 co

225 2367 285 2429 dex
308 2388 379 2430 cum
402 2367 511 2431 decem
538 2369 665 2430 tantum
693 2367 791 2430 libros
819 2366 1099 2449 complecteretur,
1123 2366 1288 2432 undecimi
1311 2371 1369 2434 dis·

226 2480 410 2558 crepantem
433 2478 606 2561 avulgata
634 2478 826 2560 scripturam
856 2475 1028 2540 Hudsonus
1055 2497 1094 2538 ex
1121 2476 1186 2540 alio
1209 2477 1370 2544 Vaticano

225 2587 402 2649 recentiore
430 2587 551 2652 11450
578 2587 688 2670 petiit,
719 2586 774 2670 qui
796 2608 874 2670 quos
901 2588 1067 2668 praeterea
1095 2585 1195 2650 libros
1218 2592 1368 2672 tenuerit,

176 2709 207 2757 17
225 2716 358 2760 narrare
380 2697 567 2779 supersedit.
612 2696 759 2781 Denique
781 2695 944 2759 Ambrosii
966 2694 1124 2758 industria
1147 2717 1303 2764 exeussus
1325 2705 1371 2764 est

226 2806 448 2870 celeberrimus
473 2807 529 2870 ille
557 2811 589 2870 et
610 2806 772 2869 Holstenii
795 2805 1100 2888 Montefaleoniique
1127 2805 1247 2871 iudicio
1276 2809 1371 2894 longe

225 2917 366 2980 omnium
393 2916 633 3000 antiquissimus
661 2914 831 2980 Chisianus
861 2914 975 3004 codes,
1003 2916 1081 2977 item
1103 2914 1216 2978 decem
1243 2920 1372 2982 tantum

225 3026 322 3090 libros
346 3026 576 3109 complectens,
602 3026 772 3108 eodemque
789 3024 959 3088 Ambrosio
982 3026 1110 3087 auctore
1133 3025 1176 3088 ab
1199 3026 1285 3091 Olao
1300 3028 1373 3092 Kel-

224 3137 391 3200 lermanno
413 3135 591 3199 Vaticanus
620 3158 652 3198 n.
678 3135 776 3211 1300,
804 3142 935 3198 aserto
963 3134 1003 3198 ad
1026 3134 1141 3197 decimi
1168 3134 1248 3200 libri
1277 3139 1373 3203 finem

224 3246 406 3329 pertinens:
437 3245 600 3310 sciendum
623 3249 672 3308 est
699 3244 800 3326 enim,
829 3247 866 3307 ut
892 3265 950 3327 per
972 3243 1107 3307 decadas
1130 3245 1306 3331 Livianos,
1330 3250 1374 3313 ita

225 3356 283 3420 hos
307 3378 375 3420 esse
401 3356 499 3420 libros
528 3377 584 3439 per
605 3354 762 3438 pentadas
785 3354 921 3417 describi
943 3354 1063 3418 solitos.
1109 3353 1154 3417 Et
1170 3355 1227 3420 hic
1245 3360 1375 3442 quidem

226 3465 340 3549 codex,
368 3466 476 3530 uthis
498 3466 560 3529 hoc
587 3464 697 3528 statim
725 3464 795 3528 loeo
818 3464 977 3548 defungar
984 3513 992 3547 ,
1021 3462 1293 3533 membranaceus
1317 3474 1375 3552 est,

292 3795 317 3862 *)
336 3794 376 3848 De
394 3793 514 3859 nomine,
531 3795 624 3848 utrum
642 3793 785 3862 Lampus
807 3809 843 3846 an
859 3792 970 3862 Lepus
988 3808 1024 3846 an
1036 3791 1172 3861 Lappus
1192 3797 1380 3854 scribendum

225 3886 269 3952 sit,
287 3885 350 3940 vide
368 3887 489 3941 Fabricii
507 3887 577 3940 Bibl.
597 3904 638 3955 gr.
657 3886 695 3940 IV
713 3904 739 3955 p.
754 3892 803 3941 386
822 3903 862 3952 sq.
882 3885 959 3939 Harl.
979 3887 1008 3939 et
1025 3886 1095 3953 Ang.
1115 3885 1226 3942 Maium
1243 3891 1379 3962 Append.

225 3980 261 4034 ad
278 3979 403 4048 Dionysii
421 3980 493 4049 Epit.
518 3998 545 4048 p.
564 3986 611 4034 106
629 3979 671 4033 ed.
688 3979 814 4033 Francos.
834 4009 865 4016 -
896 3977 1026 4032 Ceterum
1043 3978 1112 4031 illud
1131 3979 1221 4033 miror
1240 4001 1259 4036 a
1277 3985 1381 4040 biblio-

225 4072 339 4141 graphis
357 4073 480 4126 nondum
498 4071 729 4137 animadversmn,
748 4088 802 4138 quo
815 4088 887 4125 anno
906 4070 1027 4140 primum
1044 4071 1182 4140 prodierit
1200 4074 1276 4143 Lapi
1295 4078 1382 4133 inter-

224 4165 346 4233 pretatio
364 4166 390 4218 h.
405 4183 428 4220 e.
449 4172 514 4220 1480
531 4165 606 4234 apud
624 4164 797 4229 Tarvisium,
820 4162 929 4232 pridem
947 4164 1087 4218 mortuum
1104 4162 1191 4219 fuisse
1211 4166 1339 4224 Paulum
1357 4172 1382 4225 Η

225 4274 335 4326 papam.
368 4258 466 4325 ltaque
483 4258 548 4313 huie
564 4259 685 4330 apparet
700 4274 785 4314 manu
802 4258 912 4313 tantum
932 4257 1066 4328 seriptum
1085 4273 1154 4328 opus
1172 4274 1192 4313 a
1204 4258 1288 4330 Lapo
1304 4263 1383 4319 dedi·

226 4351 319 4405 eatum
336 4349 429 4405 fuisse.
