2948 4996
231 331 296 394 424
472 366 474 368 v
673 347 719 392 nn
742 346 942 395 1111111111

232 505 269 564 ut
295 523 359 564 non
388 500 481 563 modo
510 499 790 564 Oasuubonianum
817 500 910 563 unius
945 501 1021 564 anni
1051 523 1191 565 errorem
1217 525 1285 566 non
1312 525 1379 567 cor-

234 612 362 692 rexerit,
387 610 442 673 sed
464 632 572 673 rursus
596 611 693 673 alium
716 610 874 674 addiderit
894 610 980 674 illius
1003 612 1216 679 simillimum:
1238 635 1316 676 nam
1339 615 1380 677 ab

234 720 275 784 ol.
301 719 401 802 XCII,
428 722 444 783 l
468 720 509 784 ad
530 720 629 801 XCV,
657 723 669 783 l
701 742 768 784 non
790 720 869 784 XIV
897 721 1049 785 suntsed
1072 720 1135 786 XII
1158 723 1246 786 anni.
1293 722 1381 798 Quae

189 845 219 891 13
238 834 306 893 tam
328 833 441 913 aperta
463 834 599 914 peccata
621 830 730 894 mirari
750 830 827 894 licet
848 852 914 894 non
936 832 1135 914 perspexisse
1157 833 1262 897 virum
1284 833 1384 903 histos

235 941 303 1003 riae
324 961 391 1003 non
414 941 520 1004 minus
543 940 732 1024 diligentem
761 962 856 1025 quam
878 940 1115 1025 philosophiae,
1147 941 1200 1006 Fr.
1224 942 1381 1007 Schleier-

234 1049 436 1132 macherum,
474 1052 529 1135 qui
558 1073 596 1114 ex
625 1050 920 1135 Schweighaeuseri
953 1052 1113 1116 erroribus
1143 1055 1231 1116 totus
1262 1053 1382 1137 pendet

235 1161 344 1224 adnot.
369 1161 410 1224 ad
434 1160 579 1224 Platonis
603 1160 758 1245 Gorgiam
779 1184 811 1245 p.
828 1163 901 1225 476.

320 1270 382 1335 Sed
409 1275 447 1334 ut
473 1275 546 1354 post
577 1273 627 1334 tot
654 1292 776 1334 errores
807 1271 964 1334 refutatos
994 1274 1111 1335 certius
1140 1273 1293 1356 quiddam
1320 1274 1383 1357 ipsi

237 1382 422 1463 efferarum,
459 1380 706 1444 Athenaeum
741 1381 914 1444 conicimus
942 1381 977 1444 111
1006 1381 1090 1446 hanc
1122 1383 1191 1446 fere
1224 1384 1383 1447 rationem

237 1493 417 1575 scripsisse:
450 1492 606 1570 Περικλῆς
636 1493 667 1555 δ’
697 1491 888 1571 ἀποθνήςκει
916 1493 994 1556 κατὰ
1023 1495 1058 1556 τό
1086 1494 1195 1572 τρίτον
1224 1494 1297 1558 {roe
1326 1498 1383 1557 τοῦ

236 1604 543 1680 Πελοποννηςιακοῦ
567 1603 720 1680 πολέμου,
745 1599 823 1689 [ἐπ’]
848 1601 1007 1681 ἄρχοντος
1029 1604 1274 1682 Ἐπαμείνονος·
1299 1601 1383 1690 [ἀφ’

238 1712 283 1776 οὗ
306 1713 430 1776 ἔτεςιν
454 1711 555 1775 ὀκτὼ
576 1712 774 1790 πρότερον
790 1714 858 1789 τὴν
876 1714 1119 1779 Μακεδόνων
1142 1714 1268 1793 ἀρχὴν
1284 1716 1384 1794 Περ-

238 1824 368 1887 δίκκα(
392 1823 675 1900 διαδεξάμενος
699 1824 897 1900 βαςιλεύει
920 1823 1296 1911 ἕω(Πε1ςάνδρου·]
1322 1825 1385 1905 ἐφ’

239 1934 283 1997 οὑ
305 1936 437 2015 τελευτᾷ
451 1955 484 1997 τε
499 1932 674 2010 Περδίκκα(
696 1934 744 1996 καὶ
758 1936 816 2011 τὴν
834 1935 990 2012 βαςιλείαν
1007 1936 1181 2013 Ἀρχέλαο(
1197 1937 1384 2013 διαδέχεται.

238 2042 349 2126 Neque
372 2042 457 2105 enim
480 2041 638 2121 ἄρχοντος
660 2041 746 2105 vocis
770 2042 810 2104 ad
827 2042 974 2106 Pisandri
996 2065 1114 2106 nomen
1136 2044 1310 2127 requiritur
1333 2045 1384 2107 ad·

238 2154 461 2216 ‹litamentum
508 2152 559 2215 Ab
592 2152 656 2214 illis
685 2154 792 2215 autem
826 2154 887 2233 ἀφ’
917 2152 963 2216 οὑ
986 2153 1126 2236 proclive
1155 2156 1225 2216 erat
1254 2154 1295 2217 ad
1329 2156 1385 2233 ἐφ’

239 2264 278 2328 οὗ
301 2264 399 2326 verba
428 2263 577 2326 aberrare
600 2261 776 2325 librarium.
822 2262 872 2325 lte
901 2267 1008 2325 autem
1037 2263 1097 2325 etsi
1125 2263 1196 2345 ipsa
1219 2264 1385 2346 scriptoris

239 2374 337 2436 verba
364 2375 514 2436 restituta
538 2394 605 2435 esse
627 2372 759 2435 minime
781 2373 859 2435 mihi
889 2394 1004 2457 arrogo
1011 2423 1020 2454 ,
1051 2376 1084 2435 at
1112 2373 1311 2436 sententiam
1340 2394 1385 2436 re·

240 2483 324 2566 quiri
352 2483 447 2566 plene
479 2482 614 2545 eandem
642 2504 829 2565 persuasum
863 2482 976 2546 habeo.
990 2482 1025 2566 *λ
1081 2481 1213 2545 Etenim
1247 2483 1385 2565 primum

241 2615 370 2656 necesse
401 2597 448 2656 111
477 2596 673 2675 compertum
700 2592 848 2656 habuerit
876 2592 1063 2656 Athenaeus
1095 2592 1223 2674 imperii
1257 2592 1384 2656 initium

242 2703 427 2767 Perdiccae:
451 2703 593 2787 alioquin
617 2703 702 2767 enim
717 2726 782 2766 uon
805 2703 1015 2788 intellegitur,
1041 2724 1097 2765 cur
1112 2725 1272 2766 summam
1287 2725 1385 2767 anno

241 2836 329 2896 rum,
369 2835 446 2898 quos
474 2814 559 2877 idem
587 2813 748 2898 regnarit,
784 2817 877 2876 tanta
906 2813 1075 2876 sedulitate
1103 2813 1267 2895 exquiret:
1304 2813 1386 2897 quod

242 2925 386 3008 profecto
413 2924 493 2987 fecit
520 2923 653 3004 iccirco,
686 2927 722 2986 ut
743 2923 870 3006 imperii
899 2923 1028 2986 initium
1056 2921 1209 2985 Archelai
1240 2921 1388 2986 definiret

242 3034 465 3098 ratiocinando
473 3084 482 3117 ,
506 3056 572 3096 non
594 3034 672 3097 item
695 3034 724 3097 ei
748 3037 955 3116 compertum.
1000 3032 1125 3095 Deinde
1147 3054 1234 3114 vero,
1260 3055 1334 3096 cum
1355 3034 1387 3096 in

244 3168 353 3209 eorum
373 3148 481 3227 partes
505 3144 649 3225 11111111,
681 3144 735 3226 qui
758 3142 869 3206 XXIII
892 3165 994 3205 annos
1018 3164 1090 3205 eum
1112 3163 1269 3227 regnasse
1291 3143 1387 3206 tradi·

244 3257 375 3335 dissent,
400 3256 434 3318 iu
449 3255 618 3338 propatulo
642 3258 690 3316 est
712 3254 838 3337 imperii
860 3253 988 3316 initium
1005 3251 1177 3315 Perdiccae
1200 3274 1275 3316 eum
1290 3257 1388 3316 rettu-

243 3368 318 3430 lisse
341 3365 381 3428 ad
403 3364 654 3448 Euthymcuem,
684 3364 738 3447 qui
762 3365 881 3426 archon
902 3362 965 3425 fuit
987 3362 1104 3445 olymp.
1125 3361 1283 3454 pXXXV
1305 3386 1391 3428 anno

244 3480 374 3560 (quarto,
399 3474 459 3538 hoc
481 3478 530 3537 est
552 3478 624 3537 octo
646 3474 739 3537 annis
762 3479 838 3536 ante
859 3472 1104 3557 Epaminonem.

245 3685 448 3692 --.--—

314 3816 339 3881 *)
359 3814 463 3884 [Longe
483 3815 581 3867 saltem
601 3813 797 3882 simpliciorem
813 3813 886 3866 hanc
904 3812 1052 3881 supplendi
1072 3812 1148 3865 viam
1166 3829 1201 3866 ea
1218 3818 1291 3882 puto
1311 3833 1395 3882 quam

247 3907 482 3963 Gutschmidio
502 3910 592 3974 (meae
611 3907 730 3961 fortasse
749 3905 944 3975 disputationis
962 3905 1070 3974 ignaro)
1090 3923 1179 3973 nuper
1197 3907 1342 3974 placuisse
1360 3908 1398 3960 u'·

248 4002 299 4056 deo
319 4001 468 4069 symbolae
491 4001 585 4069 philol.
611 4000 697 4053 Bonn.
722 4019 748 4068 p.
772 4008 818 4052 111
836 3999 914 4052 adn:
940 3999 1147 4064 Ἐπαμείνονος,
1171 4000 1234 4066 [ἐφ’
1258 4001 1295 4053 δν
1318 4003 1397 4054 ὀκτὼ

248 4099 337 4161 ἦρξαν
356 4097 413 4147 ἀπὸ
431 4096 594 4159 Λυςιμάχου,
614 4096 664 4158 ἐφ’
682 4095 715 4146 οὐ
734 4097 788 4158 τὴν
807 4093 944 4157 βαςιλείαν
962 4091 1119 4157 Περδίκκας
1136 4093 1304 4156 διαδέχεται.
1324 4097 1399 4148 ὥςτε

248 4189 421 4254 Πείεανδρον
444 4187 614 4252 εὑρίςκεςθαι
640 4188 692 4238 τὸν
720 4188 916 4239 ἑκκαιδέκατον
939 4187 1062 4250 ἄρξαντα
1085 4185 1138 4237 ἀπ’
1167 4185 1398 4255 Ἐπαμείνονο(,]

249 4283 299 4346 ἐφ’
317 4283 350 4334 οὑ
369 4284 487 4349 τελευτᾷ
505 4281 660 4346 Περδίκκοε
679 4296 702 4332 e.
723 4295 748 4345 q.
769 4297 788 4331 s.
828 4279 858 4330 In
881 4277 980 4344 quibus
997 4276 1079 4341 illud,
1103 4276 1178 4343 quod
1201 4293 1266 4332 esse
1291 4280 1346 4345 ἐφ’
1364 4282 1399 4334 δν

249 4374 349 4437 voluit,
367 4391 451 4442 aegre
470 4372 536 4439 quid
555 4372 607 4424 sibi
625 4372 692 4426 velit
709 4372 846 4441 expedio]
