2948 4996
537 270 679 361 relator
702 304 851 361 narare.
1207 287 1267 361 431

125 464 188 533 His
203 486 279 532 vero
301 471 437 531 mortem
458 487 524 531 non
546 464 727 530 necessario
750 465 938 550 significari,
963 463 1061 548 ipsius
1077 463 1273 530 scholiastae

126 579 275 663 arguitur
296 599 363 641 non
383 577 514 641 indocta
536 575 744 640 adnotatione
766 575 862 640 hace:
885 578 905 655 ἢ
928 576 974 641 ὼε
995 578 1068 656 περὶ
1089 581 1270 657 τετελευτη-

126 690 222 754 κότοε
244 690 340 765 λέγει,
363 688 479 754 ὡεανεὶ
500 689 572 773 pepi
596 686 724 771 (παρὰῗ)
754 688 809 751 τά(
837 687 990 765 μακάρων
1013 688 1145 765 νήεουε,
1168 688 1187 765 ἢ
1211 688 1269 752 ὅτι

126 800 321 883 Ἀρχελάῳ
344 805 395 883 τῷ
419 801 570 879 βαειλεῑ
590 798 701 876 μέχρι
721 798 908 875 τελευτῆς
923 798 1017 876 μετὰ
1032 795 1161 863 ἄλλων
1177 801 1269 862 πολ-

128 912 208 974 λῶν
232 912 351 988 ευνῆν
375 909 416 974 ἐν
442 908 675 990 Μακεδονίᾳ.
711 907 771 970 καὶ
793 906 975 985 μακάρων
999 906 1171 986 εὐωχίαν
1194 908 1269 988 ἔφη

125 1022 197 1098 τὴν
220 1020 261 1083 ἐν
285 1018 513 1099 βαειλείοιε·
546 1021 666 1082 τοῦτο
695 1018 736 1081 δὲ
764 1018 857 1095 παρ’
886 1016 1136 1100 ὑπόνοιαν.*)
1180 1016 1269 1091 Quod
1336 1018 1338 1023 ’

127 1127 167 1190 de
183 1127 298 1191 itinere
313 1127 521 1192 Macedonico
540 1131 653 1191 narrat
676 1125 859 1208 scholiasta,
882 1126 915 1189 id
937 1129 1101 1210 tamquam
1125 1126 1269 1210 ineptum

127 1237 277 1301 videntur
304 1241 518 1302 commentum
547 1259 620 1302 curn
648 1236 734 1301 Sam.
763 1235 870 1299 Petito
898 1235 1033 1300 Miscell.
1063 1235 1078 1298 I
1107 1258 1134 1299 c.
1166 1237 1205 1300 14
1232 1259 1281 1329 αα4

127 1346 164 1410 Ρ.
202 1347 315 1430 Baylio
346 1347 535 1412 Welckerus
574 1345 802 1429 contempsisse
835 1345 874 1408 de
907 1346 1135 1428 Aristophanis
1167 1346 1269 1411 Ranis

127 1480 160 1540 p.
177 1457 238 1520 241
255 1460 288 1521 et
302 1459 342 1521 A.
361 1457 399 1522 G.
417 1456 615 1542 Schlegelius
631 1456 670 1520 de
686 1458 755 1519 arte
778 1455 879 1519 dram.
902 1454 918 1518 I
940 1478 972 1538 p.
989 1455 1063 1539 308,
1087 1460 1270 1522 uttaceam

127 1566 224 1649 alios3
257 1567 407 1652 ambiguo
436 1571 545 1631 autem
576 1566 694 1630 iudicio
721 1565 870 1650 Baylium
902 1565 1108 1648 reprehendit
1135 1567 1270 1631 Wolfius

126 1675 255 1761 Proleg.
284 1677 325 1741 ad
346 1677 430 1741 Plat.
455 1677 564 1761 Symp.
588 1700 620 1760 p.
644 1675 742 1740 XLV.
787 1674 948 1739 Potuisset
975 1678 1082 1740 autem
1104 1677 1208 1740 omnis
1231 1677 1269 1741 de

126 1786 234 1850 verbis
262 1787 488 1870 Aristophanis
521 1786 680 1851 dubitatio
712 1786 776 1850 ista
804 1785 988 1870 plenissime
1015 1785 1102 1868 tolli,
1130 1787 1158 1853 si
1185 1786 1269 1851 Pla-

125 1896 235 1959 tonis
257 1895 499 1980 Symposiurn
527 1896 713 1981 diligentius
736 1899 819 1960 esset
841 1895 1021 1959 lectitatum
1043 1900 1139 1980 atquc
1161 1917 1269 1961 excus-

125 2027 199 2068 sum
226 2006 353 2090 eiusque
385 2010 529 2091 tempora
562 2007 741 2071 accuratius
771 2009 804 2069 et
832 2007 997 2089 explorata
1026 2009 1059 2069 et
1085 2006 1170 2071 inter
1200 2029 1269 2071 sese

124 2115 291 2179 distincta.
336 2116 382 2181 Vt
404 2121 510 2181 autern
541 2117 680 2195 duoilla
702 2116 994 2199 praetermittamus
1016 2119 1178 2200 tempora,
1207 2139 1269 2202 qno

125 2226 233 2308 Ipsum
255 2225 432 2290 habitum
454 2231 503 2292 est
526 2227 716 2311 convivium,
740 2227 761 2290 i.
779 2248 807 2290 e.
823 2227 864 2289 ολ.
881 2224 948 2309 XC,
965 2227 996 2309 4,
1021 2229 1129 2310 etquo
1151 2228 1269 2310 scrip-

123 2339 208 2398 tum
224 2358 243 2398 a
262 2335 397 2399 Platone
420 2340 479 2419 est,
503 2337 534 2401 h.
552 2359 579 2401 e.
596 2341 670 2421 post
691 2338 731 2401 ol.
756 2334 904 2418 XCVIII,
927 2336 963 2418 4,
987 2336 1020 2399 id
1042 2335 1125 2420 quod
1148 2337 1269 2422 colligi-

123 2448 181 2508 tur
196 2466 235 2508 en
253 2468 285 2529 p.
304 2446 364 2511 193
381 2452 422 2510 A:
444 2448 600 2511 narrati
625 2446 752 2531 qaudam
774 2445 912 2510 convivii
934 2449 1079 2530 tempora
1101 2446 1269 2531 dispertita

124 2559 204 2619 sunt
225 2555 394 2621 trifariam.
432 2557 574 2621 Primum
596 2557 682 2621 enim
703 2579 754 2621 res
776 2561 887 2641 gestae
910 2556 1062 2641 symposii
1083 2558 1125 2620 ab
1147 2558 1269 2622 Aristo-

124 2665 230 2747 demo,
254 2667 307 2751 qui
329 2667 398 2751 ipse
420 2668 611 2732 interfuerat
632 2667 785 2750 convivis,
809 2671 982 2731 narrantur
997 2667 1202 2752 Apollodoro,
1226 2669 1268 2733 cf.
1287 2688 1321 2737 νο

124 2797 159 2858 p.
187 2776 246 2840 173
268 2781 307 2859 Β,
330 2777 469 2861 itemque
486 2777 649 2860 PhoenicI,
674 2800 693 2841 a
716 2800 777 2861 quo
800 2799 857 2861 per
879 2777 960 2841 alius
983 2777 1147 2842 cuiusdam
1168 2779 1268 2842 inter-

124 2889 259 2949 ventum
286 2887 321 2950 in
350 2886 523 2952 Glauconis
550 2887 700 2951 notitiam
730 2890 917 2970 transeunt,
945 2910 977 2971 p.
1003 2887 1064 2951 172
1086 2891 1115 2950 Β
1139 2894 1170 2952 O.
1216 2888 1269 2952 Ab

124 2995 183 3058 illa
206 2996 390 3061 narratione
413 3019 541 3081 prorsus
568 2998 731 3062 seiunctae
758 3000 834 3061 sunt
861 2997 963 3061 altera
991 3000 1023 3060 et
1045 2998 1157 3080 tertia,
1187 3020 1268 3082 qnae

124 3105 222 3168 unius
244 3106 430 3189 Apollodori
457 3111 547 3189 sunt,
576 3130 614 3180 ex
642 3130 704 3192 quo
732 3109 870 3192 primum
898 3107 943 3169 rei
972 3106 1058 3170 illius
1081 3108 1122 3170 ab
1145 3108 1268 3172 Aristo·

125 3215 220 3278 demo
242 3220 393 3299 acceptae
415 3218 602 3280 memoriam
624 3217 747 3281 audivit
770 3216 901 3298 Glauca,
926 3240 957 3300 p.
985 3218 1045 3280 173
1069 3222 1098 3280 B
1119 3221 1211 3300 extr,
1237 3221 1269 3282 et

125 3324 236 3407 paullo
257 3329 330 3408 post
352 3330 526 3391 conventus
548 3327 676 3411 quidam
698 3326 916 3407 familiarium,
940 3347 1047 3390 coram
1068 3326 1181 3411 quibus
1203 3326 1268 3390 iam

125 3435 236 3498 omnia
258 3434 314 3498 illa
336 3441 468 3501 narrata
491 3459 558 3500 esse
580 3438 758 3521 finguntur,
782 3458 863 3521 quae
885 3457 972 3500 nunc
993 3436 1129 3521 legimus
1152 3436 1187 3500 in
1202 3437 1267 3500 diu-

124 3545 202 3628 logo
217 3544 395 3629 Platonico,
420 3569 612 3631 quamquam
634 3546 711 3630 ipsis
727 3546 922 3611 Aristodemi
944 3546 1049 3611 verbis
1070 3551 1203 3611 narrata
1226 3548 1267 3611 ab

125 3654 332 3737 Apollodoro.
364 3656 662 3732 Quemadmodum
683 3660 791 3721 antem
812 3657 899 3740 prior
914 3656 1101 3740 Apollodori
1123 3657 1267 3746 narratio

125 3764 258 3828 Socrate
282 3765 379 3830 etiam
400 3770 478 3831 tuno
500 3767 627 3832 vivente
649 3767 738 3831 facta
758 3770 817 3851 est,
841 3771 877 3830 ut
892 3770 1027 3851 apparet
1048 3789 1137 3850 exp.
1156 3768 1265 3852 1720,

194 4053 218 4122 1)
232 4052 356 4124 [Editum
372 4070 446 4110 nuno
463 4055 507 4110 eat
524 4056 649 4112 ωεανελ
669 4054 747 4112 εἶπε
764 4056 815 4112 τὰ(
832 4054 966 4124 μακάρων
984 4055 1094 4125 νήεονε,
1112 4072 1176 4111 mox
1189 4058 1266 4125 μέχρι

122 4152 185 4214 τῆ(
203 4152 353 4216 τελευτῆς,
376 4149 476 4204 deinde
494 4153 549 4216 τὴν
567 4153 597 4205 ἐν
621 4152 763 4216 βαειλείοιε
786 4153 977 4219 διατριβὴνε
1004 4150 1108 4220 partim
1126 4168 1141 4205 e
1159 4151 1265 4206 Itaven-

121 4242 190 4295 nate
208 4240 313 4307 codice,
329 4243 433 4314 partim
451 4261 466 4298 e
484 4240 600 4298 Veneto.
625 4243 731 4297 Vltima
742 4248 830 4298 τοῦτο
848 4246 877 4297 δὲ
895 4248 966 4313 παρ’
982 4245 1120 4299 ὑπόνοιαν
1137 4245 1173 4298 ab
1192 4247 1266 4300 utro·

122 4352 178 4405 que
199 4335 322 4408 absunt]
