2924 4996
388 334 919 382 11101111111111101111131111113.
1112 356 1116 359 »
1164 317 1226 403 481

85 488 253 551 historiam
289 491 395 551 textus
433 488 488 571 (ut
514 508 600 550 nunc
628 488 817 571 loquuntur)
856 486 953 549 etiam
986 486 1055 549 sine
1087 486 1227 550 externis

84 597 279 661 testimoniis
305 596 567 660 adumbrandam.
619 598 667 660 Ac
695 597 757 660 fuit
789 595 961 679 aliquando
988 618 1070 659 unus
1098 596 1226 680 quidam

86 707 185 772 codex
222 706 462 790 Antiquitatum
499 706 768 791 Dionysianarum
802 710 834 769 et
866 706 1066 769 emendatior
1093 706 1138 768 cis
1172 707 1226 789 qui

84 816 179 880 hodie
206 819 350 898 exstant,
383 820 415 879 et
438 816 612 880 communis
639 816 712 880 fons
741 816 912 879 eorundem
940 815 1091 879 omnium.
1137 815 1226 890 Quod

85 927 132 990 ita
161 948 230 990 esse
257 927 444 1010 planissime
472 948 510 990 cx
539 947 575 990 eo
603 925 819 1010 intellegitur,
849 925 1026 1010 quodcum
1055 926 1165 989 eodem
1192 927 1226 988 in

85 1037 156 1100 loco
178 1036 275 1100 medii
297 1037 370 1100 libri
393 1036 551 1100 undecimi
574 1057 683 1099 omnes
699 1036 859 1117 desinunt,
884 1039 952 1098 turn
968 1035 1094 1098 easdem
1108 1035 1226 1099 ibidem

83 1147 218 1210 lacunas
245 1145 366 1210 habent
394 1168 464 1210 cum
491 1146 664 1209 falsissima
695 1145 835 1230 partium
866 1146 1116 1228 transpositione
1153 1167 1226 1209 con-

84 1258 221 1321 iunctas.
254 1256 332 1320 Eius
355 1256 471 1320 codicis
495 1257 596 1319 bonae
619 1257 797 1340 scripturae
818 1257 854 1319 in
869 1277 977 1319 eorum
998 1256 1131 1338 nullum,
1148 1279 1226 1340 quos

83 1366 213 1450 quidem
234 1388 321 1430 nunc
342 1366 494 1448 norimuS,
519 1365 727 1449 aequabiliter
749 1370 947 1450 propagatae
970 1369 1054 1447 suut,
1075 1365 1128 1429 scd
1145 1370 1226 1430 tam·

83 1498 180 1560 quam
203 1475 352 1540 bifariam
376 1476 564 1540 distributae
585 1477 620 1539 in
635 1476 714 1540 duas
729 1479 837 1560 partes
859 1475 1037 1559 promiscue
1059 1498 1226 1560 permana-

82 1590 170 1667 nmt,
193 1586 314 1650 mixtae
335 1579 503 1670 utrobique
526 1586 632 1668 pravis
655 1586 705 1649 vel
729 1608 805 1651 casu
826 1587 877 1649 vel
899 1585 1042 1650 socordia
1064 1590 1100 1649 ut
1120 1588 1157 1650 fit
1178 1589 1225 1651 iu-

80 1696 195 1760 vectis.
224 1696 274 1760 lta
290 1696 405 1780 duplex
421 1696 577 1780 quaedam
598 1695 741 1760 recensio
764 1697 888 1760 exstitit
909 1696 1027 1760 nullius
1049 1696 1105 1760 illa
1122 1697 1226 1761 studio

82 1809 117 1869 et
139 1806 272 1869 consilio
300 1810 386 1886 orta,
416 1828 511 1890 quam
540 1806 616 1870 licet
643 1807 677 1870 in
704 1805 855 1871 Chisiano
878 1809 972 1889 atquc
994 1806 1153 1897 Vrbinate
1176 1830 1225 1872 co-

81 1937 255 2000 gnoscere:
277 1915 324 1979 ita
345 1920 455 1980 tamen
477 1921 513 1980 ut
527 1916 629 1979 maior
643 1916 676 1979 in
693 1916 748 1980 illa
764 1917 806 1980 sit
820 1917 986 1998 bonarum,
1000 1916 1034 1980 in
1049 1917 1111 1981 hac
1125 1919 1226 1981 maior

81 2047 233 2089 numerus
255 2047 426 2109 pravarum
447 2026 686 2109 scripturarum.
731 2025 783 2089 Ad
805 2025 890 2090 hanc
907 2025 1024 2090 Veneti
1049 2028 1223 2111 pertinent,

81 2135 139 2199 sed
162 2135 216 2220 qui
238 2135 395 2220 gliscente
418 2135 646 2219 depravatione
668 2136 795 2221 longius
819 2136 916 2200 etiam
936 2159 955 2198 a
970 2137 1108 2219 pristina
1122 2137 1225 2202 forma

80 2246 289 2328 recesserint3
319 2245 357 2310 ad
387 2245 475 2309 illam
505 2245 687 2328 Parisinus,
718 2245 772 2310 sed
800 2246 827 2310 is
850 2246 976 2331 quidem
1003 2250 1052 2310 tot
1079 2247 1170 2312 novis
1193 2252 1226 2312 et

82 2355 341 2439 corruptionibus
357 2359 390 2419 et
404 2356 627 2420 omissionibus
650 2355 798 2438 deterior,
822 2359 858 2420 ut
873 2378 938 2420 non
953 2356 1109 2439 impediat
1123 2359 1225 2422 maior

80 2466 141 2528 illa
164 2465 306 2530 Ohisiani
330 2487 401 2530 cum
417 2465 576 2529 Vrbinate
599 2466 775 2549 comparati
796 2467 1011 2549 praestantia,
1036 2460 1224 2551 quominus

80 2576 127 2638 ab
155 2574 224 2657 ipso
250 2574 409 2639 Vrbinate
443 2576 539 2660 longe
572 2577 717 2640 bonitate
744 2575 908 2639 Parisinus
942 2582 1117 2660 superetur.
1163 2578 1224 2643 Sed

78 2689 192 2749 tamen
214 2684 249 2747 in
263 2683 324 2748 hac
339 2684 453 2763 harum
474 2706 579 2748 rerum
603 2685 789 2750 condicione
811 2708 877 2750 non
892 2690 999 2769 potest
1013 2688 1128 2751 mirum
1144 2710 1222 2770 esse,

78 2794 184 2858 sicubi
207 2795 257 2857 rel
271 2817 353 2857 unus
368 2794 531 2859 Parisinus
553 2794 722 2878 pristinam
745 2819 783 2859 ac
804 2817 913 2859 veram
935 2797 1125 2880 scripturam
1149 2820 1222 2862 casu

77 2904 228 2986 servarit,
246 2903 328 2987 quod
344 2905 404 2968 etsi
427 2905 587 2968 rarissime
610 2905 806 2987 factumest,
823 2906 945 2970 factum
960 2908 1069 2970 tamen
1086 2907 1224 2972 arbitror

76 3013 208 3078 adiecto
223 3036 254 3097 p.
268 3015 298 3096 4,
312 3014 354 3078 25
369 3019 435 3079 roi(
451 3014 596 3097 articulo,
614 3037 651 3079 ac
666 3016 784 3080 rectius
799 3038 894 3099 quam
909 3016 944 3079 in
959 3016 1088 3100 reliquis
1104 3018 1223 3100 scripto

73 3127 109 3205 2,
128 3124 181 3188 23.
206 3124 236 3204 7,
253 3124 303 3187 25.
328 3125 358 3205 8,
378 3123 399 3186 2
421 3128 648 3204 καταχωρῑεαι,
672 3126 962 3205 καταχωρίεαντοε,
987 3127 1123 3202 Κίγκιοεε
1147 3149 1221 3191 nani

71 3236 108 3316 9,
123 3232 167 3296 24
182 3233 331 3309 Ῥωμαῖοι
347 3233 394 3296 uti
408 3233 518 3316 nolim,
535 3234 590 3297 ubi
607 3235 786 3301 consentire
801 3234 1029 3300 Hudsonianus
1044 3236 1199 3301 videatur.

165 3341 257 3405 Licet
279 3346 385 3405 autem
413 3343 498 3407 hanc
521 3365 647 3408 omnem
670 3345 827 3408 rationem
850 3344 910 3407 hoc
934 3344 1070 3410 artificio
1097 3368 1221 3429 reprae-

639 3497 665 3561 Ω

291 3689 292 3692 ,
474 3592 819 3815 ΧἏἏΧ

448 3816 476 3880 Φ
814 3821 843 3884 Ψ

384 3917 531 4106 ,Α
731 3911 897 4118 sq

284 4111 451 4205 Chisiiinus
531 4082 613 4277 N
662 4131 803 4195 Vrbinas
906 4143 968 4320 N

523 4335 687 4398 Parisinus
882 4331 1025 4401 Venetus
