3008 5002
230 326 293 391 206
580 343 737 389 τροπαίῳ
760 341 1021 389 Ραορραομοιιλ

232 496 276 559 ὡς
304 496 365 560 ἀπ’
392 484 500 559 αὐτῶν
529 499 595 559 τῶν
624 496 741 575 βίβλων
770 497 964 574 ἐλέγχονται.
1023 496 1118 558 Ἀλλά
1145 498 1303 574 παρέντες
1331 499 1370 560 τά

230 608 360 684 περιττά
382 609 509 685 ςαφῶς,
538 605 702 682 ςυντόμως
725 607 773 668 καὶ
796 605 922 683 ἀληθῶς
944 606 993 668 καί
1017 606 1061 667 ῶς
1084 605 1103 668 6
1125 610 1203 669 νοῦς
1226 607 1292 685 ἔχει
1314 610 1370 684 τῆς

231 716 341 795 βίβλου
368 719 468 779 ταῦτα
494 715 668 793 ἐκθείημεν·
701 718 765 778 πᾶς
788 716 823 778 δὲ
850 715 996 794 ἀληθείας
1025 715 1111 793 έρῶν
1138 718 1372 794 κριτικωτάτως

231 825 422 902 βαςανιζέτω
445 825 482 888 τό
505 824 696 902 ςύγγραμμα.

314 1035 356 1098 ΙΙ.
380 1037 489 1115 Ἑτέρα
511 1035 602 1114 ἀρχή.
1388 1050 1415 1087 ³0

164 1164 211 1212 117
317 1157 344 1216 1.
391 1155 597 1232 Ἀλέξανδρος
625 1154 643 1216 δ
672 1153 812 1217 Αἰτωλὸς
846 1155 896 1216 καί
930 1153 1111 1234 Λυκόφρων
1139 1154 1158 1217 δ
1188 1155 1374 1232 Χαλκιδεὺς,

230 1264 311 1328 ἀλλὰ
346 1265 396 1327 καὶ
428 1264 615 1342 Ζηνόδοτος
643 1263 662 1326 6
690 1263 831 1343 Ἑφέςιος
867 1268 914 1344 τῶ
948 1264 1142 1346 Φιλαδέλφῳ
1178 1264 1373 1345 Πτολεμαίῳ

230 1373 466 1451 ςυνωνηθέντες
489 1376 668 1452 βαςιλικῶς,
692 1373 711 1436 6
730 1374 787 1451 μὲν
809 1374 865 1437 τάς
886 1377 942 1452 τῆς
964 1373 1159 1458 τραγῳδίας,
1188 1373 1372 1454 Λυκόφρων

229 1486 265 1547 δὲ
293 1485 349 1547 τάς
376 1487 431 1560 τῆς
460 1482 627 1566 κωμῳδία(
656 1483 784 1561 βίβλους
813 1484 1017 1561 διῶρθωςαν,
1047 1483 1233 1561 Ζηνόδοτος
1255 1485 1291 1547 δὲ
1314 1485 1400 1547 τάς.

229 1594 415 1672 Ὁμηρείους
444 1595 582 1657 καὶτῶν
609 1595 734 1656 λοιπῶν
756 1596 908 1670 ποιητῶν.
951 1593 987 1656 Ὁ
1009 1593 1071 1672 γάρ
1094 1593 1196 1671 ῥηθεὶς
1225 1595 1400 1672 βαςιλεὺςι

228 1705 444 1782 Πτολεμαῖος,
473 1702 766 1782 ἡφιλοςοφωτάτη
790 1707 837 1786 τῷ
867 1701 935 1768 ὄντι
963 1705 1012 1766 καὶ
1039 1702 1107 1767 θεία
1136 1704 1240 1781 ψυχὴ,
1268 1706 1373 1767 καλοῦ

229 1815 351 1878 παντὸς
382 1814 431 1876 καί
453 1812 610 1890 θεάματος
639 1814 688 1875 καί
716 1811 813 1891 ἔργου
842 1814 891 1876 καὶ
921 1812 1020 1887 λόγου
1042 1815 1146 1878 τελῶν
1167 1813 1373 1891 ἐπιθυμητὴς,

229 1924 298 1987 ἐπεὶ
320 1923 372 1986 διὰ
394 1922 579 2001 Δημητρίου
607 1926 666 1985 τοῦ
689 1921 864 2000 Φαληρέως
891 1924 941 1985 καὶ
965 1923 1141 2001 γερουςίων
1170 1923 1291 2001 ἑτέρων
1314 1924 1372 1988 ἀν-

229 2037 317 2113 δρῶν
346 2032 502 2096 δαπάναις
530 2034 698 2111 βαςιλικαῑς
725 2031 948 2110 ἁπανταχόθεν
976 2033 1032 2097 τάς
1063 2033 1190 2111 βίβλους
1217 2031 1262 2097 εἰς
1284 2034 1373 2097 Ἀλε-

229 2144 396 2221 ξάνδρειαν
418 2142 579 2220 ἤθροιςεν,
606 2143 672 2206 δυςὶ
696 2143 904 2221 βιβλιοθήκαις
926 2142 1043 2206 ταύτας
1066 2142 1216 2218 ἀπέθετο,
1241 2142 1290 2206 ὼν
1312 2146 1372 2221 τῆς
1385 2162 1410 2198 10

229 2253 320 2316 ἐκτὸς
348 2255 405 2330 μὲν
431 2252 470 2330 ἦν
499 2253 625 2330 ἀριθμὸς
653 2252 901 2331 τετρακιςμύριαι
927 2252 1069 2331 διςχίλιαι
1091 2252 1284 2329 όκτακόςιαι,
1312 2257 1371 2330 τῆς

222 2364 258 2425 δ’
287 2361 348 2425 ἔςω
383 2364 448 2426 τῶν
482 2360 670 2440 ἀνακτόρων
699 2363 748 2425 καί
776 2362 932 2441 βαςιλείου
960 2362 1078 2441 βίβλων
1107 2364 1164 2440 μέν
1191 2364 1370 2440 ςυμμίκτων

230 2471 360 2551 ἀριθμὸς
382 2472 613 2550 τετταράκοντα
634 2473 797 2551 μυριάδες,
822 2472 936 2535 ἁπλῶν
959 2474 994 2535 δέ
1016 2473 1066 2535 καὶ
1087 2471 1227 2551 ἀμιςγῶν
1250 2473 1371 2551 βίβλων

230 2580 378 2659 μυριάδες
409 2580 518 2655 ἐννέα,
553 2580 597 2644 ὡς
627 2580 646 2643 6
678 2583 874 2660 Καλλίμαχος
907 2582 1069 2646 νεανίςκος
1102 2582 1150 2647 ῶν
1181 2585 1236 2659 τῆς
1269 2581 1370 2659 αὐλῆς

231 2691 370 2769 ὑςτέρως
392 2691 470 2767 μετά
491 2691 548 2767 τὴν
571 2690 749 2770 ἀνόρθωςιν
771 2694 847 2755 τοὺς
869 2692 1005 2756 πίνακας
1021 2691 1129 2756 αὐτῶν
1144 2691 1367 2769 ἀπεγράψατο.
1384 2711 1409 2749 υ

231 2801 455 2879 Ἑρατοςθένης
488 2802 523 2864 δὲ
551 2800 570 2863 6
597 2801 763 2879 ἡλικιώτης
800 2801 899 2864 αὐτοῦ
935 2803 1022 2880 παρὰ
1053 2806 1111 2865 τοῦ
1146 2802 1298 2881 βαςιλέως
1331 2802 1370 2864 τό

230 2914 386 2975 τοςοῦτον
416 2910 616 2988 ἐνεπιςτεύθη
645 2912 904 2991 βιβλοφυλάκιον.
969 2912 1063 2975 Ἀλλά
1094 2912 1134 2975 τὰ
1169 2911 1369 2989 Καλλιμάχου

230 3023 279 3084 καὶ
306 3025 365 3083 τοῦ
393 3020 636 3099 Ἐρατοςθένους
664 3022 741 3098 μετά
770 3021 890 3099 βραχύν
916 3041 986 3085 τινα
1015 3022 1136 3100 χρόνον
1160 3021 1290 3096 ἐγένετο
1313 3025 1370 3098 τῆς

230 3134 416 3208 ςυναγωγῆς
444 3135 510 3194 τῶν
539 3130 672 3209 βίβλων,
700 3131 745 3193 ὡς
773 3130 874 3210 ἔφην,
902 3130 952 3193 καλ
974 3132 1188 3209 διορθῶςεως,
1217 3131 1275 3195 κάν
1303 3133 1371 3208 μετ’

230 3242 330 3305 αὐτοῦ
365 3243 424 3304 τοῦ
460 3240 663 3318 Πτολεμαίου
699 3237 760 3304 ’τοῦ
799 3241 1014 3319 Φιλαδέλφου.
1082 3240 1163 3305 Τότε
1200 3243 1235 3304 δὲ
1275 3259 1409 3318 (nvn-20

230 3351 425 3430 θροιςμένων
454 3349 587 3414 ἁπαςῶν
615 3354 680 3414 τῶν
713 3350 831 3429 βίβλων
858 3353 924 3414 τῶν
952 3351 1143 3429 Ἑλληνίδων
1177 3351 1226 3413 καὶ
1254 3351 1371 3414 ἔθνους

230 3461 350 3525 παντὸς
387 3461 436 3523 καὶ
472 3460 529 3522 ςὺν
567 3460 675 3524 αὐταῖς
711 3464 778 3524 τῶν
814 3460 983 3539 Ἑβραίων,
1020 3460 1141 3525 ἐκεῖνος
1178 3460 1197 3523 ὁ
1234 3459 1371 3539 ἀφειδὴς

231 3571 388 3649 βαςιλεὺς,
422 3569 470 3633 ὢν
503 3571 646 3647 ποταμὸς
678 3570 871 3649 χρυςορόας,
905 3569 974 3633 ἀλλ’
1002 3569 1206 3648 ἑπταςτόμως
1233 3570 1370 3648 ἐκρέων,

229 3682 285 3743 τὰς
318 3680 443 3743 ἐθνικὰς
480 3680 536 3757 μὲν
576 3678 791 3757 δμογλώςςοις
828 3680 961 3745 ἐκείνων
999 3679 1130 3759 ἀνδράςι
1167 3683 1282 3760 ςοφοίς
1320 3682 1370 3743 καί

230 3789 365 3869 ἀκριβῶς
388 3789 602 3867 ἑλληνίζουςιν
624 3788 669 3854 είς
692 3811 726 3853 τε
746 3792 876 3868 γραφὴν
898 3789 981 3867 όμοῦ
996 3791 1045 3852 καὶ
1066 3792 1211 3865 γλῶςςαν
1233 3790 1371 3854 Ἑλλάδα
1384 3817 1410 3855 τι

230 3900 435 3980 μετήμειψεν,
472 3900 517 3963 ῶς
539 3901 588 3963 καὶ
616 3901 672 3964 τάς
697 3901 861 3979 Ἑβραῑδας
888 3902 926 3963 δι’
948 3900 1166 3979 ἑβδομήκοντα
1192 3899 1252 3963 δύο
1275 3899 1370 3978 ἑρμη-

297 4179 338 4225 30.
358 4173 449 4236 βίβλος
473 4172 676 4240 άριςτοφάνους
699 4172 813 4240 τῑέτῑην
834 4174 966 4240 φορέους’
987 4170 1142 4238 ὑποφήτην
1160 4184 1228 4224 aser.
1249 4184 1324 4224 man.
1346 4177 1370 4225 ⁶2.

232 4269 270 4315 11.
284 4266 439 4317 οκτακόςιοι
453 4265 513 4316 cod.
562 4272 600 4318 12.
615 4272 757 4333 ςυμμικῶν
770 4266 829 4319 οοά.
852 4265 983 4318 Ροτίπιιοο
995 4263 1167 4333 probabilius
1179 4263 1266 4317 fuerit
1275 4280 1371 4331 ςυμμι-

230 4361 297 4421 γῶν.
371 4361 409 4407 16.
428 4358 457 4407 δέ
476 4374 528 4408 om.
550 4358 608 4409 οοά.
682 4365 719 4411 19.
741 4360 809 4431 μρτῚ
829 4359 844 4410 l.
865 4360 921 4410 ἐπ’.
991 4365 1030 4410 21.
1051 4355 1268 4411 ἀπάντωνοοά.
