2970 4996
336 320 373 366 rs
396 320 530 368 surrnu
554 321 636 367 nov.
660 322 795 371 nunnus
818 306 1008 370 roc-261..
1190 309 1252 372 373

197 470 349 554 Superest
371 477 406 536 ut
427 473 634 556 gravissimas
656 461 766 537 turbas
789 475 815 538 si
838 475 994 558 possimus
1014 498 1250 559 componamus,

109 581 226 664 quibus
252 585 409 667 extremos
432 604 540 646 versus
568 587 600 646 et
628 584 815 648 intumuisse
838 589 871 648 et
897 584 1022 649 dehisse
1047 589 1169 650 certum
1191 590 1249 651 est.

109 689 172 765 Qui
196 713 267 754 cum
289 692 386 776 vulgo
408 693 489 756 tales
511 693 709 777 legerentur:

315 847 418 924 θήεειν
440 847 594 924 τρόπαια,
617 848 780 925 πολεμίων
803 851 836 911 δ’
859 849 1026 927 ἐεθήμοτα,

314 956 443 1037 λάφυρα
466 958 567 1020 δαίων
591 957 802 1036 δουρίπληχθ’
825 959 936 1033 ἁγνοί(
958 959 1079 1037 δόμοιο,

109 1138 149 1180 ex
177 1115 377 1199 paucissimis
407 1117 583 1200 codicibus,
612 1119 666 1182 sed
694 1118 779 1181 inter
801 1140 854 1182 eos
876 1117 1037 1202 Mediceo,
1072 1121 1104 1183 hi
1126 1121 1249 1204 prodia-

107 1230 201 1308 runt,
226 1248 303 1310 quos
326 1248 364 1291 ex
386 1227 455 1311 ipso
477 1227 621 1292 Mediceo
642 1228 853 1312 transcriptos
876 1228 917 1291 ab
933 1229 1052 1293 Ottone
1072 1229 1250 1294 Ribbeckio

107 1339 221 1400 nostro
243 1336 328 1400 infra
350 1338 527 1421 posuimus:
621 1405 625 1414 ,

964 1441 1001 1476 Τα

313 1492 416 1569 θήεειν
437 1491 583 1571 τρόπαια.
605 1490 770 1569 πολεμίων
792 1494 824 1555 δ’
848 1493 1004 1570 recensa·

312 1669 442 1749 λάφυρα
464 1671 573 1735 δαίων.
596 1669 807 1749 δουρίπληχθ’
829 1671 940 1771 ἁγνοῖς
961 1669 1071 1748 δόμοι(

313 1849 419 1926 (πέψω
441 1849 505 1925 πρὸ
527 1851 616 1912 νοῶν
638 1847 802 1925 πολεμίων
825 1797 858 1912 d'
882 1848 1046 1926 ἐεθήματο.

106 2008 163 2071 ubi
197 2011 231 2072 et
262 2029 300 2072 τα
332 2029 424 2074 versu
455 2007 558 2092 primo
565 2058 574 2090 ‚
609 2010 642 2071 et
673 2008 769 2072 tertio
800 2031 818 2072 τ
850 1999 1003 2071 secunda
1022 2030 1120 2072 manu
1153 2030 1249 2092 supra
1267 2024 1297 2072 lx

107 2117 262 2201 seriptum
278 2122 327 2181 est
342 2118 384 2181 ab
399 2117 570 2201 eademque
585 2120 620 2182 θ’
636 2117 795 2182 adiectum
814 2118 849 2181 in
865 2119 1093 2199 δουρίπληχθ’;
1114 2117 1248 2183 disiecta

106 2230 215 2291 autern
242 2228 384 2292 membra
411 2230 477 2292 sive
506 2231 619 2311 poetae
647 2228 713 2292 sive
741 2228 925 2311 interpretis
955 2228 1003 2291 vel
1032 2228 1248 2311 interpunctio

105 2336 215 2420 prodit
235 2338 324 2401 facta
346 2341 419 2421 post
445 2339 595 2420 τρόπαια,
624 2342 697 2421 post
723 2340 883 2420 ἐεθήμαει,
912 2341 986 2421 post
1007 2322 1132 2403 δαίων.Ι
1161 2337 1248 2402 Hinc

106 2447 207 2531 igitur
229 2448 312 2531 quod
334 2446 538 2511 Hermannus
562 2448 666 2512 effecit
688 2448 729 2512 ab
757 2448 850 2511 initio
873 2472 892 2511 a
915 2447 1007 2511 nobis
1035 2448 1248 2531 perscriptum

105 2558 161 2640 qui
189 2557 315 2640 placere
341 2558 404 2641 ipsi
430 2556 569 2641 potuerit
596 2579 692 2641 aegre
720 2580 903 2642 assequare:
931 2562 999 2620 tam
1026 2556 1152 2622 insuavi
1175 2579 1247 2622 con-

105 2666 252 2731 struendi
284 2667 400 2731 duritie
429 2690 467 2731 ex
494 2668 623 2751 obliqua
651 2667 794 2732 oratione
829 2669 864 2731 iu
891 2671 1012 2732 rectam
1045 2669 1201 2732 transitur
1229 2691 1247 2730 a

105 2781 212 2858 θήεειν
226 2777 386 2841 infinitivo
401 2776 441 2840 ad
457 2779 581 2859 (πέψω,
604 2799 662 2861 pro
685 2799 746 2861 quo
767 2781 877 2842 tamen
899 2778 933 2842 in
955 2780 1105 2861 promptu
1120 2759 1247 2857 (τέρπειν

105 2892 193 2952 erat:
216 2888 353 2972 reliquas
371 2888 561 2951 offensiones
584 2908 625 2951 ne
648 2887 797 2951 iteremus
820 2891 916 2951 antea
938 2888 1017 2951 satis
1040 2887 1244 2968 disceptatas.

104 2997 180 3062 Nisi
202 2998 284 3082 quod
305 2997 470 3080 praeclaro
492 3018 569 3061 sane
591 2998 747 3062 acumine
760 2999 951 3077 δουρίπηχθ’
976 3018 993 3060 e
1016 2995 1109 3060 nihili
1130 3017 1247 3059 memo-

105 3109 156 3171 ria
179 3107 332 3171 librorum
349 3107 433 3171 eruit
454 3128 511 3191 pro
528 3128 565 3170 eo
580 3107 663 3190 quod
678 3106 838 3171 Porsonus
852 3107 887 3170 in
902 3105 1065 3189 Euripidis
1080 3105 1246 3169 Hecubam

104 3241 138 3282 v.
154 3218 218 3282 482
239 3220 448 3300 proposuerat
469 3219 676 3297 δουρίληφθ’.
716 3216 824 3280 Vnum
848 3220 954 3279 autem
976 3216 1024 3278 illi
1045 3215 1158 3278 vitium
1180 3237 1245 3278 non

102 3331 234 3392 tantum
257 3348 328 3391 cum
351 3326 509 3391 Guilelmo
531 3326 697 3390 Dindorfio
720 3347 886 3389 commune
909 3328 972 3406 est,
1003 3324 1090 3388 cuius
1112 3325 1246 3407 scriptu-

102 3461 177 3503 ram
199 3458 294 3520 supra
317 3437 560 3520 perstrinximus
583 3459 614 3520 p.
632 3435 679 3500 VI
704 3433 801 3523 [369]‚
826 3435 882 3498 sed
904 3435 1001 3498 etiam
1018 3456 1090 3497 cum
1105 3433 1246 3497 Roberto

101 3550 239 3634 Engero
265 3550 389 3629 nostro,
418 3547 472 3631 qui
502 3568 584 3610 nova
607 3546 658 3609 via
686 3545 849 3629 ingressus
871 3545 956 3609 hanc
978 3566 1080 3629 nuper
1108 3543 1245 3628 speciem

100 3657 350 3740 Aeschyliorum
372 3657 538 3720 verborum
563 3655 584 3719 l.
609 3678 634 3719 s.
658 3678 684 3719 s.
707 3677 739 3739 p.
763 3656 804 3720 48
828 3654 1076 3719 commendavit:
1194 3672 1196 3675 ’

756 3817 930 3895 ἐπεύχομαι

309 3928 412 4007 θήεειν
435 3927 564 4006 πρόνοια
585 3926 749 4005 πολεμίων
771 3927 928 4005 ἐεθήματο

308 4038 438 4118 λάφυρα
459 4040 548 4120 δᾴων
570 4037 764 4117 δουρίπηχθ’
787 4036 897 4112 ἁγνοί(
919 4035 1037 4113 δόμοιο.

93 4204 141 4269 In
157 4223 222 4282 qua
238 4199 376 4283 primum
390 4198 583 4262 laudandum
600 4200 664 4279 est,
688 4197 770 4281 quod
786 4219 852 4261 non
874 4217 965 4279 posse
987 4194 1065 4258 ferri
1080 4194 1245 4275 τροπαίων

92 4311 271 4380 notionem
293 4309 467 4373 intellexit:
491 4308 625 4372 alterum
647 4306 723 4391 hoc,
750 4306 832 4395 quod
854 4328 951 4372 unam
968 4304 1153 4370 continuam
1176 4324 1245 4367 esse
