2924 4996
476 333 595 381 sunvu
623 331 882 383 scamronmvs.
1188 313 1251 378 467

106 488 235 551 narrari
263 486 359 550 facile
386 486 557 569 persuadet
583 486 736 551 historiae
763 485 851 549 fides.
897 484 1054 569 Spectant
1081 483 1167 548 enim
1195 483 1253 548 illa

108 599 148 662 ad
176 599 295 682 olymp.
322 599 397 679 111,
420 597 456 679 2,
495 619 556 680 quo
589 619 676 661 anno
708 595 748 659 ab
781 595 1033 660 Atheniensibus
1070 594 1132 659 sibi
1166 594 1251 659 tradi

107 709 294 772 Alexander
330 729 403 770 cum
440 707 512 770 aliis
548 706 727 772 oratoribus
763 705 1012 770 Demosthenem
1050 705 1161 783 iussit,
1198 705 1253 790 qui

104 822 233 885 mortuo
253 817 404 902 Philippo
432 817 595 881 exsultans
618 817 831 881 defectionem
857 816 1009 880 suasisset
1035 815 1190 900 huiusque
1217 816 1252 880 in

107 930 345 993 adulescentem
375 949 589 992 successorem
617 949 689 991 cum
717 927 781 991 alia
804 926 944 991 convitia
968 926 1156 990 coniecisset
1183 927 1252 989 tum

108 1039 318 1122 contemptim
341 1061 412 1103 eum
436 1039 597 1119 Μαργίτης
626 1038 756 1102 nomine
778 1040 937 1102 notasset:
967 1036 1102 1100 testibus
1125 1035 1252 1120 quidem

107 1149 280 1213 Plutarcho
302 1150 336 1213 in
358 1150 426 1213 vita
449 1148 541 1212 Dein.
567 1169 593 1212 c.
610 1148 651 1212 23
674 1151 707 1211 et
729 1147 890 1212 Aeschine
912 1146 984 1212 adv.
1010 1145 1252 1229 Ctesiphontem

106 1264 127 1340 ξ
153 1260 214 1323 160
242 1282 273 1343 p.
297 1258 359 1324 547
383 1258 423 1323 R.
468 1258 725 1323 Reconciliatum
752 1257 972 1322 Alexandrum
999 1256 1191 1320 Plutarchus
1219 1260 1252 1320 et

105 1369 264 1433 Diodorus
292 1369 403 1452 XVII,
430 1370 469 1434 16
497 1392 516 1433 a
539 1368 681 1433 Demade
710 1367 928 1450 tradidenmt,
962 1371 1108 1432 tacentes
1136 1367 1184 1431 illi
1212 1366 1251 1431 de

106 1480 290 1562 Aristione3
327 1479 382 1543 sed
417 1479 510 1544 huius
546 1480 645 1563 ipsius
683 1501 753 1543 cum
789 1478 839 1543 his
876 1478 1015 1564 negotiis
1052 1478 1249 1561 societatem,

106 1611 299 1673 quamquam
336 1590 464 1653 silentio
500 1588 774 1673 Hephaestionem
810 1589 1086 1672 praetermittens,
1125 1589 1250 1672 copiose

105 1699 283 1764 Aeschines
306 1699 405 1781 §162
430 1703 615 1783 persecutus
638 1703 696 1763 est.
709 1700 740 1786 ²⁸)
791 1698 856 1762 Eas
878 1699 979 1784 igitur
1000 1719 1052 1762 res
1073 1702 1145 1762 uter
1166 1698 1250 1762 Mar-

66 1865 71 1871 ,
104 1790 178 1893 syas
201 1810 256 1873 ubi
278 1810 429 1874 tractarit
450 1811 623 1895 quaeritur.
668 1808 780 1892 Neque
803 1812 910 1874 autem
933 1830 1042 1873 earum
1063 1808 1250 1873 memoriam

103 1918 321 2003 Harpocratio
342 1924 449 2005 potest
470 1921 534 1985 nisi
557 1923 613 1984 aut
634 1941 672 1983 ex
690 1919 811 1984 Pellaei
834 1923 890 1983 aut
904 1940 943 1983 ex
957 1919 1176 2005 Philippensis
1193 1923 1249 1984 aut

103 2051 144 2093 ex
167 2030 310 2094 neutrius
332 2030 548 2095 Macedonicis
571 2030 725 2094 hausisse.
771 2030 872 2114 Atqui
894 2029 1040 2094 Pellaeus
1070 2030 1152 2094 libro
1179 2052 1248 2115 sep-

101 2140 184 2203 timo
205 2141 392 2205 versabatur
413 2141 448 2205 in
463 2141 661 2225 temporibus
676 2140 877 2224 Philippicis.
916 2138 1035 2215 Quodsi
1058 2141 1249 2227 largiremur

101 2250 140 2314 in
161 2249 202 2314 fr.
226 2250 273 2315 Vl
302 2252 419 2336 ἑβδόμῃ
449 2254 633 2335 corruptum
660 2250 749 2315 velut
770 2271 787 2314 e
809 2254 934 2336 πέμπτῃ
964 2272 1048 2334 esse,
1077 2274 1156 2315 num
1185 2252 1248 2316 cui-

101 2381 200 2444 quam
223 2360 372 2425 credibile
394 2361 555 2426 videretur
577 2363 716 2447 quinque
738 2360 831 2424 libris
854 2362 977 2447 aliquot
999 2363 1126 2426 saecula
1148 2362 1296 2427 histo-11

100 2470 173 2534 riae
195 2470 421 2537 Macedonicae
443 2472 478 2535 in
500 2472 608 2556 eisque
630 2472 792 2557 integram
813 2471 956 2557 Philippi
979 2475 1134 2556 aetatem,
1159 2473 1249 2557 quin·

100 2602 165 2664 que
196 2583 303 2645 autem
333 2585 366 2645 et
395 2582 478 2666 quod
513 2581 653 2646 excurrit
688 2581 760 2646 aliis
797 2583 941 2667 singulos
974 2582 1113 2667 quinque
1147 2605 1249 2647 annos

79 2674 83 2680 ⁸
104 2689 282 2754 Alexandri
302 2691 402 2756 fuisse
424 2691 693 2776 comprehensos?
725 2690 925 2777 Quamquam
946 2713 988 2756 ne
1002 2693 1107 2776 potuit
1122 2692 1248 2778 quidem

99 2800 170 2864 ullo
196 2800 290 2865 modo
311 2802 397 2885 fieri,
426 2806 463 2866 ut
483 2825 565 2887 quae
587 2805 621 2866 et
642 2805 750 2866 essent
775 2805 808 2866 et
828 2802 1080 2867 inscriberentur
1101 2802 1247 2867 Macedo-

98 2910 196 2993 nica,
220 2911 331 2976 eadem
351 2915 391 2978 τὰ
412 2915 484 2993 περὶ
506 2915 717 2992 Ἀλέξανδρον
740 2913 938 2996 dicerentur,
962 2912 1025 2976 nisi
1047 2913 1093 2976 sic
1115 2915 1151 2976 ut
1171 2934 1247 2996 pars

97 3023 232 3084 tantum
253 3021 380 3086 illorum
402 3043 439 3086 ea
461 3022 708 3108 significaretur,
733 3043 814 3107 quae
837 3022 878 3086 ad
900 3023 1005 3106 ipsum
1026 3022 1247 3086 Alexandrum

97 3129 289 3215 pertineret.
333 3130 379 3195 Vt
399 3131 500 3216 igitur
522 3132 670 3217 quintum
695 3132 812 3196 librum
843 3138 911 3199 τῶν
936 3135 1009 3213 περὶ
1034 3133 1246 3213 Ἀλέξανδρον

97 3245 226 3305 statuas
248 3240 405 3305 decimum
418 3242 516 3306 fuisse
531 3242 778 3326 Macedonicon,
802 3243 934 3326 numqui
954 3243 1059 3327 magis
1083 3241 1244 3326 credibile,

97 3353 255 3435 quattuor
275 3351 365 3417 libris
387 3375 501 3436 unum,
525 3374 589 3417 uno
605 3356 712 3417 autem
727 3355 877 3437 quattuor
892 3373 993 3415 annos
1008 3351 1246 3436 pertractatos‘?

95 3459 203 3524 Misso
236 3460 336 3545 igitur
370 3461 498 3527 Pellaeo
533 3462 630 3527 facile
665 3462 823 3546 quispiam
861 3461 999 3526 coniciet
1029 3461 1245 3546 Philippensis

95 3569 269 3652 scriptoris
292 3571 358 3635 sive
379 3574 483 3635 totum
505 3594 584 3658 opus
607 3574 673 3637 sive
694 3574 815 3657 primos
842 3572 941 3636 libros
966 3570 1133 3635 minimum
1154 3571 1244 3655 quin-

93 3700 164 3765 que
186 3680 292 3743 vocari
313 3682 353 3746 τὰ
368 3683 439 3764 περὶ
453 3683 664 3763 Ἀλέξανδρον
687 3682 936 3747 accommodius
959 3703 1061 3765 posse,
1085 3680 1168 3766 quod
1190 3681 1244 3746 ille

91 3788 267 3873 superiora
293 3789 504 3857 Macedonum
534 3795 680 3876 tempora
707 3813 749 3857 ne
777 3792 924 3878 attigerit
954 3792 1090 3876 quidem.
1144 3792 1245 3875 Atqui

89 3900 187 3965 idem
209 3920 258 3963 res
281 3900 321 3964 ad
343 3907 491 3986 quartum
513 3924 634 3967 annum
655 3902 741 3966 illius
764 3901 954 3987 olympiadis
978 3903 1037 3965 111
1060 3900 1244 3965 referendas

87 4013 167 4076 iam
194 4008 276 4073 libro
304 4011 408 4094 primo
435 4015 634 4078 tractaverat
655 4011 782 4098 (an).
827 4012 966 4077 Rursum
993 4015 1100 4075 autem
1127 4010 1243 4095 largia-

166 4264 193 4332 *)
217 4263 350 4332 [Alteram
368 4262 490 4333 aliquam
506 4263 678 4334 legationem
695 4244 881 4335 posteriorem
899 4263 1080 4320 coniectando
1099 4264 1244 4320 substitit

81 4361 123 4416 Η.
142 4355 288 4425 Sauppius
305 4357 444 4427 Philologi
460 4360 480 4412 t.
495 4358 534 4411 III
551 4376 578 4427 p.
593 4364 655 4413 647:
674 4358 709 4413 de
722 4375 777 4426 qua
794 4358 862 4412 nihil
879 4358 1029 4414 memoriae
1047 4357 1208 4427 proditum]

975 4445 1041 4510 30*
