3008 5002
546 350 582 395 ιιι
605 350 889 398 aars'roruaunu.
1225 334 1286 398 231

233 502 295 569 Sed
317 502 351 565 in
374 501 424 565 his
446 501 572 585 quidem
594 502 699 566 minor
724 505 772 566 est
798 524 986 587 graecorum
1009 526 1028 566 a
1050 503 1160 567 latinis
1182 503 1287 567 verbis
1305 520 1353 569 251

148 612 337 677 differentia.
383 612 488 696 Magis
517 613 602 675 enim
629 612 782 677 recedunt
808 634 845 676 ea
873 635 953 696 quae
982 613 1022 676 ad
1045 612 1233 677 Callimachi
1256 617 1288 677 et

148 723 372 788 Eratosthenis
388 723 487 786 vitam
509 723 690 805 spectantia
712 722 818 805 posuit
832 722 959 787 Tzetza.
997 723 1045 786 De
1068 724 1181 806 quibus
1203 724 1288 788 hanc

147 834 209 897 sibi
236 833 331 897 finxit
357 833 567 915 sententiam,
596 832 686 896 libris
710 856 728 896 a
751 832 928 915 Zenodoto,
960 833 1160 916 Alexandro,
1189 833 1287 916 Lyco·

147 945 269 1027 phrone
292 943 459 1007 recensitis
482 947 514 1006 et
544 943 578 1006 in
601 964 673 1006 eum
700 944 753 1026 qui
775 943 942 1007 videbatur
964 943 1109 1007 ordinem
1137 943 1285 1026 redactis,

147 1053 380 1119 Callimachum
407 1056 502 1137 atque
524 1052 787 1134 Eratosthenem,
817 1053 870 1137 qui
899 1054 1028 1117 iuvenes
1056 1057 1133 1117 tunc
1155 1053 1190 1117 in
1213 1054 1287 1116 aula

146 1164 237 1248 regia
252 1167 472 1244 versarentur,
497 1185 569 1227 suas
585 1163 760 1246 suscepisse
783 1163 981 1246 provincias,
1006 1164 1087 1227 alter
1107 1167 1143 1227 ut
1165 1164 1286 1227 indices

145 1274 298 1337 librorum
322 1277 541 1358 componeret,
572 1274 654 1337 altu
680 1277 716 1336 ut
744 1273 957 1337 bibliothecae
985 1278 1157 1357 praeesset.
1202 1274 1287 1337 Nam

145 1383 229 1467 quod
240 1383 488 1448 Eratosthenem
504 1406 627 1467 quoque
642 1384 677 1447 in
691 1384 781 1447 libris
793 1383 996 1448 recensendis
1011 1385 1113 1448 tribus
1128 1405 1286 1469 gramma-

145 1493 219 1557 ticis
234 1494 363 1557 affuisse
385 1493 509 1557 dixerat
530 1494 565 1557 in
588 1493 693 1577 priore
708 1494 885 1577 prooemi0,
909 1495 1090 1577 improbare
1105 1494 1230 1558 videtur
1251 1495 1286 1558 in

145 1603 247 1668 altero
269 1603 352 1669 ἀλλὰ
373 1605 412 1667 τὰ
433 1606 491 1683 μὲν
509 1605 709 1683 Καλλιμάχου
725 1625 792 1687 sqq.
832 1603 896 1668 Vir
911 1605 1016 1668 minus
1039 1605 1184 1668 fabulosa
1206 1605 1286 1670 haec

144 1713 249 1795 dicas,
284 1735 380 1796 quam
407 1735 487 1797 quae
515 1714 553 1777 de
583 1713 694 1778 eodem
726 1718 915 1798 argumento
948 1715 1120 1778 memoriae
1153 1715 1286 1778 tradidit

144 1822 311 1887 Vitruvius
333 1822 396 1886 Vll
423 1824 543 1906 praet,
574 1824 732 1908 castigata
758 1845 778 1887 a
800 1823 951 1889 Clintono
979 1825 1055 1889 fast.
1085 1824 1212 1889 Hellen.
1237 1825 1285 1889 ΠΙ

143 1956 176 2016 p.
200 1933 273 1997 387.
319 1933 444 2016 Duplex
468 1935 553 1997 enim
579 1934 664 1997 inest
686 1955 789 2016 error,
819 1933 956 2017 primum
983 1934 1066 2018 quod
1089 1934 1285 1999 Zenodotum

144 2047 221 2107 ante
237 2042 485 2108 Eratosthenem
505 2043 718 2108 bibliothecae
733 2044 909 2127 praefuisse
925 2043 1038 2109 Suidas
1055 2067 1083 2108 v.
1098 2046 1284 2125 Ζηνόδοτος

143 2153 259 2234 refert,
283 2153 398 2217 deinde
420 2154 503 2237 quod
525 2153 755 2218 Eratosthenes
783 2158 865 2217 teste
893 2154 1002 2218 eodem
1025 2154 1122 2220 Suida
1144 2179 1174 2220 v.
1200 2157 1283 2235 Ἐρα-

42 2281 47 2291 ’
143 2265 294 2343 roccone
309 2267 389 2345 tum,
406 2286 477 2328 cum
493 2263 720 2346 Philadelphus
735 2264 962 2328 bibliothecam
978 2265 1138 2348 conderet,
1155 2265 1284 2329 vixdum

143 2377 255 2453 natus,
280 2374 321 2437 ab
343 2373 505 2458 Euergeta
527 2374 652 2437 demum
675 2374 812 2438 Athenis
836 2374 1005 2438 arcessitus
1029 2376 1129 2461 est*).

142 2600 263 2669 cogitari
278 2603 386 2670 potest:
409 2618 464 2668 qua
482 2603 621 2656 sententia
642 2602 716 2656 haud
734 2603 791 2657 seio
809 2621 845 2655 an
867 2603 968 2657 rectius
991 2605 1102 2670 datust,
1125 2603 1199 2671 quod
1223 2605 1284 2658 aliis

94 2736 102 2747 .
141 2693 281 2763 placuisse
300 2693 393 2759 video,
417 2693 566 2761 scribatur,
590 2698 621 2749 ut
639 2695 675 2749 sit
693 2698 732 2750 ὼ(
751 2699 848 2750 ἁπλῶς
868 2698 967 2752 εἰπεῖν.
1002 2696 1127 2764 Denique
1145 2696 1283 2751 ascribam

141 2786 259 2840 Matteri
271 2787 357 2841 verba
370 2787 502 2841 ‘Histoire
521 2787 555 2841 de
573 2788 668 2842 l'ecole
687 2788 889 2842 d’Alexandrie’
902 2792 922 2842 t.
938 2796 949 2841 1
964 2807 991 2858 p.
1006 2795 1054 2844 143
1067 2790 1109 2844 ed.
1123 2796 1150 2842 2:
1181 2790 1283 2844 ‘Notre

141 2880 279 2945 Incounu,
298 2879 345 2947 qui
363 2897 380 2933 a
398 2898 435 2948 pu
454 2880 547 2950 copier
565 2898 599 2933 en
618 2883 662 2934 cet
680 2880 789 2935 endroit
806 2880 976 2948 Callimaque
993 2899 1029 2936 ou
1046 2900 1084 2935 un
1102 2882 1230 2936 scoliastc
1249 2882 1283 2935 de

141 2973 260 3026 l'auteur
283 2972 320 3025 du
337 2972 445 3037 Musde,
468 2990 502 3026 en
521 2975 625 3026 venant
647 2973 716 3027 faire
733 2991 787 3028 une
811 2974 971 3027 distinction
994 2975 1119 3028 formello
1141 2975 1220 3027 entre
1243 2973 1283 3027 les

142 3065 268 3119 volumes
287 3065 413 3134 simples,
437 3067 533 3133 ἀμιγᾶ,
557 3066 696 3120 volumina
714 3066 849 3135 simplicia
867 3069 895 3121 et
914 3067 1036 3135 digesta,
1056 3069 1085 3120 et
1101 3067 1141 3119 les
1159 3066 1283 3120 volumes

141 3158 319 3224 commixtas,
354 3164 484 3225 (υμμιγᾶ,
520 3158 624 3214 semble
657 3159 800 3228 expliquer
828 3161 854 3214 le
884 3163 973 3214 tarme
1003 3160 1037 3214 de
1072 3158 1160 3224 βιβλία
1189 3161 1284 3213 tutto

141 3252 309 3320 qu'emploie
327 3252 492 3319 Plutarque,
515 3252 584 3305 dans
606 3253 632 3306 le
654 3270 717 3306 sens
740 3253 904 3320 d'ouvragcs
928 3254 997 3306 dont
1019 3253 1045 3305 le
1069 3250 1285 3320 depouillement

140 3346 188 3398 est
205 3344 267 3409 fait,
286 3344 355 3398 dont
371 3344 522 3413 l'integrite
540 3347 570 3398 et
587 3344 787 3399 l'authenticite
807 3349 870 3399 sont
887 3347 1022 3410 amttam,
1046 3345 1116 3398 dont
1131 3344 1224 3397 toutes
1242 3344 1283 3398 les

138 3438 235 3506 pieoes
253 3439 424 3492 faussement
442 3438 595 3492 attribuees
614 3441 630 3491 t
648 3438 764 3492 l'auteur
783 3440 832 3492 out
850 3440 894 3492 e‘te
912 3440 1035 3492 dcarte'es
1057 3454 1109 3506 par
1131 3437 1171 3490 les
1190 3435 1283 3490 Chori-

139 3533 253 3593 aontes‚
272 3548 306 3584 en
324 3548 362 3583 un
375 3534 445 3596 mot,
466 3531 512 3597 qui
525 3534 575 3585 ont
591 3534 674 3600 passe'
688 3549 734 3584 sur
750 3531 779 3584 la
796 3530 968 3600 planehette‚
988 3532 1035 3596 ori,
1054 3530 1165 3583 suivant
1177 3529 1284 3596 Galien,

140 3642 179 3677 on
199 3623 328 3691 deposaIt
349 3624 389 3677 les
408 3641 544 3692 ouvrages
562 3623 703 3679 examines
727 3628 756 3678 et
778 3624 848 3678 dont
864 3624 937 3677 enfin
960 3641 996 3678 on
1016 3641 1051 3677 ne
1076 3621 1211 3691 comptait
1232 3641 1282 3692 pas

140 3717 183 3770 les
201 3716 338 3769 doubles.’
375 3716 556 3785 Opinionibus
574 3717 664 3786 magis
683 3734 767 3784 quam
785 3716 957 3786 argumentis
980 3717 1062 3780 haec,
1085 3715 1156 3769 sicut
1176 3714 1283 3783 reliqua

140 3826 215 3876 quae
235 3808 269 3862 de
288 3809 341 3863 hoo
357 3813 523 3876 argumento
541 3809 616 3863 idem
635 3809 753 3879 scriptor
771 3813 944 3864 commentus
962 3811 1019 3874 est,
1036 3808 1169 3862 nituntur.

205 3902 230 3967 *λ
239 3901 302 3955 Non
312 3904 373 3954 erat
383 3918 430 3954 cur
441 3901 521 3956 huius
533 3902 700 3957 narrationis
713 3903 796 3956 fidem
806 3903 929 3957 elevaret
937 3901 1131 3968 Bernhardyus
1140 3901 1280 3955 Eratosth.

139 4014 167 4064 p.
189 3993 365 4058 villeras,
387 3998 538 4063 propterea
559 3995 634 4062 quod
651 4014 702 4064 per
719 3996 803 4049 breve
823 3998 933 4049 tantum
956 3997 1066 4063 tempus
1084 3994 1282 4048 Eratosthenes

139 4087 260 4141 athenis
285 4090 471 4141 commoratus
494 4090 576 4141 esset.
615 4089 687 4142 Nam
710 4089 784 4155 quod
808 4088 887 4141 huius
911 4088 1066 4142 sententiae
1088 4088 1282 4156 argumentum

137 4180 249 4249 posuit,
267 4179 446 4234 Polemonem
464 4180 566 4234 librum
585 4185 648 4248 περὶ
667 4187 718 4248 τῆ(
733 4183 879 4248 Ἀθήνηειν
899 4181 1109 4248 Ἐρατοιθένου(
1128 4179 1282 4246 ἀποδημία(

137 4272 309 4340 inscriptum
328 4272 514 4340 composuisse
534 4273 628 4338 (schol.
648 4273 788 4341 Aristoph.
807 4275 856 4327 Av.
878 4277 926 4340 11),
945 4291 999 4340 quo
1018 4291 1081 4327 eum
1099 4272 1209 4326 omnino
1226 4290 1282 4326 non

138 4364 227 4419 scrisse
246 4363 276 4416 in
295 4363 343 4417 illa
361 4364 428 4419 urbe
447 4365 606 4420 ostenderet
625 4369 668 4433 (cf.
689 4365 790 4420 Strabo
808 4367 820 4419 I
838 4384 865 4435 p.
886 4371 937 4435 15),
954 4366 983 4419 id
1005 4366 1046 4419 ita
1067 4364 1159 4434 potius
1181 4364 1282 4419 intelli-
