2896 4996
240 322 301 386 968
338 304 348 321 ’
624 340 672 386 nn
696 338 765 386 ono
788 338 832 384 nr
855 336 997 386 oruona.

240 494 394 578 gurnenta
417 493 584 575 petantur,
613 513 694 576 quae
722 513 787 555 non
809 491 911 555 libera
939 493 1015 554 sunt
1036 491 1255 576 dubitatione,
1285 493 1377 556 subsi-

241 602 389 666 stendum
416 602 450 665 in
472 602 613 685 priorum
636 601 815 665 litterarum
843 601 947 687 priore
970 623 1094 685 quoque
1122 623 1237 666 vocum
1262 603 1377 684 ordine,

241 713 451 801 posteriorum
473 717 580 776 autem
602 712 647 776 eis
670 712 815 795 vocibus,
839 734 917 795 quas
940 712 974 774 in
996 711 1134 776 Eudemi
1156 712 1260 777 lexico
1281 713 1378 777 rheto

241 824 308 887 rico
339 823 405 909 legi
433 820 570 886 Bekkeri
599 822 639 886 ad
668 823 862 902 (υναγωγήν
897 822 1064 886 adnotatio
1095 826 1244 887 testetur.
1295 822 1377 888 Haec

242 937 349 997 autem
371 956 452 1018 quae
476 937 562 998 certa
585 938 674 1015 sunt,
710 934 861 1017 quoniam
888 955 952 996 una
977 956 1048 998 cum
1070 933 1243 1017 Excerptis
1265 933 1378 997 Vindo

241 1044 437 1107 bonensibus
460 1044 544 1127 apud
571 1043 730 1108 Suidam
759 1047 874 1107 cuneta
902 1047 1046 1125 exstant,
1082 1044 1289 1128 consequitur
1319 1065 1377 1107 non

242 1156 283 1218 ab
311 1154 397 1217 omni
424 1157 516 1238 parte
544 1175 654 1218 verum
676 1176 744 1218 esse
766 1154 973 1218 Valckenarii
1001 1154 1039 1217 de
1068 1159 1176 1219 Indice
1202 1161 1377 1234 comptorum

241 1268 356 1328 Suidac
381 1271 521 1344 praefixo
543 1264 710 1348 iudicium,
739 1263 789 1327 1115
812 1264 973 1348 proditum
996 1264 1206 1328 adnotatione
1228 1265 1263 1328 in
1285 1263 1377 1328 Theo·

197 1440 200 1445 ,
243 1374 314 1438 criti
337 1374 493 1438 Adoniaz.
517 1396 548 1457 p.
571 1374 632 1439 297
656 1381 697 1438 A:
735 1386 783 1455 ut,
814 1381 888 1454 quid
913 1381 1055 1453 sentiam,
1083 1382 1199 1454 paucis
1221 1381 1375 1453 declarem,

241 1491 367 1549 Surdum
396 1506 451 1563 eqo
479 1491 597 1563 quidem
626 1492 726 1550 iudico
752 1492 868 1550 nullm
895 1491 1004 1549 vidisse
1025 1489 1223 1562 Lexicorum,
1254 1506 1332 1564 quae
1350 1493 1377 1548 in

238 1600 345 1671 fronte
371 1601 444 1659 libri
469 1608 682 1659 memorantur.
728 1595 786 1661 Oui
818 1596 916 1659 affine
944 1599 1008 1678 est,
1042 1593 1125 1678 quod
1157 1593 1316 1678 Hesycbii
1341 1599 1378 1656 cd

242 1708 400 1783 Eulopium
422 1712 581 1785 epistolam
603 1728 668 1770 una
692 1728 763 1770 cum
784 1705 942 1790 Appionis
966 1709 998 1768 et
1012 1704 1179 1769 Heliodori
1202 1705 1376 1768 nominibus

243 1816 283 1877 ab
306 1814 446 1879 eiusdem
475 1816 560 1879 illius
582 1815 789 1880 Valckenarii
814 1815 1035 1879 criminatione
1064 1815 1109 1900 (p.
1133 1815 1198 1879 299
1220 1819 1265 1899 Β)
1287 1815 1375 1893 felici,

242 1929 278 1987 ut
310 1925 390 1988 mihi
422 1947 608 2008 persuasum
642 1930 705 2008 est,
741 1947 888 1990 successu
919 1925 1064 1990 Ranlrius
1097 1924 1286 1989 vindicavit.
1335 1924 1375 1987 De

243 2035 386 2099 Eudemo
429 2041 537 2100 autem
576 2036 659 2120 quod
697 2037 738 2101 ab
772 2036 859 2100 omni
897 2039 989 2120 parte
1027 2039 1148 2099 eertum
1188 2038 1252 2112 est,
1303 2055 1374 2099 novo

243 2146 319 2210 licet
341 2151 530 2231 argumento
553 2150 612 2211 hoc
635 2147 798 2211 declarare
821 2146 920 2233 qnod,
945 2168 1025 2231 quae
1050 2148 1203 2230 quattuor
1228 2166 1374 2229 prover·

192 2276 223 2322 vu
242 2257 307 2320 bia
342 2258 382 2320 ab
410 2256 553 2321 Eudemo
580 2260 721 2322 tractata
750 2280 818 2321 esse
843 2257 982 2321 Michael
1008 2255 1195 2339 Apostolius
1221 2256 1374 2341 significat

242 2389 274 2449 p.
292 2368 343 2472 cfr.
363 2367 432 2432 roe.
458 2370 528 2432 114.
553 2368 615 2433 aaa
631 2390 677 2452 sq.
703 2369 745 2452 [p.
763 2367 836 2432 aaa.
853 2368 926 2432 415.
951 2346 1023 2432 sor.
1049 2367 1110 2430 ric
1133 2365 1183 2430 aa.
1207 2363 1372 2453 causari,

244 2500 281 2540 ea
310 2499 381 2541 cum
408 2478 543 2542 Eudemi
572 2479 775 2543 enarratione
804 2477 923 2562 partim
949 2477 1113 2559 mutilata,
1152 2478 1275 2560 partim
1305 2477 1374 2540 inte

243 2588 349 2672 griore
381 2589 465 2652 idem
503 2588 557 2652 ille
597 2589 737 2672 suscepit
776 2587 890 2653 Suidas
928 2611 958 2651 v.
987 2591 1068 2671 γαλῇ
1110 2589 1226 2669 χιτών,
1263 2588 1374 2664 εὐγενέ-

244 2719 353 2778 crepo(
383 2699 522 2782 Κόδρου,
552 2700 688 2779 Λιβυκὸν
717 2700 845 2779 θηρίον,
879 2699 1075 2779 Φρυνώνδας
1110 2694 1259 2783 [qnorum
1287 2698 1375 2761 altero

244 2812 275 2872 et
301 2811 415 2892 rprarto
443 2832 483 2872 ne
512 2831 630 2873 nomen
656 2808 782 2893 quidem
808 2807 944 2873 Eudemi
972 2807 1194 2896 desideraturl.
1249 2807 1376 2883 Quorum

243 2920 391 2982 ultimum
412 2922 539 2983 tantum
562 2920 693 2983 transiit
714 2921 749 2983 in
766 2920 959 2998 (υναγωγήν
981 2941 1012 3001 p.
1030 2918 1104 2998 499,
1128 2917 1171 2981 29
1195 2916 1328 2982 Bachm.
1342 2954 1377 2966 —

244 3030 305 3094 Sed
337 3030 374 3093 de
409 3030 539 3114 reliquis
572 3034 701 3113 praeter
730 3029 908 3093 Eudemum·
939 3028 1054 3094 Suidae
1086 3028 1234 3091 fontibus
1270 3031 1303 3092 in
1335 3027 1377 3091 ln·

243 3140 312 3204 dice
335 3139 389 3203 illo
412 3139 542 3224 positia,
566 3139 731 3224 Eugenio‚
760 3139 924 3221 Helladio,
948 3138 1089 3220 Zosimo,
1119 3136 1279 3224 Caecilio,
1308 3140 1378 3202 lon·

243 3250 321 3334 gino
348 3250 473 3332 Cassio,
498 3249 641 3333 Luperco
648 3300 657 3333 ‚
691 3249 842 3332 Vestino,
874 3248 994 3313 Pacato
1022 3249 1087 3312 'sive
1113 3247 1269 3333 Irenae0,
1298 3249 1380 3312 Pam·

243 3360 347 3443 philo,
372 3359 516 3424 Pollione
539 3360 614 3444 quid
637 3360 841 3424 statuendum
864 3360 921 3441 sit,
952 3381 1017 3422 non
1039 3361 1145 3442 potest
1167 3360 1234 3423 nisi
1258 3379 1380 3444 operosa

243 3470 515 3554 pervestigatione
543 3470 708 3554 indagari:
751 3492 846 3554 quam
880 3474 989 3533 tamen
1022 3470 1155 3552 propter
1184 3469 1382 3554 Pamphilum

243 3602 310 3644 non
344 3581 482 3644 debebat
509 3580 655 3644 llankius
689 3580 939 3664 perhorrescere.
984 3578 1053 3643 Nec
1082 3582 1160 3642 ante
1184 3581 1382 3645 exanclatum

244 3690 333 3753 illam
360 3712 491 3774 operam
519 3690 659 3755 iudicare
685 3690 764 3754 illud
792 3691 868 3754 licet
895 3689 989 3773 quale
1021 3689 1077 3770 sit,
1114 3689 1201 3771 quod
1232 3712 1251 3753 o
1279 3690 1383 3754 lexico

243 3800 376 3885 graphis
405 3801 445 3863 ab
474 3801 544 3883 ipso
567 3800 664 3865 Suida
692 3801 876 3863 memoratis
903 3800 997 3863 unius
1020 3799 1189 3864 Orionis
1212 3799 1385 3865 lexicuma

230 3888 385 3994 ‘praefixo
407 3911 598 3993 scriptorum
626 3909 731 3973 indice
754 3910 861 3974 abest:
899 3909 937 3973 de
960 3931 1021 3994 quo
1043 3907 1287 3975 Valckenarius
1316 3910 1385 3974 dixit

244 4042 275 4103 p.
299 4019 362 4084 298
385 4025 423 4083 B.
447 4057 490 4069 —
512 4019 676 4083 Postremo
694 4020 855 4084 Eudemus
877 4041 940 4103 qua
962 4021 1067 4082 arctate
1088 4018 1210 4083 vixisse
1235 4022 1385 4098 videatur,

244 4130 356 4193 cavia
379 4130 585 4213 patefaciam,
609 4153 705 4214 quam
727 4154 758 4214 p.
786 4133 821 4194 ll
848 4128 1102 4194 commendatam
1124 4128 1190 4212 ipsi
1214 4131 1286 4196 Oro
1309 4130 1387 4195 adhi-

244 4239 307 4302 bui.
353 4238 458 4324 Igitur
488 4262 560 4303 cum
588 4241 623 4304 in
658 4242 868 4305 excitatorum
896 4239 1154 4304 testimoniorum
1184 4241 1389 4306 multitudine

245 4371 310 4410 non
332 4349 484 4413 mediocri
506 4353 616 4414 tamen
638 4351 807 4415 Aeliano
834 4349 1045 4414 recentiorem
1072 4348 1272 4432 scriptorem
1295 4350 1390 4416 Euda
