2896 4996
225 367 288 429 606
610 381 656 426 ue
680 380 750 428 ono
774 379 983 428 1101110111.

112 586 119 597 .
227 536 348 599 Comm.
378 535 542 617 palaeogr.
566 557 598 616 p.
623 534 701 613 894,
730 533 907 596 subiectum
930 531 1156 615 Etymologieo
1178 532 1330 595 Gudiano
1357 556 1376 594 a

226 668 257 728 p.
282 646 342 708 611
367 645 407 707 ad
429 646 503 727 611,
527 644 651 707 delecta
680 647 807 706 tantum
836 645 980 722 ὀνόματα
1000 647 1116 706 tenens
1144 644 1257 722 ῥήματι
1286 666 1376 725 prae

226 755 398 839 tenuissis,
423 755 613 838 inscriptum
636 760 743 818 autem
766 755 955 835 Ὠρίωνοτ
978 759 1036 818 τοῦ
1055 755 1214 833 Θηβαίους
1238 754 1375 817 alterum

226 888 244 929 e
271 865 356 928 binis
383 866 540 930 Parisinis
573 888 605 929 n.
629 865 715 929 2610
742 868 774 927 et
800 865 863 927 464
891 865 1086 947 descriptum
1119 887 1138 927 a
1164 863 1299 941 Koesio,
1334 866 1375 927 ab

226 977 352 1041 Sturzio
375 978 480 1039 autern
505 974 565 1058 ipsi
589 976 701 1040 Orioni
724 977 868 1039 iunctum
891 998 922 1058 p.
951 976 1130 1056 113-184,
1162 950 1374 1058 hocquidem

227 1088 347 1152 indice:
370 1089 443 1166 περὶ
458 1087 677 1165 ἐτυμολογιῶν
693 1090 772 1152 κατὰ
788 1091 945 1166 ττοιχεῑον
962 1088 997 1150 ἐκ
1017 1093 1083 1151 τῶν
1099 1088 1194 1150 κατὰ
1209 1087 1374 1166 Ὠρίωνα

227 1200 284 1264 τὸν
307 1200 459 1279 Θηβαῖον.
495 1198 544 1260 Ac
568 1198 710 1262 Sturzius
734 1221 803 1262 eum
827 1197 928 1281 praes.
952 1198 986 1260 in
1006 1197 1157 1261 Orionem
1183 1220 1215 1279 p.
1238 1195 1373 1259 lv-t]

226 1330 378 1392 quaerere
400 1330 466 1371 non
489 1309 683 1392 neglexerit,
708 1332 789 1396 quae
809 1308 967 1372 videretur
989 1308 1072 1370 ratio
1094 1308 1223 1370 illorum
1246 1329 1371 1389 excerp

226 1424 331 1483 torum
360 1441 443 1501 esse,
473 1417 633 1482 Koesiana
661 1420 788 1503 quidem
817 1419 1006 1502 pronuntiat
1029 1423 1102 1495 sere
1129 1426 1250 1496 omnia,
1285 1440 1371 1496 quum

226 1538 376 1594 interdum
402 1536 488 1593 nimis
513 1537 623 1608 putida
649 1538 723 1608 sint,
757 1536 863 1595 Orioni
893 1535 1034 1594 Thebano
1061 1551 1123 1593 esse
1149 1536 1327 1609 supponem
1354 1550 1404 1591 e.

226 1640 463 1704 Darmstadinis
486 1644 608 1722 autem,
638 1662 719 1725 quae
749 1641 889 1704 indiculo
911 1640 989 1723 p.V
1011 1640 1116 1723 posito
1144 1640 1255 1703 docuit
1283 1644 1368 1702 nota-

225 1753 329 1815 tiones
352 1751 520 1834 complecti
548 1752 667 1835 partim
691 1752 809 1817 Orione
837 1750 996 1834 pleniores
1024 1751 1143 1833 partim
1172 1751 1259 1833 apud
1282 1747 1367 1812 illum

225 1885 291 1925 non
313 1866 473 1945 repertae,
498 1862 578 1925 nihil
602 1885 635 1925 se
658 1866 912 1947 repugnaturum
934 1861 981 1925 ait
1001 1869 1029 1926 si
1054 1871 1122 1941 qraeis
1146 1865 1270 1927 Orionis
1291 1852 1367 1925 cori
1434 1929 1436 1937 ,

225 1980 512 2052 eeni'supplendum
536 1981 766 2053 sinodumque
787 1979 1014 2037 existimaverit.

310 2083 358 2146 Re
380 2084 566 2167 diligentius
589 2083 772 2147 examinata
794 2084 833 2148 de
855 2087 988 2167 utroque
1010 2086 1234 2165 excerptorum
1253 2103 1366 2166 genere

225 2194 272 2257 sie
295 2193 428 2277 habeto,
459 2199 493 2257 ut
524 2217 652 2258 suarum
674 2197 799 2277 partem
822 2195 1024 2258 notationum
1046 2215 1119 2257 vere
1147 2199 1365 2286 sumptam-ex

226 2306 345 2368 Orione
368 2307 516 2386 teneant,
547 2310 671 2387 partem
700 2310 806 2368 autem
835 2328 872 2368 ex
901 2305 973 2368 aliis
996 2304 1230 2388 Etymologicis
1260 2305 1366 2388 agglu-

225 2416 373 2479 tinatam.
429 2415 473 2479 Et
506 2415 564 2478 has
597 2417 725 2499 quidem
758 2419 884 2479 tantum
921 2439 986 2479 non
1019 2438 1129 2479 omnes
1163 2416 1304 2498 reperies
1335 2415 1366 2476 in

166 2540 207 2605 ⁴23
227 2526 346 2610 Magno
369 2525 605 2609 Etyruologieo:
635 2527 718 2609 quod
741 2527 793 2589 ubi
821 2531 853 2589 te
876 2526 1070 2609 destituerit,
1099 2526 1228 2590 easdem
1256 2546 1365 2610 quaere

172 2720 176 2728 .
226 2636 261 2701 in
284 2636 448 2718 (tiriliano,
479 2637 565 2699 velut
588 2638 730 2717 αἰτχρόε,
760 2636 1364 2719 χολή11111111111111110111111ρ.612,8.

226 2748 298 2828 611,
325 2749 379 2827 19,
408 2747 531 2812 ἄκανθα
559 2747 777 2810 Parisinorum
804 2769 835 2830 p.
864 2748 938 2830 116,
970 2748 1018 2810 16.
1048 2747 1117 2822 Quo
1145 2748 1183 2809 fit
1210 2751 1247 2810 ut
1278 2747 1365 2810 huius

226 2857 310 2920 modi
334 2858 516 2920 notationes
539 2858 694 2940 quaedam
723 2859 757 2921 in
786 2858 927 2942 utrisque
955 2858 996 2921 ad
1019 2858 1160 2922 litteram
1184 2859 1365 2937 concinant,

225 2991 254 3031 v.
280 2991 306 3030 c.
331 2968 452 3046 ἄνηθον
476 2966 616 3031 Darmst.
640 2992 672 3052 p.
696 2969 773 3049 611,
798 2971 834 3051 8,
859 2968 932 3032 Par.
959 2971 1029 3051 116,
1053 2969 1110 3051 23,
1140 2970 1176 3032 in
1199 2969 1271 3032 aliis
1294 2970 1366 3031 alte·

224 3101 293 3141 rarn
322 3082 445 3161 partem
474 3079 649 3141 notationis
676 3079 710 3141 in
740 3078 962 3164 Etymologieo
990 3079 1034 3142 M.
1064 3080 1189 3162 positae
1222 3079 1367 3142 Parisino

225 3188 439 3271 susceperint,
469 3189 697 3251 llarinstadina
724 3189 873 3271 alteram,
902 3194 938 3253 ut
966 3213 996 3253 ν.
1026 3190 1123 3269 ἀετήρ
1150 3212 1183 3272 ρ.
1208 3190 1289 3272 612,
1321 3191 1366 3252 16.

227 3301 303 3380 116,
331 3301 369 3362 14
391 3330 434 3354 :-
456 3299 508 3362 Et.
534 3300 576 3362 111.
604 3300 679 3380 168,
706 3300 757 3364 51.
803 3299 871 3363 Nee
899 3301 1010 3364 lectori
1039 3322 1098 3363 nec
1124 3301 1220 3363 bonis
1251 3300 1367 3364 chartis

224 3432 355 3490 parcere
383 3410 457 3472 nolo
486 3410 637 3492 exemplis
666 3411 892 3494 congerendis,
927 3434 1007 3495 (luae
1041 3411 1076 3473 in
1110 3416 1263 3494 promptu
1297 3414 1369 3476 sunt

225 3523 376 3582 centena:
410 3520 464 3582 sed
498 3521 536 3582 de
568 3542 631 3583 uuo
659 3524 768 3585 tamen
802 3544 959 3604 exponam
992 3522 1148 3604 imprimis
1180 3522 1298 3586 idoneo
1331 3522 1368 3585 od

223 3631 472 3710 persuasionem.
517 3630 556 3692 ln
585 3629 692 3713 Etym.
723 3632 767 3694 M.
791 3655 822 3714 p.
846 3634 903 3714 31,
931 3634 945 3695 1
969 3632 1048 3696 haec
1071 3636 1217 3696 exstant:
1246 3634 1370 3698 Αἰὸοῑα·

165 3778 176 3786 ι
223 3742 311 3818 παρὰ
343 3742 380 3805 τὸ
413 3741 573 3821 αἰδοῦμαι,
605 3746 767 3821 γυμνῶεαι
798 3744 860 3820 γὰρ
894 3745 912 3821 ἢ
944 3743 1099 3820 ὀνομάεαι
1129 3747 1232 3807 ταῦτα
1267 3745 1370 3809 αἰδού-

222 3857 315 3926 μεθα·
344 3853 362 3929 ἢ
392 3853 479 3930 παρὰ
506 3853 542 3916 τὸ
566 3853 758 3918 ἀνοιδαίνειν
787 3853 822 3918 ἐν
845 3859 883 3937 τῇ
911 3855 1059 3934 (υνουτίᾳ
1081 3853 1243 3932 ὀργῶντα.
1290 3856 1370 3920 itur

223 3959 282 4023 οὖν
313 3962 452 4026 Ἰωνικὸν
482 3962 600 4036 αἰδοῖα,
634 3965 682 4026 καὶ
715 3970 818 4046 τροπῇ
846 3968 905 4027 τοῦ
932 3967 951 4031 ὁ
976 3963 1020 4028 εἰ(
1059 3970 1078 4029 ἁ
1104 3962 1219 4029 αἰδοῖα.
1267 3967 1373 4031 οὕτω(

222 4069 347 4147 Ὠρίων,
393 4070 548 4154 Exemplo
571 4072 684 4154 discis,
714 4095 809 4156 quam
831 4074 866 4137 in
888 4074 1027 4157 speeiem
1049 4095 1205 4138 consuere
1228 4075 1373 4140 diversas

221 4178 416 4243 diversorum
440 4182 622 4245 notationes
652 4185 852 4248 consueverit
873 4184 1090 4268 Etymologici
1119 4190 1249 4250 auctor:
1283 4189 1373 4253 Orio

221 4288 271 4350 nis
295 4292 397 4372 enim,
427 4295 462 4354 ut
491 4297 522 4354 et
545 4293 613 4375 ipse
636 4298 773 4358 testatur
800 4318 831 4378 p.
859 4296 908 4375 15,
932 4296 974 4360 25
1002 4298 1035 4357 et
1062 4297 1080 4374 ἤ
1107 4296 1272 4378 particula
1303 4321 1373 4382 pro

220 4398 283 4481 dit,
313 4402 469 4482 posterior
498 4407 625 4466 tantum
653 4404 809 4470 derivatio
843 4409 900 4469 est.
957 4406 1059 4481 Quam
1092 4428 1165 4469 cum
1201 4416 1373 4503 consenta-
