2948 4996
371 319 407 366 ιτι
430 317 565 366 sarran
590 318 670 363 ιον.
694 318 829 366 τίιυιιιυ
852 300 1041 364 roa-261.
1225 300 1286 362 377

146 475 245 552 δὲμὴ
270 473 469 554 φιλοςτόνως
497 473 646 552 ἐπεύχου.
690 471 734 536 Et
755 474 791 535 ut
818 471 938 554 aliquid
966 469 1102 552 exempli
1131 468 1286 550 Indomita,

145 583 213 648 iam
234 583 396 667 integram
418 582 595 646 orationem
617 604 675 667 pro
696 582 781 646 virili
809 586 902 667 parte
924 604 943 646 a
965 580 1058 645 nobis
1080 578 1288 644 reoonoinna·

145 696 215 758 tam
238 693 374 779 aecipite
396 693 522 779 qualem
544 693 630 758 infra
652 693 850 778 scripsimus:

300 831 363 907 ἐγὼ
387 832 421 896 δὲ
444 832 551 911 χώρας
573 835 640 895 τοῖς
661 830 884 910 πολιςςοόχοις
906 832 991 894 θεοῖς

300 942 505 1019 πεδιονόμοις
526 963 561 1007 τε
583 941 722 1023 κάγορᾶς
745 942 937 1016 ἐπιςκόποις,

301 1053 420 1133 Δίρκης
442 1074 476 1117 τε
498 1056 614 1131 πηγαῖς
636 1053 726 1118 ὕδατί
747 1055 779 1117 τ’
802 1054 941 1130 Ἰςμηνοιῖ
964 1051 1059 1127 λέγω,

301 1162 337 1227 εὖ
359 1164 582 1243 ξυντυχόντων
605 1165 654 1228 καῖ
675 1162 1030 1242 πόλεωςςεςωςμένης,
1139 1209 1141 1213 .

300 1275 442 1351 μήλοιςιν
465 1274 622 1352 αἱμάςςων
644 1274 715 1338 τόθ’
738 1269 839 1337 ἑςτῖας
861 1278 946 1337 θεῶν

301 1384 404 1460 θήςειν
427 1387 565 1464 τροπαῖα
586 1385 687 1449 δαῖων
712 1384 876 1462 ἐςθήματα,

303 1495 430 1573 ςτέφων
453 1495 584 1575 λάφυρα
605 1495 794 1574 δουρῖπηχθ’
817 1493 927 1569 ἁγνοῖς
950 1489 1105 1574 δόμοις.*)

300 1609 432 1669 τοιαῦτα
456 1604 548 1687 [τάμὰ
574 1606 800 1683 προςδέχοινθ’
822 1604 999 1682 ὁρκώματα.

302 1716 337 1777 ςύ
360 1716 393 1778 δ’
415 1714 486 1799 οὖν]
510 1716 650 1794 ἐπεύχου
672 1717 713 1793 μὴ
737 1714 939 1795 φιλοςτόνως
961 1715 1056 1787 θεοῖς,

301 1827 376 1901 μηδ’
398 1826 434 1888 ἐν
456 1826 600 1902 ματαίοις
622 1824 760 1904 κάγρίοις
783 1825 1011 1906 πυιφύγμαςιν·

301 1934 341 1998 οὐ
362 1935 422 2013 γάρ
444 1956 472 1999 τι
494 1937 616 2013 μᾶλλον
639 1938 678 2015 μὴ
702 1936 806 2018 φύγῃς
828 1936 865 1999 τό
889 1934 1048 2014 μόρςιμον.

145 2086 209 2150 Vel
232 2086 260 2149 si
281 2088 380 2150 males
401 2087 476 2165 τᾶμ’
503 2089 542 2153 ἂν
571 2090 805 2168 προςδέχοινθ’.
849 2085 937 2161 Quae
965 2106 1036 2149 oum
1064 2085 1105 2148 ab
1131 2083 1182 2147 his
1204 2083 1287 2147 exci-

145 2197 294 2280 piuntrn:

303 2308 367 2383 ἐγὼ
390 2311 423 2372 δ’
445 2309 494 2373 ἔτ’
517 2309 636 2389 ἄνδρας
659 2312 691 2377 ἐξ
713 2311 783 2387 ἐμοὶ
806 2311 862 2374 ςὺν
886 2309 1011 2393 ἑβδόμῳ
1237 2315 1287 2366 ‘265

302 2419 474 2498 ἀντηρέτας
497 2421 633 2499 ἐχθροῖςι
655 2421 713 2484 τὸν
736 2422 835 2497 μέγαν
857 2419 981 2498 τρόπον
1044 2435 1048 2444 ·

301 2529 343 2593 εἰς
366 2530 560 2609 ἑπτατειχεῖς
582 2531 714 2595 ἐξόδους
736 2531 820 2594 τάξω
843 2530 966 2607 μολών,

144 2683 252 2745 eidem
279 2683 314 2746 ςύ
343 2682 534 2765 pronomini,
573 2703 634 2765 quo
667 2682 813 2747 Eteocles
848 2682 887 2745 ad
920 2688 1011 2745 suurn
1042 2681 1121 2745 illud
1154 2681 1218 2755 ἐγὼ
1252 2681 1287 2744 δὲ
1306 2690 1346 2741 xl!

144 2792 258 2872 χώρας
281 2794 343 2856 κτλ.
367 2795 461 2876 atque
484 2793 524 2856 ad
546 2792 628 2871 τάμά
650 2796 849 2877 respexerat,
885 2814 968 2856 nova
999 2790 1200 2875 oppositione
1223 2790 1287 2853 iam

144 2902 293 2966 alterum
314 2903 376 2977 ἐγὼ
400 2905 434 2966 δέ
457 2901 608 2966 refertur:
643 2907 716 2986 ‘ego
739 2906 845 2967 autem
867 2906 1045 2985 praeterea'
1069 2922 1096 2964 e.
1121 2922 1151 2983 q.
1175 2923 1200 2962 s.

144 3043 349 3053 ..-.--——-

214 3114 241 3180 ¹⁸)
261 3113 375 3180 [Horum
393 3112 515 3166 omnium
535 3112 604 3166 nihil
620 3114 785 3168 servandum
803 3130 863 3168 esse
880 3111 1120 3179 Bernhardyus
1142 3111 1212 3163 Hist.
1232 3109 1285 3163 litt.

143 3225 188 3276 gr.
208 3206 243 3267 ΙΙ,
260 3212 275 3258 ἱ)
292 3224 318 3274 p.
342 3211 391 3260 262
415 3206 460 3273 (ed
476 3208 537 3275 alt.)
560 3206 613 3260 sibi
630 3206 768 3275 persuasit
784 3209 898 3275 praeter
911 3205 993 3259 haee:
1014 3206 1082 3270 Ἐγὼ
1097 3206 1127 3258 δέ
1145 3205 1237 3270 χώρας
1256 3234 1286 3242 -

143 3300 320 3363 ἐπιςκόποις,
349 3299 385 3353 Εὖ
409 3302 609 3365 ξυντυχόντων
631 3303 676 3353 καῖ
701 3303 813 3354 πόλεως
835 3301 1019 3365 ςςςωςμένης,
1044 3299 1143 3364 (τέψω
1165 3303 1287 3363 τροπαῖα

143 3392 294 3456 πολεμίων
311 3394 460 3459 ἐςθὴματα,
479 3394 596 3459 Λάφυρα
613 3393 702 3446 δαίων
724 3394 893 3459 δουρῖπηχθ’
911 3394 1007 3457 ἁγνοῖς
1026 3394 1134 3456 δόμοιςε
1167 3407 1223 3443 non
1240 3389 1287 3443 ille

142 3485 270 3539 offensus
299 3486 380 3540 valde
410 3485 543 3554 languida
573 3487 717 3551 πολεμίων
745 3487 774 3539 et
796 3488 874 3554 δᾴων
899 3484 1019 3538 notionis
1046 3483 1221 3553 repetitione.
1255 3515 1287 3522 —

141 3578 255 3633 Maiora
271 3579 383 3633 molitus
402 3578 532 3633 editionis
551 3595 616 3632 auae
635 3597 660 3647 p.
682 3586 715 3633 32
734 3595 774 3645 sq.
789 3578 932 3632 Weilius
950 3595 1047 3632 vereor
1066 3579 1097 3630 ut
1114 3576 1208 3630 multis
1226 3593 1288 3646 per·

142 3689 279 3726 sirasurus
297 3673 340 3726 sit.
377 3673 435 3726 Neo
453 3671 534 3726 aliter
558 3671 592 3726 de
613 3671 700 3724 Maur.
723 3669 908 3725 Schmidtii
930 3670 1094 3725 coniecturis
1113 3671 1288 3725 sentiendum

141 3764 257 3819 videtur
288 3765 323 3817 ad
353 3784 377 3818 v.
407 3771 548 3820 ast-256.
582 3770 632 3818 265
662 3764 865 3833 spectantibus,
902 3782 970 3832 quas
1002 3764 1107 3818 Diurna
1135 3762 1287 3833 gymnasiis

141 3857 300 3911 Austriacis
319 3858 459 3913 destinata
475 3862 496 3912 t.
515 3857 579 3911 XVI
598 3859 685 3925 (1865)
704 3876 730 3926 p.
751 3865 799 3912 672
819 3858 963 3913 exhibent:
983 3874 1036 3925 quo
1055 3857 1127 3913 adde
1145 3857 1213 3911 Mus.
1234 3857 1285 3911 Rh.

140 3951 209 4006 XIX
228 3953 316 4017 ιῗιυοι)
334 3969 361 4021 p.
381 3953 451 4021 aaa]

568 4135 868 4147 ——-——-————-—·-—-
