2924 4996
389 304 546 352 nrouxsn
569 305 920 354 naurcsaxasssxsrs.
1164 289 1227 353 475

85 461 208 524 formae
236 457 376 540 mediae,
406 458 565 522 foliorum'
580 459 654 542 319,
684 458 752 521 eius,
780 462 887 522 autem
915 459 1107 541 scripturae,
1140 458 1228 521 cuius

86 569 268 653 exemplum
294 568 395 652 lapidi
422 567 610 652 inscriptum
639 568 726 632 infra
753 547 980 632 subiecimus'
1005 568 1098 632 Alter
1120 572 1228 631 autem

7 731 13 737 -
87 680 274 761 ChisianuS,
299 677 306 689 '
318 683 449 761 propter
486 678 619 742 eximiae
655 678 909 770 pulchritudinis
941 682 974 742 et
1010 677 1227 760 praestantiae

85 792 208 854 famam
236 788 437 853 anobismet
464 788 558 873 ipsis,
590 810 661 852 cum
688 787 727 851 de
756 787 877 852 edendo
909 787 1065 872 Dionysio
1097 787 1228 851 minime

88 901 326 985 cogitabamus,
358 897 480 962 Romae
507 899 686 982 inspectus,
719 898 773 961 ubi
796 899 894 962 etiam
915 920 1002 962 nunc
1024 899 1109 961 inter
1130 898 1228 961 libros

86 1011 270 1095 principum
292 1014 379 1087 carpe·
399 1010 558 1091 servate,
574 1008 731 1072 -foliomm
752 1009 807 1072 ille
829 1008 892 1073 599
913 1009 1036 1072 formae
1058 1008 1227 1091 maximae,

87 1124 181 1184 tanta
208 1119 371 1204 elegantia
398 1119 433 1182 in
459 1119 654 1183 membranis
682 1123 840 1203 exaratae,
869 1123 1022 1204 quantam
1055 1141 1123 1183 non
1149 1120 1229 1183 satis

86 1230 237 1295 exomni
263 1232 356 1313 parte
383 1229 485 1293 nostri
514 1250 566 1292 ars
590 1229 789 1313 lithographi
816 1233 967 1294 assecuta·
984 1229 1042 1313 sit,
1072 1229 1113 1292 ab
1135 1229 1229 1292 initio

88 1344 197 1405 autem
218 1339 366 1423 Dionysii
394 1339 536 1424 imagine
564 1342 712 1422 ornatus,
739 1361 820 1422 quae
843 1362 880 1402 ex
903 1339 1148 1403 Montefalconii
1170 1338 1229 1402 Pa-

88 1449 298 1535 laeographia
328 1470 445 1534 graeca
472 1471 503 1532 p.
525 1448 567 1513 24
594 1450 629 1513 in
650 1448 859 1513 Reiskianam
889 1449 1061 1513 editionem
1086 1449 1228 1531 transiit,

87 1561 144 1625 sed
174 1560 263 1624 cuius
292 1581 351 1623 nos
378 1581 528 1644 graecam
562 1559 806 1643 inscriptionem
834 1559 934 1624 minio
963 1560 1083 1642 pictam
1109 1560 1230 1622 maiore

86 1693 184 1755 quam
218 1670 356 1733 antehac
388 1669 450 1732 fide
482 1671 517 1734 in
545 1670 688 1734 subiecta
721 1671 795 1734 huic
824 1669 1086 1734 commentationi
1119 1669 1230 1733 tabula

87 1780 225 1863 exprimi
253 1780 491 1863 curavimus*):
520 1779 547 1843 is
570 1780 670 1864 igitur
698 1780 795 1844 codex
823 1780 876 1844 diu
904 1783 1014 1843 estex
1036 1801 1097 1863 quo
1123 1779 1230 1862 paullo

87 1889 270 1955 accuratius
297 1912 316 1954 a
338 1879 590 1954 Montefalconio
617 1889 794 1973 descriptus
822 1890 934 1954 Diario
965 1890 1080 1954 Italico
1109 1912 1141 1972 p.
1166 1888 1230 1954 238

87 2005 121 2064 et
147 2000 189 2064 ab
217 1998 386 2063 Holstenio
418 1999 452 2063 in
485 1999 570 2063 illius
604 1999 806 2064 Bibliotheca
836 1999 1102 2064 bibliothecarum
1129 2000 1191 2063 vol.
1215 1999 1241 2063 l'

87 2133 119 2194 p.
138 2110 210 2192 174,
235 2109 276 2172 ab
298 2112 431 2193 utroque
453 2113 560 2173 autem
582 2110 709 2173 saeculo
724 2109 755 2173 X
776 2110 981 2195 adsignatus,
1005 2131 1159 2194 magnum
1181 2110 1230 2174 sui

87 2219 279 2284 desiderium
300 2218 401 2282 doctis
423 2219 605 2284 hominibus
628 2220 791 2284 excitavit.

175 2329 226 2393 Ex
248 2333 370 2412 septem
392 2329 502 2413 igitur,
534 2352 611 2414 quos
635 2330 757 2394 Romae
784 2330 1006 2395 diversissimis
1035 2330 1231 2413 temporibus

88 2443 258 2523 usurpatos
284 2438 432 2523 Dionysii
461 2439 584 2505 codices
614 2440 841 2524 comperimus,
870 2443 936 2504 tres
959 2443 1034 2504 sunt
1055 2440 1094 2504 de
1117 2439 1230 2524 quibus
1291 2464 1294 2470 ·

88 2572 202 2635 parum
225 2555 367 2634 constat,
396 2551 477 2636 Lapi
499 2552 578 2633 duo,
607 2572 751 2636 unusque
773 2550 884 2614 Vrsini
907 2570 1000 2634 quem
1022 2548 1150 2634 quidem
1172 2550 1231 2615 sci·

88 2684 159 2725 mus
183 2683 213 2724 a.
236 2661 318 2726 1600
338 2666 473 2726 mortem
495 2661 622 2725 obiisse.
658 2661 742 2736 Quos
764 2660 862 2725 libros
886 2683 958 2724 cum
979 2661 1075 2725 facile
1097 2661 1231 2744 suspitio

89 2771 210 2834 oriatur
232 2771 267 2835 in
288 2771 480 2855 reliquorum
501 2787 633 2835 numero
654 2771 756 2834 latere
783 2766 965 2835 distinctius
988 2770 1229 2854 descriptorum,

89 2884 201 2945 tamen
229 2902 289 2945 nec
317 2881 357 2944 de
385 2880 536 2947 Ohisiano
570 2880 711 2965 cogitare
745 2902 806 2944 nec
832 2880 871 2944 de
899 2880 1046 2945 Hudsoni
1073 2880 1232 2945 Vrbinate

86 2991 181 3054 licat:
210 2990 465 3074 quandoquidem
492 2994 607 3055 neutra
635 2989 831 3054 bibliotheca
859 2993 935 3054 ante
962 2989 1102 3054 medium
1124 3010 1231 3053 saecu-

85 3101 156 3164 lum
177 3099 273 3164 XVII
294 3099 415 3164 Romae
439 3101 573 3182 exstitit,
598 3099 768 3166 Ohisianus
797 3103 904 3163 autem
925 3121 966 3164 ne
989 3100 1025 3163 in
1045 3098 1143 3163 Italia
1165 3099 1232 3182 qui-

83 3211 162 3275 dem
184 3212 281 3273 antea
303 3209 501 3293 servabatur,
526 3210 591 3293 sed,
615 3213 651 3274 ut
673 3232 711 3273 ex
734 3208 875 3273 Harlesii
895 3209 1074 3274 Introduct.
1098 3208 1132 3273 in
1154 3207 1230 3273 hist.
1259 3282 1264 3288 ,

82 3321 171 3403 ling.
202 3340 251 3403 gr.
275 3319 337 3384 vol.
360 3319 377 3383 Ι
398 3342 430 3402 p.
454 3319 495 3383 66
519 3320 666 3404 cognovi,
696 3319 863 3384 Avenione
886 3319 1023 3384 Romam
1045 3320 1161 3383 allatus
1184 3322 1233 3383 est

81 3431 178 3495 iussu
200 3428 377 3492 Alexandri
405 3427 469 3493 VH
490 3428 527 3493 P.
551 3428 596 3492 M.
641 3428 813 3494 Praeterea
840 3429 922 3494 nihil
951 3431 1058 3513 potest
1080 3429 1125 3492 eis
1149 3427 1232 3521 codi-

81 3540 197 3621 cibus,
227 3559 265 3601 ex
293 3539 406 3623 quibus
434 3537 638 3603 undecimum
664 3539 781 3602 librum
803 3540 925 3622 Lapus,
955 3539 995 3603 ad
1027 3537 1233 3603 undecimum

78 3650 273 3735 spectantes
296 3648 474 3732 scripturae
489 3648 724 3732 discrepantias
740 3648 876 3713 Vrsinus
898 3648 1050 3732 sumpsit,
1075 3670 1146 3712 cum
1168 3648 1232 3712 illis

78 3778 256 3827 commune
284 3778 368 3841 esse,
398 3759 452 3843 qui
475 3758 590 3823 decimi
612 3759 710 3823 finem
732 3780 798 3823 non
824 3758 991 3823 excedunt.
1035 3758 1149 3843 Itaque
1178 3758 1233 3821 du·

75 3869 167 3957 plici
189 3871 317 3931 tantum
339 3868 542 3933 coniecturae
563 3869 651 3932 locus
681 3868 775 3933 datus
798 3871 862 3951 est,
891 3872 928 3932 ut
949 3869 999 3932 vel
1023 3869 1064 3932 ab
1086 3867 1233 3932 Hudsoni

75 3979 252 4047 Vaticano
275 3979 376 4043 altero
399 3978 490 4063 (450)
514 3978 580 4042 sive
596 3978 676 4062 Lapi
691 3978 757 4042 sive
772 3978 882 4042 Vrsini
900 3978 996 4042 codex
1013 3999 1078 4042 non
1094 3977 1231 4061 differre,

76 4136 295 4150 Ν

153 4232 179 4298 *)
200 4229 354 4299 [Vrbinatis
373 4230 475 4287 codicis
494 4230 619 4287 dolemus
637 4246 689 4285 uec
707 4229 774 4285 olim
792 4232 949 4304 exemplum
963 4231 992 4285 in
1004 4232 1137 4304 promptu
1149 4230 1234 4287 fuisse

70 4345 135 4385 nco
154 4324 329 4393 nunccius]
898 4334 901 4341 “
