3218 5094
588 399 624 450 ru
646 397 928 451 ιιιιοτοιμιιιιιιι.
1265 382 1326 451 211

163 561 292 636 οδῆμον
315 557 507 636 ετραφέντεε
528 555 591 635 ἅμα
612 557 651 619 τὸ
673 556 752 619 αὐτὸ
775 555 889 631 ἔλεγον
911 557 962 620 καὶ
983 555 1126 636 (τροφὴν
1143 555 1193 620 καὶ
1215 557 1327 635 προοί-

188 687 269 745 μιον.
314 667 428 730 Ἕνεκα
449 667 506 743 μὲν
528 669 594 729 τῶν
618 665 812 745 εὐχαρίετιιιν
833 669 933 728 ταῦτα
954 665 1079 745 ἐγράφη
1099 686 1166 743 μοι·
1189 665 1326 744 ἀποδρέ-

189 781 284 840 πεεθε
312 777 348 839 δὲ
375 775 425 838 καὶ
454 773 541 852 ὑμεῖς
562 775 698 850 τούτων,
719 775 899 852 γεννήματα
921 775 1058 852 ἐχιδνῶν
1079 775 1129 836 καὶ
1151 775 1326 854 ἀχάριετοι.

189 886 331 963 Φάμενοι
353 886 388 948 δὲ
411 886 461 947 καὶ
484 884 522 947 τὸ
544 885 640 959 γένος
655 888 715 948 τοῦ
734 887 870 961 ποιητοῦ
892 884 942 946 καὶ
963 884 1020 947 τὸν
1036 884 1157 948 εκοπὸν
1171 887 1230 947 τοῦ
1252 883 1327 962 δρά-

188 1013 303 1072 ματος,
332 993 516 1072 χωμίεωμεν
545 993 597 1056 ἐπὶ
623 996 682 1071 τὴν
709 996 768 1056 τοῦ
797 994 944 1070 κειμένου
972 994 1078 1072 εαφὴν
1106 993 1156 1055 καὶ
1189 993 1327 1070 τχολὶων

149 1127 176 1164 ιο
189 1105 289 1168 τινῶν
311 1101 545 1182 ἀναπλήρωτιν.

275 1293 423 1378 Sequitur
444 1295 479 1360 in
502 1294 610 1359 codiee
630 1297 727 1371 revoc
753 1295 1015 1376 Ἀμιετοφάνουε,
1038 1291 1153 1358 deinde
1174 1293 1326 1360 Πλούτου

189 1405 352 1480 ὑπόθεειε,
374 1407 442 1467 tum
464 1426 572 1468 versus
594 1407 659 1468 tres

277 1513 389 1592 Βίβλοτ
411 1515 496 1589 ἐγὼν
518 1515 621 1592 εχεδίη
644 1515 900 1594 πμιυτόγοαφοε,
923 1514 1024 1592 αὐτὰρ
1045 1515 1064 1578 ὁ
1086 1516 1236 1592 Τζέτζηε,

276 1623 514 1702 Φαυλογμάφοε
536 1645 597 1703 περ
619 1625 693 1699 ἐὼν,
716 1623 955 1702 πρωτογράφοε
977 1623 1066 1687 ἔεκεν
1088 1623 1189 1702 ἐμεῖο·

318 1731 464 1811 (ύμβολα
486 1735 514 1795 δ’
536 1733 681 1814 εἰεοραᾷε
704 1733 777 1796 πᾶε’
798 1733 960 1810 ἀρίγνωτα
981 1733 1070 1796 rate:

189 1861 269 1922 quos
290 1843 355 1903 tres
377 1841 506 1904 fabulae
527 1840 655 1922 Plutus,
680 1839 804 1923 Nubes„
828 1840 941 1904 Ranae
961 1839 1136 1926 (45—105)
1153 1841 1326 1924 excipiunt.

189 1947 333 2012 Schedae
357 1951 417 2013 106
439 1950 577 2031 priorem
598 1949 753 2032 paginam
768 1935 919 2032 Equitum
940 1953 1163 2034 argumentum
1179 1953 1211 2014 et
1232 1951 1327 2034 primi

189 2057 329 2141 quinque
344 2057 443 2140 ipsius
457 2058 586 2121 fabulae
600 2079 709 2122 versus
725 2061 900 2141 occupant,
918 2059 953 2122 in
968 2059 1070 2122 altera
1085 2062 1191 2122 autem
1206 2059 1327 2143 pagina
1423 2051 1429 2060 ⁸

190 2187 300 2228 versus
329 2165 493 2230 Taetziani
520 2167 686 2250 leguntur,
716 2167 829 2250 quibus
857 2171 1081 2250 argumentum
1109 2167 1226 2232 Avium
1254 2189 1326 2231 con-

189 2274 328 2356 tinetur,
352 2275 534 2357 praemissis
557 2275 627 2339 aliia
650 2276 853 2359 quibusdam,
877 2297 1010 2359 quorum
1031 2275 1092 2340 hoc
1113 2279 1162 2339 est
1182 2276 1325 2340 initium:

191 2384 318 2462 ὄρνιθε(
354 2388 457 2464 δρᾶμα
493 2387 631 2463 κωμικὸν
663 2383 928 2466 Ἀριιτοφάνουτ·
963 2387 1174 2464 γραμματικὸς
1210 2385 1327 2454 Βυζάν-

189 2513 274 2570 τιοε,
310 2493 411 2572 οὗπερ
433 2494 662 2574 Ἀμιετοφάνηε
690 2495 813 2574 ἔγραψε
839 2497 899 2573 τὴν
928 2494 1087 2571 ὑπόθεειν,
1116 2497 1254 2572 ἣκεῐται
1280 2497 1326 2579 τῷ

190 2603 312 2684 βιβλίῳ.
354 2603 487 2680 Τζέτζηε
514 2603 552 2666 τὸ
580 2607 683 2683 δρᾶμα
710 2608 808 2668 τοῦτο
836 2606 872 2668 δὲ
899 2606 1013 2671 θειάῑει
1040 2605 1090 2667 καὶ
1119 2603 1248 2681 ἐξαίρει,
1282 2605 1327 2667 ὼε

189 2712 417 2790 Λυειετράτην,
451 2713 628 2792 Ἀχαμνεῑε,
662 2712 795 2792 Εἰρήνην
827 2734 862 2776 τε
894 2713 945 2776 καὶ
971 2713 1060 2778 ἄλλα
1110 2710 1234 2776 Scheda
1268 2711 1326 2776 107

189 2840 276 2882 saec.
293 2819 354 2882 XV
375 2820 533 2903 scriptura
555 2824 664 2884 vacat:
689 2821 749 2884 108
764 2843 790 2884 r.
813 2821 849 2884 in
869 2818 1007 2884 secundo
1022 2820 1139 2884 Avium
1160 2841 1254 2884 versu
1275 2821 1327 2884 de-

188 2927 285 3010 sinit3
312 2929 433 3012 reliqua
461 2929 546 2994 enim
568 2929 630 2992 ista
653 2930 833 3013 argumenti
856 2929 1027 3012 descriptio
1048 2932 1199 3011 occupat:
1224 2929 1283 2992 108
1296 2951 1325 2992 v.

190 3039 469 3102 commentariolos
497 3039 724 3122 grammaticos
753 3039 906 3104 continet.
951 3037 1039 3112 Quae
1066 3037 1192 3120 quidem
1220 3037 1327 3100 omnia

187 3147 255 3228 ita,
279 3149 315 3208 ut
335 3145 370 3210 in
386 3146 492 3212 codice
513 3148 691 3230 perscripta
707 3151 797 3230 sunt,
822 3147 970 3231 apposui,
993 3146 1078 3210 utin
1093 3146 1231 3228 reliquas
1252 3167 1327 3228 quo-

188 3275 269 3338 que,
294 3257 404 3318 autin
426 3257 533 3338 plures
555 3261 639 3320 certe
662 3279 756 3340 quam
778 3257 813 3320 in
834 3259 899 3320 tres
921 3257 1008 3338 illas,
1033 3278 1053 3318 a
1067 3254 1185 3318 Taetza
1207 3254 1328 3318 scholia
1432 3273 1436 3280 ·

188 3363 290 3426 fuisse
318 3365 492 3446 composita
519 3366 735 3450 intelligatur:
763 3366 859 3430 immo
888 3365 941 3428 vix
968 3364 1078 3428 dubito
1103 3364 1181 3447 quin
1202 3364 1237 3427 in
1258 3363 1327 3445 ipso

188 3471 317 3555 codiee,
351 3495 368 3536 c
395 3495 457 3556 quo
483 3475 714 3538 Ambrosianus
748 3474 925 3556 descriptus
953 3477 1017 3554 cst,
1052 3476 1108 3536 aut
1135 3493 1244 3536 omnes
1272 3476 1328 3534 aut

188 3581 299 3664 pluras
313 3581 441 3646 fabulae
456 3583 637 3666 extiterint,
662 3605 679 3646 e
702 3583 815 3667 quibus
835 3582 1001 3665 librarium,
1025 3581 1232 3664 complurium
1256 3601 1328 3662 poe·

188 3694 298 3753 tarum
328 3691 469 3755 carmina
498 3693 744 3776 compositurus,
779 3681 832 3755 eas
865 3713 946 3775 quae
979 3691 1116 3754 maxime
1149 3689 1329 3753 celebratae

189 3801 287 3861 erant
314 3799 553 3883 deprompserit.
605 3801 650 3865 ut
682 3805 794 3864 extant
826 3801 963 3864 fortasse
990 3800 1107 3864 Avium
1141 3799 1263 3862 scholia
1292 3799 1327 3862 in
1348 3809 1396 3856 123

189 3907 302 3970 codiee
324 3907 480 3972 Vrbinatc
506 3911 580 3992 141,
610 3931 671 3990 quo
693 3932 768 3974 usus
796 3912 845 3974 cst
872 3909 1027 3974 Kusterus
1049 3909 1106 3992 (cf.
1130 3908 1196 3972 eius
1223 3908 1325 3991 praef.

187 4017 225 4078 in
254 4017 446 4102 Aristoph.).
496 4017 607 4101 Neque
637 4019 722 4082 enim
750 4021 834 4101 erat,
864 4040 919 4082 cur
946 4019 1023 4082 Otto
1051 4015 1261 4082 Schneidcrus
1289 4015 1328 4079 de

190 4127 270 4187 vett.
295 4124 330 4186 in
346 4125 509 4208 Aristoph.
533 4127 644 4192 scholl.
667 4128 767 4209 font,
792 4127 846 4210 qui
868 4149 924 4190 suo
946 4126 1073 4210 quidem
1086 4127 1170 4208 iure,
1194 4129 1229 4189 ut
1251 4129 1328 4188 tono

260 4315 285 4361 6.
299 4310 538 4376 ἀποδρεπέεθεεαν
556 4311 616 4367 cod.
652 4313 695 4367 An
713 4313 831 4368 voluerit
848 4309 1116 4378 ἀποδρεπέεθωταν1
1173 4311 1328 4378 9.[cu‹pl1v:

189 4405 224 4456 οι.
243 4419 271 4470 p.
296 4408 350 4462 113,
369 4407 392 4454 a.
430 4409 484 4468 rra,
502 4412 525 4458 3.
562 4405 591 4458 ιι.
611 4407 654 4472 Ie]

1066 4489 1127 4552 14*
