2904 4996
233 319 296 381 600
563 332 805 380 &mmmmm
828 331 1043 379 ιιιαοαιοιιιι

321 487 391 550 195.
414 487 643 551 Παλακῐνοε
666 485 925 569 (περὶζίιίιφρονι
946 485 984 549 τὸ
1007 484 1121 565 ὄνομα.
1145 491 1240 565 δηλοῖ
1260 490 1296 552 δὲ
1316 490 1369 552 τὸν

233 597 380 675 πάλληκα
402 598 421 674 ἢ
443 596 501 660 τὸν
523 600 578 673 τῆ(
601 598 745 672 παλαιῆς
768 595 851 675 υἱόν)
871 632 915 641 -
934 595 1082 660 Πέλεια
1104 598 1156 677 (τὸ
1179 598 1298 677 κίρκοι·
1320 600 1371 664 εἰιὶ

232 708 311 785 γένη
333 707 479 786 ἱεράκων.
507 707 556 769 καὶ
584 706 659 786 φηεὶ
688 704 884 784 Καλλίμαχοι
912 706 948 771 ἐν
975 709 1042 769 τοῐε
1070 708 1144 785 περὶ
1173 708 1315 787 ὀρνέων)
1335 751 1373 760 -

232 818 468 895 Πηληιάδεω
491 813 543 898 (ἐκ
565 811 631 897 γάρ
653 811 808 895 Ὀρέσταο
830 816 915 888 τίσις
937 816 1068 877 ἔσσεται
1090 813 1242 898 άτρίιλαο.
1268 821 1372 885 Καλλί·

233 946 334 1006 μαχοε
357 928 392 991 δὲ
415 927 450 992 ἐν
474 926 593 1004 πρώτω
621 925 730 990 αἰτιῶν
759 925 915 1004 ἑχρήεατο
942 930 979 1003 τῆ
1003 926 1046 991 εἰ(
1068 948 1123 992 ου’
1148 930 1279 1009 ταῦρον
1303 928 1376 1013 ἐρη-

233 1032 336 1118 μικήν
359 1037 405 1110 εἰς
428 1032 502 1110 ἑνὸς
523 1030 707 1118 ἆπεράιου)
730 1073 771 1083 -—
792 1034 995 1100 Πολύϊδος
1017 1036 1117 1117 (οὕτω
1141 1039 1193 1101 καὶ
1215 1041 1375 1105 Ἀπολλώ-

233 1166 301 1211 νιοε
330 1147 349 1209 δ
378 1145 565 1225 Ἀρχιβίου.
593 1194 599 1207 .
626 1194 632 1206 .
659 1194 665 1207 .
696 1145 783 1209 οὕτω
816 1146 852 1208 δὲ
886 1147 936 1209 καὶ
967 1147 1005 1234 τδ
1033 1150 1137 1224 δρᾶμα
1167 1147 1378 1231 ἐπιγράφεται

233 1257 321 1335 παρά
349 1256 568 1336 Ἀριετοφάνη.
596 1259 747 1334 μαρτυρεῖ
774 1257 809 1319 δὲ
837 1256 886 1317 καὶ
914 1255 1096 1323 Φιλόξενοε.
1128 1260 1180 1322 καὶ
1209 1259 1379 1340 (οφοκληε

233 1369 265 1430 δ’
288 1366 324 1430 ἐν
341 1366 479 1431 Μάντεει
502 1366 702 1430 ευνεετείων·
726 1362 787 1449 ὅρα
810 1363 990 1447 πρόχειρον
1008 1364 1186 1428 Πολυΐδου
1208 1372 1274 1431 τοῦ
1296 1370 1379 1452 μάν-

232 1498 321 1549 τεως.
351 1477 401 1539 καὶ
423 1477 534 1540 πάλιν·
558 1470 619 1537 οὐκ
643 1476 734 1538 ἔστιν
757 1475 788 1538 εί
813 1470 857 1555 μή
886 1474 1062 1557 Πολυῖιλην
1090 1478 1137 1538 ταί
1160 1477 1318 1563 κηραίνω)
1340 1520 1380 1529 -

231 1587 484 1666 Πραιτιίιριον

316 1739 389 1801 200.
424 1738 560 1802 Ῥόθοε
587 1739 813 1820 (Πλούταρχοε
841 1740 877 1803 δὲ
905 1739 1045 1803 Βοιωτόε
1074 1740 1122 1804 ὢν
1155 1743 1215 1806 τά(
1247 1743 1378 1823 ὀρεινὰ(

231 1849 329 1913 δδοὺε
351 1850 407 1912 τάε
429 1849 541 1913 ετενάε
563 1851 614 1912 καὶ
641 1849 810 1918 δυεάντειε,
827 1847 953 1930 ῥάθοος
981 1848 1192 1928 ὀνομάῑεεθαι
1216 1856 1312 1939 φηεί)
1340 1894 1378 1902 -

231 1960 366 2036 Ῥῆγοε
389 1958 451 2041 (ὅτι
473 1980 507 2023 τε
524 1958 630 2037 ῥαγεῑε
646 1959 761 2033 ἔλεγον
783 1959 861 2024 τοὺ(
884 1961 995 2038 βαφέιε
1017 1961 1067 2024 καὶ
1089 1961 1191 2040 ῥῆγοε
1205 1965 1248 2028 τὸ
1266 1967 1380 2044 βάμμα,

231 2072 331 2149 εαφέε
354 2070 534 2148 Ἀνακρέων
558 2073 656 2134 ποιεῖ·
679 2065 917 2152 άλιιιόριρορον
940 2067 1053 2152 ῥῆγος)

317 2213 457 2278 (κυθία

316 2350 592 2433 Ταλαίμοχβοε
616 2349 675 2431 (ὼε
699 2349 926 2434 Διογενιανόε)
949 2387 991 2395 -
1013 2350 1154 2416 Τίτλοε

314 2483 387 2547 205.
417 2485 602 2559 Ὑπάγειν
632 2484 690 2565 (ὼε
713 2485 854 2564 Ὅμηροε
878 2535 884 2547 .
908 2535 913 2547 .
937 2535 943 2547 .
967 2535 974 2548 .
997 2486 1042 2549 άιε
1065 2488 1162 2566 φηεὶν
1186 2489 1379 2574 Ἀριετοφά-

230 2614 287 2671 νηε
310 2593 329 2656 δ
352 2594 501 2672 κωμικόε·
531 2591 574 2656 σύ
602 2589 631 2655 δ’
659 2587 797 2673 ὑπάγεις
819 2590 878 2656 τὸν
902 2589 1019 2675 ὅρκον,
1050 2595 1120 2660 ἀντὶ
1150 2602 1210 2661 τοῦ
1244 2601 1379 2680 ὑπάγηι.

230 2704 377 2782 κέχρηται
400 2705 479 2782 αὐτῆ
503 2708 540 2782 τῆ
569 2705 650 2769 λέξει
676 2704 812 2768 Εὔπολιε
834 2704 989 2784 ἐμβατοὺε
1012 2706 1132 2781 λέγων’
1159 2704 1203 2770 οὐ
1227 2706 1264 2771 δ’
1291 2706 1378 2775 ὑπά-

229 2835 299 2894 γεις
323 2814 368 2887 εἰς
390 2810 427 2876 τὸ
451 2814 658 2897 ἔμπροσθεν)

314 2977 439 3055 Χέραε
460 2981 516 3054 τῆ(
539 2975 603 3039 ὑπὸ
619 2979 774 3054 ποταμῶν
790 2975 1020 3055 άθροιζομένηε
1036 2978 1171 3056 ψάμμου
1194 2984 1249 3045 καὶ
1272 2985 1377 3050 ξύλων

229 3090 424 3164 (υγκομιδῆε.
469 3086 669 3165 Ἀρίεταρχοε
698 3087 733 3149 δέ
756 3086 892 3163 χεράδαε
916 3088 1010 3167 φηεὶν
1033 3089 1193 3153 καλεῑεθαι
1216 3094 1298 3158 τοὺ(
1320 3116 1376 3158 πο-

227 3196 348 3273 ταμοὺε
370 3197 517 3260 καὶτοῦ(
540 3197 575 3260 ἐν
598 3196 675 3273 αὐτῆ
693 3195 808 3259 λίθοιιε.
823 3234 866 3243 —-
889 3197 1081 3276 Χορταῑοε
1105 3198 1244 3266 δδαεύε
1268 3207 1376 3282 χιτών,

229 3307 254 3369 ὼ
272 3312 412 3385 χρῶνται
428 3306 459 3369 αἱ
477 3307 643 3384 παρθένοι·
667 3302 772 3387 αὐλῆς
795 3302 833 3368 ἐν
846 3304 1003 3389 χόρτωπι.
1029 3308 1078 3371 καὶ
1100 3312 1216 3388 χορτοὶ
1241 3312 1274 3377 οἱ
1295 3335 1374 3393 τριγ-

228 3416 287 3494 χοί.
316 3416 361 3479 ὼε
384 3415 550 3495 Εὐριπίδη(
579 3417 613 3480 ἐν
644 3417 813 3494 Ἀντιώπη·
843 3417 1077 3498 συνχοριανέω
1107 3416 1211 3483 πέδω.
1244 3434 1318 3498 ταῖς
1345 3424 1365 3485 ιλ

230 3521 432 3608 ἐλευθέραις.
460 3525 566 3591 καὶέν
589 3527 786 3606 Ἀνδρομάχη
810 3526 939 3603 δμοίωε.

312 3677 467 3757 Ὠρίων·
497 3679 564 3742 ἐπεὶ
587 3680 637 3741 καὶ
658 3678 677 3742 δ
701 3679 801 3757 ἀρίων
824 3680 860 3743 ἑν
884 3682 1024 3756 ευετολῆ.
1054 3681 1104 3743 καὶ
1125 3681 1297 3763 Πίνδαροε
1326 3688 1373 3750 καὶ

227 3788 404 3867 Εὑριπίδηε.
429 3785 559 3869 ἀλλόχω
582 3787 661 3851 ιιοιλ
676 3786 887 3871 θεωραχθελς
910 3783 1000 3870 {uis
1018 3785 1188 3870 ἀλλότρια.
1215 3793 1372 3877 (spatium

226 3898 365 3981 quinque
389 3897 581 3983 litterarum)
612 3886 713 3979 ἀρ’ίῖίιν
737 3895 855 3978 ἄστρα.
885 3896 941 3961 καὶ
963 3895 1022 3962 τὸν
1044 3894 1173 3981 οίρίονα
1197 3896 1370 3987 δέρκομαι.

226 4008 276 4072 Of.
300 4007 466 4070 Meletium
488 4008 581 4071 huius
603 4008 772 4071 voluminis
796 4031 828 4091 p.
852 4008 927 4089 7003
951 4008 1062 4091 cyrilli
1085 4009 1214 4074 lexicon
1238 4013 1276 4077 in
1299 4015 1371 4081 Cra·

225 4117 305 4179 meri
328 4118 451 4181 Aneed.
476 4118 548 4181 Par.
573 4118 620 4181 IV
642 4142 673 4201 p.
701 4119 772 4199 194,
797 4120 831 4200 73
854 4118 962 4201 Etym.
987 4118 1030 4181 M.
1056 4120 1147 4183 Sorb.
1173 4144 1205 4205 p.
1229 4125 1308 4207 460,
1332 4126 1371 4188 39

224 4256 267 4281 =
284 4227 416 4311 Bergkii
439 4228 529 4291 Ροοί.
555 4228 614 4311 lyr.
637 4251 668 4311 p.
686 4229 749 4294 239
772 4228 858 4291 ed.2
882 4228 957 4313 (298
981 4229 1029 4292 ed.
1046 4231 1097 4315 3):
1112 4269 1156 4278 —
1172 4231 1369 4298 Choerobos·

226 4334 296 4398 enm
319 4337 353 4399 in
377 4337 496 4400 Theod.
521 4361 552 4420 p.
576 4338 649 4420 286,
673 4339 693 4400 *2
715 4369 758 4393 z
779 4339 855 4402 Eur.
881 4338 967 4420 Cycl.
993 4363 1021 4403 v.
1045 4341 1117 4405 213.
