3008 5002
242 313 308 376 188·
646 329 692 374 nn
716 329 975 376 s'rrcuouarmx

239 485 412 564 posuerunt
427 481 566 544 chrtus
583 480 699 563 Geogr.
717 481 748 562 l,
774 483 793 543 1
806 503 838 562 p.
858 482 914 544 171
940 485 971 543 et
992 481 1171 544 Meinekius
1194 481 1278 543 Hist.
1304 480 1374 542 crit.

240 614 319 654 conr.
349 586 379 673 p.
407 592 445 655 15
468 614 513 674 sq.
560 591 621 653 Sed
649 590 781 654 Vossius
804 597 882 654 alius
913 602 956 654 est
988 591 1092 674 inquit
1119 597 1211 672 rura,
1245 612 1285 652 en
1318 611 1377 669 quo

239 707 415 765 Priscianus
436 708 521 765 initio
542 706 615 764 libri
640 707 678 763 de
699 706 831 765 versibus
852 707 974 764 comicis
995 709 1100 780 aliqua
1122 705 1221 776 refert
1243 707 1281 763 de
1303 708 1376 764 ium-

238 817 311 874 bicr's
345 818 536 875 cncometris:
569 818 787 888 qrammaticus
819 818 844 873 is
872 815 939 887 suit
970 823 999 874 et
1025 818 1120 875 latine
1146 818 1276 889 scripsit.
1328 812 1377 874 Ac

238 921 338 984 latine
361 920 524 1002 scripsisse
539 920 672 983 Vossius
695 920 822 1003 quidem
838 942 875 982 ex
898 921 953 983 illo
975 921 1058 1003 ipso,
1082 921 1121 983 de
1144 943 1205 1004 quo
1227 920 1375 1002 diximuS,

237 1032 422 1114 fragmento
456 1030 600 1114 collegit,
635 1030 717 1112 quod
750 1030 873 1093 nullum
906 1035 969 1111 est,
1005 1052 1063 1094 nos
1095 1036 1202 1094 autem
1234 1031 1378 1094 videmur

239 1162 315 1202 sune
345 1161 442 1202 exeo
469 1141 674 1223 intellegere,
706 1140 788 1222 quod
816 1145 848 1203 et
876 1164 894 1203 a
918 1140 1034 1203 Rufino
1063 1162 1133 1204 eum
1161 1141 1236 1203 solis
1265 1141 1377 1204 latinis

234 1250 459 1333 'grsrmnaticis
486 1249 564 1312 Iuba
594 1251 809 1333 componitur,
839 1254 871 1313 et
898 1256 1064 1314 Heliodoro
1087 1258 1204 1314 Graeco
1227 1274 1245 1313 a
1268 1251 1377 1314 Victo·

239 1361 309 1422 rino
337 1360 510 1441 opponitur
536 1364 623 1423 Iuba
640 1338 748 1423 noster.
807 1360 961 1423 Nolumus
995 1360 1079 1423 enim
1108 1361 1252 1445 argutari
1281 1364 1378 1444 atque

239 1470 303 1532 vim
331 1469 529 1551 pronominis
558 1468 653 1552 (quod
682 1469 761 1533 adeo
789 1470 976 1533 mutandum
1007 1471 1042 1533 in
1070 1482 1190 1535 nostras
1218 1470 1378 1553 quispiam

239 1579 430 1661 suspicetur)
459 1578 499 1641 ad
527 1600 726 1642 communem
748 1578 905 1642 Victorini
933 1579 1092 1663 lubaeque
1123 1580 1262 1663 patriam
1291 1581 1377 1642 Afri·

240 1711 310 1751 cam
338 1689 466 1751 referre.
517 1688 597 1763 Quid
626 1692 734 1751 autem
760 1691 876 1751 mirum
904 1711 990 1771 eum,
1021 1691 1074 1773 qui
1102 1689 1271 1752 admodum
1300 1711 1379 1772 puer

240 1799 374 1862 Romam
404 1798 558 1861 adductus
586 1799 638 1862 hic
667 1799 999 1883 demumperegn‘nis
1029 1800 1145 1862 litteris
1168 1800 1376 1881 excoleretur,

240 1913 272 1970 et
300 1930 414 1991 graece
443 1913 475 1971 et
506 1909 607 1971 latine
635 1909 762 1972 doctum
794 1908 907 1990 trisse,
943 1930 1003 1972 nec
1032 1930 1147 1993 graece
1177 1914 1305 1972 tantum
1338 1909 1377 1972 de

240 2018 415 2098 historiam,
446 2019 671 2103 geographicis
678 2069 686 2101 ,
723 2019 878 2082 scaenicis
908 2020 1105 2102 exposuisse,
1140 2019 1195 2081 sed
1218 2019 1316 2082 etiam
1339 2022 1377 2081 de

240 2128 380 2190 metricis
396 2128 489 2190 rebus
513 2129 636 2191 latine?
673 2129 760 2203 Quae
776 2130 801 2192 si
825 2151 890 2191 non
914 2129 1087 2192 abhorrent
1103 2153 1121 2191 a
1138 2129 1377 2212 probabilitate,

240 2242 375 2320 apparet
396 2239 464 2300 iure
488 2261 544 2300 nris
567 2243 599 2301 et
622 2238 785 2302 Heliodori
809 2242 948 2302 aetatem
979 2239 1096 2301 dixisse
1119 2240 1266 2321 Augusto
1286 2239 1378 2321 'prio-

241 2369 322 2409 rem:
353 2351 388 2409 ut
410 2369 502 2429 quem
523 2348 601 2410 luba
625 2348 813 2430 (cartutule
837 2352 871 2413 δὲ
893 2350 980 2432 αὐτῷ
1004 2351 1145 2428 Δίδυμος
1168 2350 1186 2412 ὁ
1211 2350 1377 2426 χαλκέντε-

241 2477 298 2535 ρος
313 2457 331 2518 ὁ
349 2459 398 2518 καὶ
418 2459 524 2520 πολλὰ
547 2459 672 2536 γράψας
695 2462 761 2522 κατ’
783 2461 883 2523 αὐτοῦ
899 2458 985 2522 Suid.
1003 2481 1032 2521 v.
1050 2460 1165 2538 Ἰόβας)
1180 2459 1216 2520 in
1231 2457 1378 2520 doctrina

241 2565 373 2627 metrica
397 2570 522 2628 secutus
545 2567 601 2629 sit:
625 2572 657 2630 et
679 2566 863 2649 irenaeum,
886 2567 1050 2631 Heliodori
1073 2567 1262 2649 discipulum
1270 2617 1278 2647 ,
1303 2567 1378 2631 alie-

242 2697 318 2736 num
346 2675 387 2736 ab
415 2674 573 2738 Hadriani
601 2681 722 2758 aetate,
759 2678 807 2740 cui
835 2678 925 2739 illum
954 2699 1024 2739 cum
1053 2678 1123 2739 aliis
1152 2675 1378 2759 Bernhardyus

241 2784 398 2847 tribuerat
420 2784 503 2847 Hist.
528 2786 589 2848 litt.
615 2787 670 2850 Gr.
694 2787 707 2849 l
732 2810 762 2868 p.
786 2788 859 2850 432.
888 2788 961 2850 526.
1006 2786 1079 2849 Non
1103 2789 1151 2849 est
1179 2786 1293 2869 igitur,
1323 2808 1380 2848 cur

242 2894 469 2957 Sclmeiderum
492 2897 656 2978 paeniteat
678 2897 741 2958 1.s.
760 2920 784 2959 s.
802 2920 830 2978 p.
847 2898 888 2960 94
902 2902 970 2960 not.
987 2897 1187 2979 scriptorum.
1233 2895 1346 2978 ltaque
1362 2918 1379 2958 e

241 3004 338 3066 lubae
367 3010 473 3068 aetate
502 3007 602 3068 multo
635 3007 731 3069 etiam
766 3007 882 3069 certius
913 3007 1004 3069 licuit
1035 3006 1198 3068 Heliodori
1233 3009 1379 3088 tempora

241 3114 373 3176 definire
401 3137 495 3196 qutun
519 3138 535 3177 e
563 3119 744 3178 tractatos
770 3116 862 3177 nobis
885 3138 915 3197 p.
944 3116 1003 3178 140
1026 3116 1152 3197 Didymi
1182 3116 1377 3178 testimonio.

242 3224 325 3285 Nam
353 3224 412 3286 hoc
446 3226 550 3306 potius
578 3225 703 3287 obicere
731 3224 957 3307 Bernhardpms
991 3225 1158 3306 debuerat,
1192 3224 1328 3286 allatum
1361 3249 1379 3287 a

241 3334 406 3397 Prisciano
422 3333 460 3396 de
476 3335 530 3418 fig.
548 3357 634 3397 num.
652 3358 682 3417 p.
700 3335 762 3398 396
777 3333 886 3397 Krehl.
906 3333 977 3421 [411
994 3333 1090 3421 Keil]
1107 3333 1289 3416 Didymum,
1307 3337 1381 3413 περὶ

240 3449 295 3520 τῆς
318 3444 405 3522 παρὰ
427 3445 593 3521 Ῥωμαίοις
616 3445 788 3519 ἀναλογίας
811 3444 1014 3526 scriptorem,
1044 3465 1108 3506 non
1132 3465 1199 3505 esse
1222 3445 1279 3507 τὸν
1303 3447 1380 3521 χαλ-

241 3554 408 3635 κέντερον,
443 3553 497 3615 sed
527 3554 691 3616 Claudium
723 3552 894 3642 Didymunr
928 3554 1100 3637 diligenter
1133 3535 1186 3616 ab*
1206 3552 1261 3614 illo
1294 3553 1380 3635 apud

242 3661 371 3724 Suidam
400 3663 586 3725 discretum:
617 3663 704 3725 cuius
733 3663 859 3744 quidem
887 3664 1055 3746 ignoratur
1084 3666 1182 3726 aetas
1206 3700 1248 3708 -
1270 3661 1379 3724 Helio·

241 3770 352 3833 dorum
374 3777 480 3834 autem
502 3773 667 3836 metricum
692 3794 762 3835 erun
785 3772 881 3835 etiam
903 3773 1030 3835 aCecio
1053 3772 1228 3855 significari
1252 3771 1380 3834 Crame-

241 3902 294 3942 rus
312 3880 432 3943 rinecd.
451 3881 523 3944 Par.
540 3881 556 3945 I
571 3906 601 3965 p.
622 3883 660 3945 14
683 3886 789 3963 putat:
813 3904 853 3944 ne
876 3883 936 3944 iste
959 3904 999 3944 ne
1021 3881 1217 3944 intellexisse
1239 3880 1378 3962 quidem,

241 4012 321 4071 (puae
345 3991 470 4071 copiose
493 3991 739 4073 disputavimus,
766 3991 936 4075 videtur-*p

308 4152 332 4208 *J
357 4150 398 4217 [ln
421 4151 474 4202 fine
496 4150 575 4202 liuius
598 4153 718 4219 paginae
741 4152 765 4203 X
788 4169 858 4218 quae
882 4151 1043 4205 addideram
1070 4151 1106 4203 ad
1129 4150 1292 4203 Heliodoros
1318 4168 1381 4202 cum

242 4240 415 4306 periegetum
433 4244 492 4294 tnui
515 4243 747 4311 glossograplrum
766 4245 934 4312 spectantia,
957 4262 990 4298 ea
1008 4262 1080 4296 nunc
1097 4243 1159 4295 vide
1181 4260 1265 4310 supra
1287 4242 1381 4310 posita

242 4349 268 4399 p.
296 4340 350 4386 113.
376 4340 431 4386 119.
457 4365 487 4371 -—
511 4335 552 4387 De
574 4336 723 4389 Heliodoro
752 4339 846 4389 autem
873 4337 912 4389 rei
937 4337 1068 4389 metricae
1097 4338 1221 4399 auctore,
1249 4335 1326 4387 item.
1346 4334 1380 4387 de
