2948 4996
522 319 663 372 rsacror
687 320 834 371 unsara.
1188 304 1251 370 429

109 503 180 545 mus
202 484 367 564 tamquam
390 479 588 561 exploratum
604 480 698 561 atque
713 476 939 557 indubitatum,
956 497 1133 539 sermonem
1148 476 1249 558 illum,

109 593 195 655 inter
218 590 382 655 Socratem
405 591 437 652 et
459 588 670 672 Protagoram
692 586 837 650 habiturn
860 587 894 649 in
917 585 1038 651 Calliae
1061 587 1207 668 aedibus,
1232 611 1251 649 a

109 702 247 765 Platone
268 700 367 763 tribui
388 697 577 783 olympiadis
606 695 789 760 LXXXVII
817 719 903 761 anno
926 697 1035 779 alteri,
1063 696 1097 759 id
1124 696 1252 780 quidem

111 834 172 895 quo
199 810 292 874 modo
314 810 564 890 demonstretur,
588 828 629 870 ne
651 806 747 870 nimis
773 806 919 870 videatur
947 806 1121 890 exspatiari
1149 807 1251 871 oratio

110 925 233 1003 nostra,
257 942 344 983 nunc
365 919 439 982 nolo
462 917 622 1001 explicare
644 916 781 980 uberius.
813 915 1014 1000 Quapropter
1030 916 1155 980 omissis
1171 939 1252 1001 quoe

110 1030 314 1113 inpromptu
334 1032 409 1092 sunt
427 1028 574 1091 omnibus
601 1027 680 1091 satis
706 1026 809 1089 habeo
831 1025 1157 1120 Schleiermacherum
1185 1026 1251 1089 lan-

111 1140 187 1203 dare
211 1138 338 1224 Proleg.
368 1139 408 1202 ad
439 1137 570 1222 Protag.
600 1160 631 1221 p.
658 1137 720 1203 218
747 1159 827 1221 sqq,
858 1137 945 1200 cuius
968 1136 1089 1221 insigni
1113 1136 1253 1201 acumini

111 1249 338 1333 doctrinaeque
360 1248 445 1312 haud
467 1249 593 1333 vulgari
615 1270 672 1311 sua
694 1247 802 1311 omnia
826 1247 920 1310 debet
936 1247 1046 1310 Astius
1069 1247 1108 1310 de
1130 1247 1197 1310 vita
1221 1251 1253 1310 et

111 1359 239 1442 scriptis
255 1359 399 1423 Platonis
414 1382 445 1442 p.
463 1358 598 1439 rra-82,
623 1379 814 1443 quamquam
836 1380 902 1421 non
925 1358 994 1422 sine
1016 1378 1157 1421 errorum
1178 1379 1252 1441 quo·
1306 1416 1313 1428 ,

111 1469 249 1532 rundam
276 1469 456 1533 accessione
484 1468 534 1532 vel
561 1468 777 1553 incogitantia
805 1470 1043 1532 commissorum
1071 1467 1251 1532 incredibili

110 1578 163 1642 vel
185 1579 302 1642 eximia
323 1579 528 1643 historiarum
549 1578 763 1663 ignoratione.

561 1771 723 1830 CAPVT
746 1774 807 1829 VII.
1272 1779 1303 1827 18

197 1909 410 1995 Posteaquam
437 1910 552 1996 igitur,
582 1933 643 1994 quo
671 1911 817 1975 videatur
839 1902 924 1974 a'nno
946 1913 1042 1974 natus
1065 1931 1133 1974 esse
1155 1912 1252 1995 Aga-

112 2021 197 2102 tho,
222 2020 373 2103 vidimus,
397 2022 518 2085 vitam
540 2043 614 2106 quo
636 2043 755 2105 usque
778 2021 1011 2105 produxerit
1038 2020 1253 2104 quaerendum

112 2133 173 2194 est.
218 2129 305 2205 Quae
332 2131 459 2216 quidem
487 2132 539 2195 via
564 2134 636 2195 tuto
656 2131 784 2195 institui
812 2152 877 2194 non
900 2131 1034 2215 poterit,
1058 2131 1122 2194 nisi
1144 2135 1251 2214 antea,

112 2262 175 2325 quo
196 2244 339 2324 tempore
360 2242 395 2305 in
417 2242 639 2306 Macedoniam
654 2263 687 2304 se
703 2242 884 2324 contulerit,
909 2242 1121 2326 cognorimus.
1153 2241 1252 2304 Athe-

112 2373 173 2413 nas
196 2355 303 2414 autem
324 2351 467 2415 nondum
488 2352 652 2436 reliquerit
675 2355 802 2435 oportet
829 2373 865 2415 eo
887 2355 1046 2435 tempore,
1070 2373 1132 2435 quo
1155 2351 1252 2415 'Phes-

112 2459 372 2542 mophoriazusas
395 2462 503 2525 docuit
524 2461 773 2545 Aristophanes:
809 2485 871 2546 qua
898 2462 1024 2546 quidem
1052 2462 1163 2525 fabula
1186 2462 1252 2526 eius

111 2569 200 2633 modi
217 2570 418 2635 cavillatione
440 2571 629 2654 perstrinxit
649 2573 809 2657 tragicum
832 2577 969 2656 poetam,
992 2594 1084 2657 quae,
1106 2573 1169 2636 nisi
1184 2574 1252 2657 ipse

6 2737 10 2746 .
113 2679 269 2744 adfuisset
291 2684 323 2745 et
344 2682 379 2744 in
401 2681 646 2745 Atheniensium
670 2683 769 2745 oculis
798 2683 912 2747 cotidie
940 2683 1078 2767 positus,
1106 2684 1193 2748 omni
1220 2684 1253 2747 vi

112 2789 338 2855 destitueretur
365 2815 432 2856 sua.
478 2791 824 2875 Thesmophoriaausae
854 2797 960 2857 autern
989 2794 1048 2857 etsi
1076 2816 1138 2878 quo
1167 2817 1253 2858 anno

113 2903 187 2963 acta
210 2901 262 2983 sit,
286 2901 416 2965 difficile
440 2906 488 2966 est
506 2903 667 2986 indicium,
690 2906 799 2967 tamen
822 2904 856 2967 in
879 2908 972 2967 tanta
994 2905 1044 2967 vel
1067 2904 1253 2986 opinionum

111 3010 164 3073 vel
185 3010 440 3076 testimoniorum
463 3013 695 3096 controversia,
721 3036 816 3098 quam
838 3015 964 3098 quidem
987 3013 1182 3077 studebimus
1204 3014 1252 3077 in-

111 3119 175 3202 fra,
199 3120 226 3183 si
248 3122 340 3186 modo
362 3124 431 3186 fieri
453 3123 564 3206 possit,
589 3127 825 3209 componere*),
847 3123 925 3187 illud
939 3146 1038 3187 unum
1054 3124 1252 3187 dubitatione

111 3261 316 3270 mv*-

109 3326 164 3392 pat
181 3323 215 3378 de
232 3324 385 3393 tragoediis
404 3326 512 3394 graecis
529 3327 569 3380 III
586 3346 613 3397 p.
627 3334 676 3382 982
694 3344 754 3395 sqq.
768 3357 800 3366 -
814 3325 942 3382 Ceterum
961 3343 1029 3394 quas
1042 3345 1059 3381 a
1071 3326 1251 3396 Bernhardyo

109 3416 184 3468 Hist.
204 3417 257 3471 litt.
276 3435 317 3487 gr.
336 3419 370 3483 Il,
388 3425 404 3472 2
421 3437 448 3488 p.
468 3426 501 3474 55
519 3420 562 3474 ed.
582 3421 629 3474 alt.
654 3420 818 3490 scriptiones
841 3419 1021 3475 scholasticas
1040 3420 1174 3488 quasdam
1197 3438 1253 3474 me·

110 3512 238 3562 moratas
255 3509 335 3565 video
353 3511 382 3564 in
399 3513 555 3580 Agathonis
573 3513 656 3567 rebus
675 3515 829 3577 versantes,
847 3529 895 3566 eas
913 3530 1065 3581 numquam
1082 3513 1158 3583 vidi]

181 3602 433 3670 *)[Tractaveran1
455 3606 527 3659 hanc
550 3606 743 3672 quaestionem
764 3605 793 3659 in
815 3623 848 3660 eo
868 3605 972 3674 capite,
997 3607 1071 3674 quod
1089 3607 1252 3662 enarrandis

108 3693 307 3763 Aristophanis
334 3697 554 3752 cavillationibus
581 3699 752 3752 destinatmn
777 3701 846 3762 erat,
873 3701 902 3752 et
926 3700 967 3752 ita
990 3699 1115 3766 quidem,
1142 3704 1173 3754 ut
1198 3701 1253 3770 ipsi

109 3787 216 3840 alteri
233 3806 306 3843 anno
325 3790 490 3858 olympiadis
507 3791 581 3844 XCII
598 3791 722 3845 fabulam
738 3792 890 3846 tribuerem
909 3792 1012 3846 eisdem
1031 3794 1089 3847 fere
1107 3811 1252 3863 argumen-

107 3881 149 3933 tis
167 3883 268 3947 motus,
287 3900 357 3950 quae
374 3884 468 3952 paullo
480 3887 546 3953 post
562 3884 598 3938 ab
611 3885 765 3939 Hanovio
783 3885 922 3954 explicata
940 3889 1004 3939 sunt
1015 3879 1252 3941 Exercitationum

108 3974 172 4027 crit.
192 3973 221 4028 in
239 3976 357 4030 comicos
376 3994 492 4045 graecos
510 3977 562 4043 (ed.
582 3976 644 4032 Hal.
666 3982 741 4045 1830)
759 3996 785 4047 p.
806 3985 838 4032 82
858 3996 917 4047 sqq.
954 3977 1031 4043 Quae
1053 3981 1148 4035 tamen
1171 3999 1252 4050 argu-

107 4070 208 4121 menta
226 4085 282 4121 uon
300 4085 362 4123 eam
379 4069 434 4123 vim
452 4070 622 4137 habuerint,
646 4071 712 4138 quin
735 4072 771 4125 ad
789 4089 892 4125 annum
910 4072 1053 4141 primurn
1075 4073 1148 4127 illius
1166 4074 1265 4143 olym·

105 4160 211 4231 piadis,
230 4161 287 4216 iam
304 4180 322 4216 a
339 4162 477 4217 Palmerio
496 4165 733 4232 commendatum,
755 4165 803 4219 alii
820 4165 951 4230 redirent,
970 4169 1001 4220 ut
1018 4166 1047 4220 C.
1067 4166 1097 4221 Ο.
1117 4167 1252 4223 Muelle-

105 4272 166 4308 rus
190 4255 262 4308 Hist.
286 4254 339 4308 litt.
360 4272 400 4324 gr.
419 4255 445 4308 Π
467 4274 493 4325 p.
515 4263 576 4324 246,
598 4260 710 4326 praeter
734 4262 842 4313 ceteros
864 4262 959 4313 autern
980 4260 1134 4328 Engerus
1157 4264 1252 4316 noster

104 4346 199 4405 Musei
217 4347 346 4401 Rhenani
363 4348 401 4401 IV
422 4368 449 4418 p.
469 4356 502 4403 49
520 4367 579 4418 sqq.
605 4355 703 4405 contra
724 4351 948 4406 Fritzschium
967 4353 1142 4424 potissimum
1160 4355 1251 4427 dispu-
