2896 4996
462 310 507 356 ou
531 310 601 358 ouo
625 310 668 357 αν
692 310 833 359 οιιιοιια.
1156 296 1219 359 629

74 470 175 556 αὐτοῦ
198 487 293 544 ιινεε,
318 466 366 532 ὧν
389 467 470 531 ἐετιν
493 466 592 546 Ὠροε
615 466 634 530 δ
656 465 877 546 γραμματικός,
900 467 1051 542 λέγοντεε
1071 471 1216 545 μηδαμοῦ

74 579 266 659 εὑρίεκεεθαι
299 578 336 642 τὸ
370 577 459 656 μυείν
490 577 568 656 ἔχον
594 578 633 641 τὸ
661 600 679 641 α
707 577 934 655 ἐκτεταμένον,
968 577 1043 640 ἀλλ’
1077 576 1152 641 οὔτε
1180 579 1216 641 δὲ

73 689 166 770 φύκει
189 688 440 767 ευνεεταλμένον
463 687 500 772 (f.
518 686 594 751 ἀλλ’
610 687 686 751 οὐδὲ
701 687 851 752 δύναεθαι
867 687 912 753 ὼε
935 688 1027 768 φύκει
1050 691 1215 752 ευνεειαλ-

73 798 224 882 μένον.*)
269 798 351 862 Item
375 820 412 861 ex
435 797 543 881 Etym.
568 797 612 860 M.
636 819 668 879 p.
694 797 766 879 720,
792 796 846 860 16:
869 798 989 874 γίνεται
1011 800 1046 863 δέ
1068 800 1156 877 παρὰ
1178 800 1215 862 τὸ

73 912 159 974 καλῶ
184 913 281 974 εὓλον
309 911 360 973 καὶ
382 912 523 974 εκῡλον
554 908 665 992 (vulgo
694 908 791 973 εύλον
819 909 868 972 καὶ
897 908 1043 992 (κτίλον),
1073 908 1149 973 ὅθεν
1178 909 1215 971 τὸ

72 1041 127 1084 εκυ
149 1020 284 1099 μακρόν·
307 1042 332 1083 κ.
355 1042 381 1083 τ.
404 1023 429 1082 λ.
470 1019 587 1100 Ὠρίων
610 1018 704 1103 (corr.
729 1017 853 1102 Ὠροε).
898 1016 1019 1093 Quibus
1041 1019 1142 1082 multo
1164 1018 1211 1082 in·
1231 1044 1265 1092 44

73 1129 210 1195 certiora
233 1129 389 1213 quaedam
411 1131 588 1213 tangentur
609 1129 696 1192 infre
720 1132 739 1209 ξ
760 1128 813 1210 22,
836 1128 866 1191 2.
891 1129 943 1212 24,
967 1129 998 1194 3.
1022 1129 1074 1209 25,
1100 1130 1129 1191 1·.

594 1324 687 1406 ess.

161 1465 189 1524 1.
235 1462 524 1541 Ὀρθογραφίαε
546 1461 684 1544 primum
707 1461 811 1524 locum
836 1463 985 1542 teneant,
1016 1482 1097 1543 quae
1125 1482 1213 1544 spec-

69 1575 146 1635 tant
168 1572 207 1634 ud
231 1594 267 1636 αι
289 1570 591 1656 diphthongum.
637 1570 724 1636 Hinc
746 1573 872 1655 oportet
894 1570 997 1653 petita
1019 1571 1103 1654 sint,
1133 1593 1213 1654 quae

68 1680 255 1765 Stephanus
277 1681 412 1764 protulit
433 1703 465 1763 p.
489 1682 569 1764 399,
596 1681 650 1744 12:
688 1682 787 1761 Ὠροε
816 1683 852 1747 δέ
879 1703 974 1762 φηειν
998 1681 1033 1747 ἐν
1056 1687 1093 1764 τῇ
1118 1682 1213 1759 ὀρθο-

66 1793 207 1876 γραφίᾳ*
244 1791 441 1872 Ταίναρον
468 1793 580 1858 πεδίον
608 1796 663 1871 τῆε
693 1793 876 1870 Λακωνικῆε
904 1794 954 1856 καὶ
982 1793 1214 1871 Ταιναρῑται

68 1903 183 1987 (vulgo
199 1888 395 1987 Ταιναρίται)
419 1902 448 1967 οἱ
463 1903 499 1968 ἐν
515 1902 612 1988 αὐτῷ.
644 1901 764 1977 Quibus
780 1901 862 1968 addo
884 1903 1068 1982 κάβαιεοε
1091 1923 1211 1984 vocem,

66 2013 108 2076 dc
131 2034 195 2096 qua
217 2013 270 2076 Et.
295 2012 339 2076 M.
363 2035 394 2095 p.
418 2012 492 2095 482,
516 2013 573 2076 21:
597 2014 616 2078 δ
638 2013 810 2091 ἄπληκτοι,
833 2014 884 2077 διὰ
907 2012 1102 2094 διφθόγγου,
1133 2033 1212 2092 προ-

64 2124 295 2202 παροξύνεται·
317 2147 343 2188 κ.
362 2145 387 2187 τ.
411 2126 449 2205 λ,
474 2123 676 2206 indidemque
698 2146 730 2206 p.
754 2123 827 2204 663,
850 2123 908 2186 46:
948 2124 1212 2203 περιδέρρεον

64 2235 182 2318 (vulgo
209 2236 429 2314 περιδέραιον,
465 2233 548 2316 quod
577 2237 633 2297 aut
660 2235 708 2298 sie
736 2236 792 2297 aut
825 2234 1024 2313 περιδέρρεια
1053 2233 1212 2317 corrigere

63 2344 240 2409 Piersonus
274 2344 411 2408 debebat
443 2344 478 2407 in
510 2345 608 2409 Moer.
638 2367 669 2427 p.
694 2336 771 2428 326)
804 2346 1046 2424 περιτραχήλιοε
1080 2344 1212 2422 κόεμοε·

134 2668 160 2733 *)
184 2667 244 2736 [Ηίο
267 2668 341 2734 quod
363 2668 415 2721 ieci
438 2669 528 2737 magis
552 2685 635 2734 quam
660 2667 777 2733 conieci,
800 2666 883 2721 facilc
907 2667 999 2736 patior
1023 2668 1212 2722 emendationi

62 2760 167 2815 cedere
191 2778 207 2813 a
229 2760 258 2814 C.
282 2760 312 2814 Ε.
333 2760 380 2815 Ch.
402 2760 570 2815 Schneidero
595 2760 682 2814 amice
706 2778 813 2814 mecum
836 2761 1070 2815 communicatae:
1101 2764 1212 2815 ἐκτετα-
1262 2781 1268 2785 ·

64 2857 162 2919 μένον,
181 2856 285 2909 ἄλλως
303 2872 340 2908 τε
359 2858 412 2908 καί
432 2857 512 2921 φύεει
531 2856 759 2919 (ονεεταλμένον.
787 2853 964 2920 Quamquam
975 2855 1036 2923 ipse
1054 2855 1212 2923 perspicere

60 2964 139 3001 nuuc
156 2945 265 3013 videor,
282 2947 415 3016 proximis
433 2948 526 3016 potius
550 2947 599 3001 illa
616 2947 759 3015 iungenda
776 2963 837 3001 esse
856 2947 932 3000 velut
949 2947 977 3000 in
994 2948 1068 3001 hune
1085 2947 1210 3002 modum:

63 3040 259 3104 λαμβάνονται
278 3043 308 3094 δέ
325 3042 415 3094 αὐτοῦ
432 3059 521 3108 τινες,
546 3042 588 3094 ὧν
607 3044 662 3095 ἐετι
682 3043 734 3094 καί
753 3040 837 3106 Ὦρα(
857 3043 873 3093 δ
891 3042 1097 3107 γραμματικός,
1118 3043 1212 3105 λέγον-

62 3149 114 3187 τεε
134 3135 262 3200 μηδαμοῦ
288 3134 457 3201 εὑρίτκεκθαι
480 3123 618 3200 τδμυείν
644 3137 709 3199 ἐχον
731 3135 765 3187 τδ
784 3152 800 3186 υ
818 3135 1012 3199 ἐκτεταμένον.
1042 3135 1117 3186 ἀλλ’
1140 3135 1211 3200 οὖν,

62 3226 97 3280 εί
117 3228 173 3278 καί
192 3227 273 3291 φύεει
292 3229 521 3295 εονεκταλμένον,
542 3228 705 3294 εὑρίκκομεν
728 3212 813 3293 αὐτὸ,
839 3231 909 3293 φημί
933 3229 966 3292 δὴ
986 3228 1020 3279 τὸ
1039 3227 1127 3293 μυείν,
1145 3212 1211 3292 ἔχον

63 3322 103 3372 τδ
121 3337 137 3371 υ
155 3319 342 3385 ἐκτεταμένον
366 3324 410 3374 καί
434 3323 653 3387 εονεεταλμένον
671 3322 701 3374 ἐν
719 3327 755 3388 τῇ
774 3320 1045 3388 μυοβατραχομαχίᾳ.
1082 3320 1211 3374 Ceterum

64 3414 200 3481 corrupto
220 3413 313 3468 codiee
329 3414 657 3483 Myobatrachomachiae
676 3415 795 3484 apparet
812 3412 1027 3481 grammaticum
1044 3432 1123 3467 usum
1143 3431 1211 3479 esse,

60 3504 156 3572 qualis
176 3505 318 3559 Parisinus
337 3509 380 3560 est
399 3507 437 3561 sio
456 3507 589 3577 scriptum
601 3510 699 3561 tenens
719 3524 829 3562 versum
847 3512 897 3560 264
915 3507 990 3577 apud
1002 3507 1211 3562 Baehmannum

58 3598 168 3652 Anccd.
191 3615 232 3667 gr.
252 3600 279 3652 II
296 3618 323 3669 p.
342 3606 405 3653 421:

261 3695 299 3759 ἡν
317 3696 346 3746 δέ
364 3711 404 3748 τι(
423 3697 454 3747 ἐν
473 3700 549 3761 μυεί
567 3697 775 3763 Πτεριδάριιαξ,
795 3698 890 3762 ἔξοχα(
908 3698 1013 3751 ἄλλων.

56 3798 98 3862 (Ε
112 3799 279 3863 Compendir
288 3817 317 3864 p.
330 3801 384 3866 85.)
398 3827 431 3835 -
444 3799 510 3852 ἀλλ’
522 3800 588 3852 οὔτε
601 3800 631 3852 δέ
648 3799 796 3852 formulam
810 3798 1057 3867 grammaticorum
1076 3800 1210 3867 exemplis

54 3890 158 3943 tuetur
175 3888 464 3945 Lehrsius'Censurae
482 3910 509 3960 p.
529 3896 588 3957 465,
607 3892 741 3961 script-um
759 3892 844 3946 fuisse
863 3895 913 3945 aut
930 3891 969 3944 sic
988 3892 1125 3946 coniciens
1144 3895 1211 3946 ἀλλ’

53 3984 127 4036 οὔτε
147 3984 194 4048 δέ,
213 3984 294 4050 φηεί,
314 3988 548 4053 ευνεεταλμένον,
572 3984 621 4039 aut
638 3986 757 4039 fortasse
776 3988 843 4040 ἀλλ’
861 3988 928 4039 οὔτε
946 3988 1014 4054 δεῖν,
1034 3988 1114 4053 φὺεει
1133 4003 1209 4040 (ανε-

52 4076 223 4141 εταλμένον.
254 4107 287 4114 -
318 4077 447 4131 Ceterum
471 4078 506 4132 de
530 4079 644 4147 καίρια
667 4080 699 4132 cf.
726 4097 809 4147 supra
827 4079 902 4132 dicta
920 4098 947 4148 p.
967 4086 1017 4133 364
1035 4079 1115 4132 huius
1133 4080 1208 4133 volu·
1291 4120 1293 4124 .

50 4167 149 4222 minis.
187 4168 279 4237 Prope
303 4170 425 4224 ioculare
450 4175 504 4237 est,
533 4172 607 4238 quod
630 4172 664 4225 de
688 4172 790 4240 duplici
813 4172 973 4227 recensione
991 4172 1207 4241 Batrachomyo-

48 4261 187 4317 machiae
206 4279 240 4314 cx
259 4262 301 4315 his
321 4263 432 4330 quidem
456 4264 643 4319 Choerobosci
667 4265 757 4318 verbis
781 4265 908 4334 disputat
932 4266 1156 4321 Schneidewinus
1179 4266 1206 4323 in

45 4355 279 4412 Zimmermanni
296 4356 407 4410 Diurnis
425 4358 512 4425 antiq.
534 4358 605 4411 stud.
627 4376 651 4411 a.
674 4364 738 4414 1835
756 4378 781 4429 p.
803 4362 872 4431 204]
