3014 5010
427 361 475 406 nn
497 360 588 406 sian.
612 361 716 406 anax.
740 362 784 408 nr
806 362 1024 410 ris1srunro.
1237 350 1296 414 165

150 535 346 598 quamquam
373 533 439 575 non
467 512 536 575 sine
564 534 705 576 summae
734 513 944 577 dubitationis
975 515 1228 600 significatione,
1256 517 1296 582 dc

153 624 309 706 Καρκίνῳ.
355 623 401 684 At
415 643 490 686 vero
512 643 572 685 nec
595 622 732 705 cyclicus
755 622 782 686 is
804 629 901 705 poeta
923 624 986 687 fuit
1007 623 1061 687 sed
1077 628 1163 688 totus
1185 648 1295 703 γενεα-

151 733 268 815 λόγος,
292 735 359 795 eta
373 731 562 795 Pisistratea
577 735 683 795 aetate
698 733 768 795 sine
790 731 887 796 dubio
903 732 981 796 satis
996 737 1146 798 remotus.
1177 735 1295 810 Quodsi

150 842 374 905 commendata
408 842 449 904 ab
481 841 583 905 Hasio
616 843 668 905 via
704 841 845 906 tenenda
876 842 935 924 sit,
979 864 1045 906 non
1078 843 1169 907 video
1202 867 1295 928 quem

149 952 214 1015 huc
236 951 406 1015 convenire
428 972 446 1014 e
468 951 645 1014 notioribus
674 950 856 1015 hominibus
884 955 1012 1034 praeter
1034 975 1132 1016 unum
1156 954 1294 1019 Cerco·

149 1081 236 1143 pem
270 1060 508 1144 Pythagoreum
541 1061 663 1142 dicam,
701 1061 918 1142 Onomacriti‚
957 1056 1080 1144 Orphei
1113 1065 1146 1125 et
1178 1062 1294 1147 Zopyri

149 1169 250 1232 ctiam
291 1169 326 1232 in
368 1170 549 1254 pangendis
586 1170 780 1233 carminibus
819 1170 969 1254 Orphicis
1005 1171 1134 1235 socium.
1194 1171 1294 1247 Quem

148 1300 278 1342 omnem
304 1279 409 1342 locum
435 1282 509 1362 post
535 1279 724 1344 Muellerum
752 1279 879 1364 Proleg.
908 1280 1042 1363 mythol.
1071 1304 1103 1364 p.
1132 1283 1195 1346 379
1223 1304 1291 1366 sqq.

149 1391 185 1451 et
205 1387 400 1452 Lobeckium
422 1388 584 1473 Aglaoph.
608 1389 624 1453 Ι
639 1412 670 1472 p.
688 1390 750 1454 353
766 1411 834 1473 sqq.
858 1390 1066 1453 tractavimus
1089 1391 1127 1454 de
1143 1391 1220 1455 bibl.
1238 1392 1291 1455 Al.

148 1520 182 1580 p.
213 1496 256 1560 42
286 1501 318 1559 et
348 1498 401 1562 54.
460 1500 566 1582 Atque
600 1520 665 1561 non
699 1498 898 1562 incommode
931 1500 966 1563 in
999 1499 1178 1564 litterarum
1212 1500 1292 1565 haec
1391 1501 1394 1507 ’

127 1606 288 1690 ·vestigia
310 1628 359 1670 και
381 1628 440 1684 καγ
462 1609 513 1672 ἐπὶ
535 1607 691 1692 quadrare
713 1608 790 1671 bina
813 1609 968 1672 vocabula

311 1718 360 1780 καὶ
382 1718 521 1796 κέρκωπι

149 1828 301 1908 apparet:
322 1847 399 1889 nam
421 1848 438 1889 e
462 1827 645 1890 chartarum
667 1827 738 1891 labe
761 1849 888 1891 omnem
909 1832 1053 1911 repetere
1077 1828 1291 1912 corruptelam

148 1955 217 1997 non
245 1933 435 1999 dubitamus.
486 1936 690 2020 Consequens
718 1941 781 2019 est,
815 1940 851 2000 ut
878 1937 984 2020 patria
1012 1937 1162 2021 Cercopis
1190 1938 1291 2002 lateat
1309 1941 1342 1989 4⁰

148 2044 185 2107 in
200 2048 357 2120 κογκυλω.
395 2044 513 2119 Quodsi
534 2046 715 2110 Milesius
736 2045 792 2108 ille
813 2046 926 2128 fuerit,
950 2046 1011 2111 hoc
1032 2047 1158 2130 quidem
1173 2069 1292 2112 nomen

149 2153 193 2216 ab
216 2154 349 2217 istarum
369 2155 577 2219 similitudine
603 2156 783 2219 litterarum
810 2158 938 2220 tantum
960 2155 1076 2250 distat,
1105 2161 1141 2219 ut
1168 2157 1203 2219 in
1230 2156 1291 2220 hac

148 2263 204 2326 ria
232 2263 360 2346 persisti
388 2269 534 2349 nequeat.
580 2264 642 2329 sed
670 2263 748 2327 illud
776 2265 836 2328 etsi
867 2286 925 2328 nos
953 2287 984 2348 p.
1008 2265 1051 2329 54
1078 2268 1291 2330 statueramus

149 2371 340 2436 Muellerum
361 2375 477 2455 secuti,
500 2379 610 2438 tamen
633 2374 773 2458 aliquam
795 2375 834 2436 de
855 2395 893 2437 ea
916 2394 950 2437 re
972 2375 1204 2438 dubitationem
1226 2375 1292 2438 iam

149 2481 362 2564 praefationis
376 2505 407 2565 p.
425 2483 504 2547 VHI
520 2484 581 2567 ipsi
597 2484 874 2567 significabamus,
892 2484 969 2546 alibi
986 2505 1058 2547 eam
1072 2485 1291 2568 quaestionem

148 2612 210 2654 nos
238 2594 465 2656 retractaturus
491 2593 637 2675 professi.
693 2592 762 2666 Qua
790 2592 917 2676 quidem
945 2615 1041 2676 opera
1070 2616 1156 2657 nunc
1184 2615 1291 2676 super-

148 2699 261 2763 sedere
283 2700 374 2784 licet,
397 2704 565 2785 postquam
587 2723 715 2784 prorsus
738 2703 879 2766 diversos
900 2724 968 2765 esse
990 2704 1158 2786 antiquum
1179 2702 1290 2767 Cerco·

148 2831 226 2892 pem
247 2809 405 2874 Milesium
428 2811 552 2893 epicum
574 2814 703 2893 poetam
725 2815 821 2895 atquc
836 2813 937 2892 hunc,
963 2812 1051 2875 cuius
1071 2811 1178 2894 patria
1199 2812 1290 2895 igno-

147 2923 257 3001 ratur,
286 2919 457 3003 Cercopem
489 2920 725 3003 Pythagoreum
757 2942 829 2984 aere
861 2921 1012 2984 iudicium
1037 2919 1291 2984 Marckscheffeli

148 3028 250 3092 evicit
260 3028 571 3093 Commentationum
581 3028 812 3109 Hesiodearum
826 3053 858 3113 p.
874 3030 1050 3094 158-166.
1077 3029 1171 3095 Cuias
1184 3032 1290 3092 autem

147 3137 251 3201 fuerit
262 3138 315 3201 ille
322 3138 534 3222 Orphicorum
546 3138 691 3202 conditor
703 3141 745 3220 et,
761 3139 823 3201 nisi
838 3140 1021 3202 coniectura
1035 3138 1132 3221 fallit,
1145 3138 1290 3201 Homeri-

148 3268 261 3311 oorum
274 3250 429 3331 διαθέτηε,
446 3249 570 3332 assequi
585 3247 761 3312 divinando
776 3249 857 3311 velle
872 3248 1017 3330 ineptum
1032 3247 1084 3310 sit.
1108 3246 1190 3322 Quid
1205 3248 1291 3311 enim

147 3356 282 3440 prodest
302 3358 382 3421 talia
396 3358 431 3422 in
446 3357 585 3422 medium
599 3359 712 3421 afferre
734 3357 938 3439 hariolando,
963 3360 999 3419 ut
1015 3358 1194 3441 torrochim,
1213 3359 1290 3435 Κρο-

147 3470 250 3548 κυλεῖ,
275 3470 450 3546 Κορυλειεῑε
466 3489 597 3550 quorum
608 3470 677 3530 tam
687 3468 822 3530 obscura
836 3469 884 3530 est
899 3473 980 3549 qu'ae
993 3488 1031 3529 ex
1047 3468 1138 3548 parte
1150 3465 1210 3528 soli
1222 3464 1290 3530 Ste-

147 3575 261 3660 phano
272 3575 429 3660 Byzantio
446 3577 598 3640 memoria
610 3575 753 3658 debetur,
772 3580 819 3657 ut,
837 3576 865 3638 si
881 3575 971 3639 illinc
984 3575 1121 3658 Cercops
1139 3574 1290 3638 oriundus

148 3689 252 3767 esset,
275 3685 442 3770 Paphlago
464 3686 569 3768 potius
592 3687 642 3749 vel
664 3685 872 3770 Pamphylius
888 3686 937 3749 vel
953 3684 1131 3748 Ithacesius
1154 3684 1288 3749 audiret.

239 3791 405 3857 Cramerus
432 3797 554 3876 autem,
583 3795 636 3878 qui
664 3795 699 3858 in
721 3795 796 3858 solis
818 3816 878 3872 καγ
906 3793 1021 3857 litteris
1048 3793 1148 3858 latere
1176 3797 1290 3877 poetae

147 3922 271 3965 nomen
292 3904 441 3985 putabat,
470 3904 584 3967 ultima
609 3904 665 3967 illa
687 3905 739 3969 ἐπὶ
760 3909 905 3981 κογκυλω
927 3902 1058 3966 minime
1081 3924 1114 3967 se
1143 3903 1289 3967 dubitare

147 4011 198 4073 ait
222 4009 298 4093 quin
320 4010 361 4074 ad
382 4013 493 4079 ἐπικὸν
520 4015 637 4079 κύκλον
666 4016 721 4077 aut
743 4015 842 4098 ἐπικῷ
871 4014 975 4098 κύκλῳ
1002 4011 1181 4075 revocanda
1208 4011 1289 4075 sint:

146 4141 214 4184 nec
235 4119 426 4203 improbavit
447 4123 508 4186 hoc
523 4122 652 4187 Hasius
697 4123 870 4187 Laudabile
893 4144 970 4186 sane
992 4122 1173 4185 inventum:
1196 4119 1289 4183 modo

146 4230 231 4294 illud
254 4230 442 4312 explicatius
464 4232 577 4296 docere
604 4255 670 4297 non
691 4233 957 4316 supersedissent,
986 4254 1048 4315 qua
1069 4229 1201 4293 tandem
1223 4252 1289 4318 yer-

148 4341 263 4402 borum
278 4341 516 4404 constructione
537 4363 638 4424 quove
660 4364 744 4407 nexu
766 4342 946 4408 sententiae
968 4341 1023 4406 illa
1045 4341 1155 4403 iuncta
1177 4340 1288 4424 priori-
