2904 4996
611 365 773 415 schanan
796 365 968 414 cnll'lcnn.

357 552 402 621 εἰ
424 559 465 636 μὴ
488 556 656 635 τυράννιυν
679 555 819 632 δώμαειν
841 555 984 619 uocem
1007 553 1098 634 δίκην

371 667 553 748 πέποιθε,
577 665 810 730 κάποκιάεα
831 665 1005 745 κοιράνουε
1027 664 1149 744 χθονός

371 778 479 863 ἀθῷοι
501 776 580 855 αὐτὴ
602 779 707 843 τῶνδε
730 778 898 857 φεύξεεθαι
920 776 1039 856 δόμων.

219 950 271 1012 Ita
299 949 377 1026 αὐτή
405 948 543 1011 refertur
571 946 610 1009 ad
639 946 711 1010 illa:
749 947 913 1012 ἀποκτάεα
940 947 1111 1026 κοιράνους
1139 948 1282 1028 χθονόε,
1310 949 1369 1012 hac

220 1058 397 1122 sententia:
421 1056 448 1123 εἰ
469 1058 640 1134 πέποιθεν,
664 1056 876 1123 ἀποκτείναεα
890 1058 1061 1137 κοιράνουε
1077 1060 1211 1137 χθονὸς,
1235 1059 1316 1138 αὐτὴ
1330 1064 1369 1139 μὴ

222 1169 473 1234 ἀποκτείνεεθαι·
501 1188 577 1231 nam
604 1167 712 1252 άθῷοε
739 1169 871 1248 φεύγειν
906 1167 1016 1231 eadem
1050 1171 1100 1231 est
1127 1168 1158 1231 vi
1189 1168 1371 1251 praeditum

221 1284 317 1364 atque
340 1254 380 1359 pl]
404 1278 644 1344 ἀποκτείνεεθαι
666 1279 716 1340 vel
737 1281 778 1359 μὴ
801 1281 925 1349 θανεῑν;
957 1281 1053 1361 poeta
1081 1280 1190 1342 autem
1222 1279 1371 1343 varietati

222 1389 377 1454 orationis
407 1387 540 1451 studuit.
586 1387 751 1471 Scriptura
782 1393 905 1471 autem,
940 1410 1021 1472 quae
1055 1390 1105 1450 est
1133 1390 1252 1456 δώεειν
1283 1390 1371 1469 δίκην

223 1502 373 1576 πέποιθε,
402 1501 512 1582 aperte
536 1500 716 1562 contestata
739 1503 788 1563 est
812 1499 1003 1564 scholiastae
1026 1497 1251 1564 adnotatione.
1298 1499 1372 1563 Ete-

222 1612 290 1674 nim
318 1609 416 1673 verba
442 1610 613 1689 τυράννιυν
637 1612 775 1689 δώμαειν
798 1612 912 1676 δώεειν
934 1610 1023 1689 δίκην
1047 1609 1249 1694 cogitatione
1278 1611 1372 1674 simul

224 1718 635 1804 comprehendendarum,
665 1723 700 1783 ut
723 1719 852 1784 valeant
873 1741 931 1803 pro
953 1740 1018 1783 una
1040 1719 1189 1800 notione,
1214 1743 1299 1804 quae
1322 1743 1373 1784 ne·

223 1835 320 1915 gatur
341 1829 518 1914 praemissa
540 1831 580 1910 ’μή
602 1830 777 1913 particula;
799 1850 880 1914 quae
907 1830 934 1893 si
957 1852 976 1893 a
997 1829 1158 1914 principio
1182 1830 1373 1913 collocatur,

223 1943 376 2007 maiorem
405 1941 469 2005 vim
497 1940 610 2024 habet,
641 1941 791 2024 quoniam
819 1963 900 2025 qnae
929 1943 1138 2027 consecutura
1166 1941 1238 2005 sint
1265 1943 1375 2006 statim

115 2115 124 2134 ,
226 2053 404 2138 cogitamus
437 2051 609 2136 negativae
645 2050 765 2115 rationi
801 2073 869 2116 csse
908 2051 1061 2116 subiecta.
1113 2051 1213 2116 Cuius
1247 2053 1376 2137 generis

227 2162 428 2228 commemini
462 2163 642 2245 exemplum
669 2161 885 2226 firmissimrnn
920 2184 958 2226 ex
984 2162 1136 2245 Aeschyli
1165 2161 1303 2246 Septem
1338 2163 1376 2227 ad

226 2274 352 2338 Thebas
376 2296 405 2337 v.
432 2272 508 2336 178:

379 2436 434 2500 κεί
456 2435 502 2514 μή
525 2456 570 2500 τι(
593 2435 692 2515 άρχῆε
721 2439 775 2513 τῇ(
798 2435 874 2514 ἐμῆ(
897 2435 1104 2505 ἀκούεεπαι

1371 2571 1394 2612 a

164 2656 165 2661 1
230 2622 280 2710 [de
304 2622 392 2686 cuius
419 2626 530 2685 tamen
557 2642 666 2684 versus
692 2621 880 2705 integritate
903 2643 968 2684 non
991 2620 1069 2683 satis
1091 2620 1170 2684 mihi
1195 2644 1287 2686 nunc
1312 2645 1379 2707 per-

229 2754 357 2798 suasum
385 2732 457 2820 estl.
481 2770 523 2780 -
550 2731 720 2814 Explicavi
747 2754 852 2795 meam
877 2731 1139 2815 qualemcumque
1168 2734 1381 2797 sententiam.

229 2845 335 2908 Aliter
356 2843 458 2907 visum
482 2846 530 2905 est
553 2842 711 2927 Reisigio,
740 2841 779 2905 de
803 2842 890 2906 cuius
914 2841 1137 2905 emendatione
1161 2843 1306 2908 liberum
1330 2846 1383 2909 uni

230 2955 342 3039 cuique
365 2952 516 3017 iudicium
539 2956 618 3017 esto.
663 2952 724 3016 nst
752 2955 858 3016 autem
881 2952 976 3017 haec:

382 3133 408 3198 εἰ
429 3135 475 3212 μὴ
498 3134 669 3212 τυράννων
692 3134 831 3212 nouom
854 3132 969 3197 δώεει
991 3131 1090 3209 δίκην.

383 3244 564 3308 πέποιθα.
594 3248 670 3308 ποῡ
692 3243 874 3308 κτείναεα
896 3242 1066 3321 κοιράνους
1088 3243 1213 3320 χθονόε

383 3353 492 3439 άθῷοε
515 3353 594 3432 αὐτὴ
616 3344 722 3419 τῶνδε
745 3353 931 3434 φεύξεται
953 3353 1079 3433 δόμων;

231 3532 284 3595 ubi
307 3530 533 3614 praestabilius
562 3533 647 3594 certe
675 3531 772 3594 fuerit
801 3535 857 3596 ποῖ
885 3531 1041 3612 φεύξεται.
1069 3567 1111 3578 -
1142 3529 1205 3594 Sed
1233 3534 1387 3617 qnoniam

230 3642 264 3705 in
280 3641 417 3726 Reisigii
433 3663 541 3704 versor
563 3642 716 3704 memoria
739 3640 911 3704 immortali
920 3690 929 3722 ‚
953 3662 1019 3703 non
1034 3640 1201 3724 ingratam
1219 3642 1293 3706 fore
1309 3644 1386 3707 mul·

230 3752 272 3814 tis
301 3751 439 3815 arbitror
467 3752 548 3815 alius
572 3751 734 3816 cuiusdam
757 3749 990 3815 emendationis
1012 3750 1232 3834 mentionem,
1264 3754 1308 3816 ab
1338 3776 1387 3817 eo·

231 3861 302 3925 dem
318 3848 481 3926 adhibitae
498 3861 692 3947 Aeschyli
711 3862 745 3925 in
761 3862 922 3944 Septem
938 3859 984 3923 ad
999 3860 1157 3924 Thebas
1179 3864 1293 3926 versui
1308 3864 1386 3928 554:

500 4065 627 4080 .....
651 4016 719 4095 χεὶρ
745 4017 778 4079 δ’
801 4016 869 4096 ἐρᾷ
891 4015 929 4079 τὸ
951 4015 1120 4093 θράειμονε

234 4190 315 4251 quae
343 4191 414 4232 meo
441 4167 569 4252 quidem
597 4167 714 4232 iudicio
745 4166 922 4232 certissima
951 4170 1009 4229 est.
1057 4164 1117 4251 [Dc
1146 4164 1209 4229 hoc
1240 4170 1386 4231 nuncin

234 4278 429 4342 contrariam
452 4300 502 4341 me
525 4282 650 4362 partem
672 4278 792 4342 sentire
821 4276 1003 4361 significavi
1024 4296 1119 4358 supra
1143 4297 1175 4357 p.
1200 4276 1270 4340 340
1292 4277 1387 4341 huius

232 4388 419 4453 voluminis:
443 4411 635 4473 quamquam
656 4389 695 4453 de
719 4391 791 4472 ὁρᾷ
813 4387 944 4451 minime
966 4385 1125 4469 persuasit
1146 4383 1385 4471 Hermannus.l
