2948 4996
558 308 699 356 raucam
722 310 868 356 nursia.
1221 295 1280 357 421

138 466 232 526 tanta
256 466 314 543 est,
339 464 459 545 quanta
482 483 549 525 csse
571 461 674 545 prImo
697 461 849 544 adspectu
872 462 1005 526 videtur.
1042 464 1148 545 Atque
1164 463 1283 527 relicua
1303 481 1334 526 ro

137 573 267 656 quidem
298 594 384 635 nunc
422 571 720 655 praetermittimus:
758 594 795 635 ea
829 575 955 636 tautum
990 593 1281 657 commemoramus
1370 581 1373 587 '

46 742 50 750 .
137 705 219 767 quae
244 705 315 747 cum
337 682 398 745 hac
420 681 605 766 quaestione
628 687 703 746 suut
726 682 906 746 coniuncta.
945 682 1057 766 Itaque
1073 683 1190 765 Aeropi
1213 683 1283 747 loco

137 793 199 858 etsi
226 793 333 876 posita
360 796 436 856 sunt
458 791 581 856 Orestis
612 792 666 873 (ne
690 814 708 854 a
731 792 870 855 Diodoro
893 792 1019 875 quidem
1042 793 1169 856 silentio
1192 815 1282 877 prae-

136 903 279 967 termissi
302 902 390 984 XIV,
414 903 469 987 31)
494 906 526 966 11
549 903 680 966 alterius
704 902 866 966 cuiusdam
889 902 1040 966 Archelai
1063 903 1210 985 nomina,
1234 906 1281 966 ta-

136 1036 212 1077 men
241 1035 396 1078 annorum
420 1034 557 1095 summa,
583 1034 663 1096 quae
692 1013 845 1076 ambobus
872 1013 1040 1095 tribuitur,
1070 1035 1134 1077 uno
1154 1016 1282 1077 tantum

136 1146 225 1187 anno
249 1124 373 1188 excedit
395 1123 515 1207 Aeropi
538 1123 716 1207 imperium.
763 1122 840 1204 Sed,
865 1127 948 1206 quod
970 1122 1032 1186 huc
1056 1127 1104 1186 est
1126 1123 1281 1206 imprimis

136 1234 422 1316 accommodatum,
447 1240 479 1297 11
495 1235 655 1317 Amyntae
677 1234 844 1317 imperium
866 1256 932 1297 non
955 1237 1004 1297 est
1024 1235 1282 1316 praetermissum

137 1347 213 1428 post
234 1343 414 1408 Pausaniae
436 1366 570 1408 nomen:
604 1346 694 1428 (nam
716 1343 798 1428 quod
821 1343 929 1408 XXIV
953 1346 1114 1427 Amyntae
1142 1345 1220 1409 anni
1247 1345 1281 1408 in

135 1455 216 1518 duas
240 1457 316 1518 sunt
337 1459 444 1537 partes
467 1454 629 1518 distributi
651 1454 841 1537 interpoSIto
864 1455 963 1539 Argei
986 1476 1103 1539 regno,
1128 1454 1160 1519 id
1182 1455 1281 1538 ipsius

136 1564 272 1629 Diodori
293 1565 446 1628 memoria
469 1565 584 1628 intitur
605 1565 660 1628 lib.
685 1563 763 1628 XIV
787 1587 813 1627 c.
832 1565 888 1628 92:
912 1588 930 1627 a
953 1587 1014 1649 quo
1038 1565 1072 1628 in
1095 1587 1132 1628 eo
1154 1569 1281 1630 tantum

134 1674 311 1758 receditur,
341 1675 423 1759 quod
451 1675 552 1759 Argei
579 1674 743 1738 biennium
771 1697 838 1738 non
867 1675 1049 1738 continetur
1081 1676 1144 1739 illis
1172 1675 1281 1739 XXIV

136 1787 300 1869 Amyntae
323 1786 436 1866 annis,
461 1785 516 1850 sed
539 1785 658 1848 eisdem
681 1788 847 1868 praeterea
871 1779 998 1849 additur
1007 1788 1028 1871 ε)
1053 1788 1085 1849 et
1108 1808 1181 1849 vero
1203 1787 1280 1849 Ale·

136 1895 253 1959 xandri
277 1918 420 1959 annuum
442 1896 611 1979 imperium
635 1898 915 1959 commemoratum
938 1899 996 1958 est.
1033 1896 1145 1979 ltaque
1168 1919 1206 1959 cx
1229 1918 1279 1960 eo-

136 2006 210 2069 dem
238 2006 342 2070 indicc
364 2005 493 2071 Eusebii
523 2005 738 2089 emendandus
767 2009 816 2068 est
842 2005 1089 2089 quinquennalis
1119 2029 1278 2090 numeruS,

135 2115 192 2199 qui
213 2115 384 2180 Perdiccae
406 2115 454 2180 III
476 2116 628 2189 tribuitur
649 2117 683 2178 in
705 2116 889 2199 fragmento
911 2115 1059 2179 Diodori:
1082 2116 1172 2180 illum
1194 2117 1279 2181 enim

136 2247 192 2288 sex
214 2227 319 2308 potius
348 2248 450 2290 annos
472 2225 638 2311 regnando
667 2224 808 2309 explesse
831 2225 869 2288 de
892 2225 1023 2289 Diodori
1052 2227 1213 2291 sententia
1242 2248 1280 2290 ex
1315 2304 1330 2322 ·

137 2358 175 2398 co
205 2335 382 2421 colligitur,
422 2336 504 2419 quod
531 2336 618 2399 trina
647 2335 838 2418 Alexandri,
877 2335 1052 2399 Ptolemaei
1075 2337 1220 2401 Aloritae
1247 2340 1280 2401 et

136 2445 308 2509 Perdiccae
336 2446 471 2529 imperia
500 2448 541 2510 ab
569 2447 610 2509 ol.
636 2446 692 2511 CII
700 2497 708 2529 ,
732 2447 752 2510 3
786 2446 826 2509 ad
849 2469 969 2511 annum
992 2447 1032 2509 ol.
1058 2446 1113 2510 CV
1141 2447 1279 2530 primum

136 2556 328 2638 pertinuisse
355 2556 491 2640 legimus
520 2556 603 2639 apud
626 2556 800 2623 Diodorum
827 2556 906 2638 XV,
930 2556 972 2622 60
994 2560 1027 2620 11
1049 2555 1141 2640 XVI,
1165 2558 1200 2640 23
1238 2558 1278 2621 ad

136 2664 222 2748 quod
250 2664 439 2730 decennium
469 2666 658 2749 explendum
682 2670 811 2758 praeter
839 2689 979 2730 annuum
1004 2667 1181 2731 Alexandri
1207 2691 1278 2750 spa·

135 2774 218 2837 tium
251 2777 283 2838 11
310 2776 484 2839 triennium
511 2775 686 2839 Ptolemaei
723 2799 800 2860 opus
834 2780 883 2840 est
914 2777 1067 2840 sexennio
1095 2776 1276 2861 Perdiccae,

135 2906 201 2949 non
231 2885 464 2968 quinquennio:
492 2889 588 2970 atque
616 2886 699 2949 idem
727 2887 823 2970 plane
846 2886 1058 2969 perscriptum
1087 2889 1135 2949 est
1157 2908 1176 2948 a
1198 2885 1277 2970 Syn·

137 2994 218 3057 cello
245 3017 276 3077 p.
300 2995 363 3058 260
386 3001 410 3059 C
435 2999 468 3058 et
489 2995 552 3058 263
578 3001 605 3058 Β
632 3000 727 3079 atque
756 2996 789 3058 in
818 2996 949 3060 Eusebii
978 2996 1108 3060 Canone
1139 3018 1171 3078 p.
1203 2996 1275 3059 221.

136 3103 344 3188 Eandemque
376 3105 410 3168 iu
437 3106 565 3168 modum
592 3106 710 3190 viginti
737 3106 798 3168 duo
827 3106 921 3188 anni,
966 3105 1019 3188 qui
1046 3104 1218 3169 Perdiccae
1245 3104 1277 3167 II

137 3215 224 3298 (eius
247 3214 301 3298 qui
324 3215 496 3279 antecessit
519 3215 732 3300 Archelaum)
760 3216 894 3299 imperio
921 3215 1106 3278 tribuuntur
1134 3214 1168 3277 in
1190 3215 1276 3299 frag-

135 3328 246 3387 mento
264 3323 406 3407 Diodori,
431 3325 571 3410 augendi
593 3348 657 3388 uno
679 3348 765 3389 anno
788 3329 863 3389 sunt
886 3347 923 3389 ex
947 3324 1052 3387 iudice
1074 3324 1130 3387 illo
1144 3322 1276 3387 Eusebii

136 3438 170 3497 et
186 3433 333 3517 Syncello
356 3458 387 3518 p.
405 3435 466 3498 247
484 3440 513 3498 Β
534 3439 567 3498 11
589 3435 708 3516 2621),
733 3436 920 3520 quibuscum
942 3435 1078 3498 vidimus
1102 3454 1276 3518 congruere
1371 3422 1374 3426 ⁵

135 3542 300 3626 Marsyam
322 3548 416 3626 atque
439 3543 675 3628 Philochorum,
699 3546 848 3631 egregiae
870 3545 1041 3628 scriptores
1064 3543 1275 3627 auctoritatis,

134 3674 214 3737 quos
237 3653 304 3736 ipse
327 3658 453 3718 secutus
476 3654 661 3719 Athenaeus
685 3658 733 3718 est
754 3656 808 3719 lib.
830 3654 860 3718 V
882 3678 914 3738 p.
938 3655 1000 3718 217
1026 3659 1060 3716 Ε.
1106 3653 1276 3717 Praeterea

135 3785 209 3828 cum
236 3763 275 3827 de
298 3786 454 3828 annorum
476 3787 598 3828 summa
620 3765 791 3830 Perdiccae
811 3766 827 3829 I
850 3764 1003 3849 (eiusdem
1025 3784 1118 3847 quem
1139 3764 1276 3846 primum

133 3874 348 3938 Macedonum
375 3896 484 3959 regem
506 3874 707 3959 Thucydides
735 3877 848 3939 statuit
871 3898 941 3939 cum
963 3873 1141 3958 Herodoto)
1175 3873 1275 3957 dupli-

135 3984 217 4048 citer
244 3984 398 4048 traditum
425 3986 602 4069 reppererit
629 3984 784 4048 Eusebius
813 3985 848 4049 in
875 4007 931 4048 suo
959 3984 1092 4048 Diodori
1119 3983 1273 4066 exemplo,

133 4092 241 4157 111111
268 4116 299 4176 p.
323 4095 401 4176 323,
427 4096 461 4159 8:
495 4093 749 4180 quandoquidem
778 4096 932 4158 alterutra
960 4094 1118 4178 scriptura
1145 4114 1274 4157 necesse
1295 4107 1323 4153 11

133 4207 185 4268 est
213 4207 362 4286 corrupta
384 4204 481 4268 fuerit
508 4205 541 4268 in
565 4205 673 4269 codice
695 4228 771 4287 ms,
800 4225 924 4268 mecum
951 4207 1030 4288 puta
1052 4203 1143 4267 XLII
1172 4226 1275 4267 annos

131 4312 307 4379 Perdiccae
329 4314 426 4377 tribui
450 4337 468 4377 a
490 4315 644 4398 Diodoro,
670 4337 736 4379 non
758 4314 905 4380 XLVIII.
