2904 4996
233 362 294 426 698
569 377 615 421 on
639 377 793 422 uruuurm
818 376 1042 422 rmusioaoco

236 532 284 592 ll.
311 529 351 593 14
373 529 490 592 omissa
511 529 546 592 in
569 533 643 611 ΒΚ,
674 549 745 591 cum
774 531 872 592 BKM
896 526 1050 591 Hesiodia
1078 551 1111 612 p.
1133 529 1193 611 63,
1217 530 1240 592 4
1261 530 1375 593 omissa

234 640 269 702 in
292 645 328 702 C:
364 642 475 702 tamen
506 639 608 702 altera
637 660 675 701 ex
703 641 795 721 parte
825 660 896 702 cum
920 643 943 701 0
969 640 1058 702 caret
1078 638 1268 724 fragmento
1291 639 1375 703 ades·

231 753 309 831 poto
332 773 363 832 p.
387 749 444 831 63,
468 750 488 812 6
517 748 767 832 Callimachique
794 748 959 812 versiculis
988 771 1019 832 p.
1043 749 1101 831 69,
1125 750 1157 832 6,
1181 749 1317 813 serratis
1343 752 1376 813 iu

236 864 339 924 BKM.
384 858 489 933 Quid?
514 859 597 942 quod
620 858 760 922 eiusdem
783 857 971 922 Callimachi
994 881 1026 942 p.
1053 858 1129 941 138,
1157 862 1174 922 l
1198 859 1298 923 verba
1319 883 1376 923 666

236 976 261 1032 Α
292 990 353 1033 666
381 973 467 1034 BCK
492 968 630 1051 habent,
666 969 720 1032 scd
749 991 830 1032 unus
859 990 876 1032 e
903 969 1021 1032 nostris
1050 974 1096 1033 M.
1147 968 1251 1033 Vides
1284 993 1376 1053 quam

234 1080 314 1142 miro
337 1078 520 1142 discrimine
542 1078 627 1142 bona
649 1079 750 1142 mixta
775 1079 869 1143 malis
896 1079 1014 1163 singuli
1035 1078 1110 1142 libri
1131 1082 1282 1162 teneant,
1305 1103 1376 1164 quo-

234 1211 305 1251 rum
326 1188 394 1252 fere
417 1189 505 1252 nullo
528 1189 596 1251 sine
620 1189 726 1272 aliquo
749 1189 940 1253 detrimento
964 1210 1138 1252 careamus.

319 1297 470 1380 Superest
485 1302 520 1361 ut
535 1300 605 1381 ipsa
627 1299 865 1362 testimonia
887 1303 1092 1381 poetarum
1116 1304 1272 1383 excerpta
1295 1301 1376 1364 infra

235 1430 363 1492 ponam,
386 1430 450 1472 uno
471 1409 597 1473 excluso
614 1408 772 1491 Homero,
796 1412 831 1472 ut
853 1410 888 1472 in
911 1409 999 1472 cuius
1021 1409 1254 1473 mactationem
1278 1412 1376 1475 bonae

139 1565 141 1569 .
234 1519 337 1602 frugis
360 1518 440 1582 nihil
464 1540 481 1582 6
502 1518 621 1581 talibus
644 1518 811 1583 redundet.
842 1518 926 1583 Nam
949 1519 984 1582 in
1004 1519 1109 1602 poetis
1130 1519 1218 1583 hanc
1242 1521 1376 1603 opellam

236 1628 399 1710 contineo,
421 1650 488 1692 non
503 1612 625 1692 Basilio
641 1632 778 1711 tantum,
803 1629 1037 1713 Chrysostomo,
1055 1628 1186 1712 t'yrillo,
1212 1629 1375 1714 Gregoriis

234 1735 266 1800 N
268 1738 442 1802 azianzeno
471 1741 503 1801 66
525 1738 687 1822 Nysseno,
717 1739 794 1802 item
823 1740 920 1804 Sacra
943 1739 1108 1822 Scriptura
1130 1741 1373 1822 praetermissis,

235 1848 410 1912 sedetiam
427 1848 611 1933 Aristotele,
635 1848 813 1933 Epicureis,
838 1848 971 1932 Galen0,
995 1848 1206 1932 Hippocrate,
1231 1850 1373 1914 Platone.

320 2069 357 2132 P.
382 2070 440 2151 32,
471 2071 490 2133 9
524 2073 629 2136 καθὼς
661 2072 818 2150 ‘'Opnpoc·
851 2069 947 2155 ῥύπῳ
981 2070 1020 2134 (λέ
1050 2069 1086 2132 οἱ
1115 2067 1263 2147 αὐαλέος
1294 2067 1375 2154 χρώς

237 2178 402 2263 ἐσκλήκει.
454 2180 518 2243 Vbi
545 2181 680 2246 αἰολέω(
704 2181 749 2257 Α,
777 2181 902 2245 αὐλέω(
931 2180 1006 2258 ΒΚ,
1034 2180 1153 2246 αὐλέο(
1180 2180 1226 2244 Μ.
1273 2181 1374 2244 Verbo

235 2295 311 2352 sunt
333 2291 541 2373 Apollonii
563 2290 681 2354 Rhodii
704 2290 746 2373 Π,
770 2291 848 2354 20οε
877 2291 960 2373 πίνῳ
982 2292 1018 2355 δέ
1041 2291 1072 2355 οἱ
1094 2290 1272 2356 αὐεταλέοε
1295 2295 1374 2372 χρὼ(

236 2401 389 2483 ἐεκλήκει,
419 2401 473 2464 ubi
502 2401 598 2463 etiam
628 2400 726 2464 schol.
758 2400 834 2464 Eur.
860 2400 914 2465 Or.
938 2401 1001 2466 215
1023 2400 1100 2483 (225
1122 2400 1217 2486 Ddf.)
1242 2403 1374 2467 αὐαλέο(

236 2509 343 2574 habet.
389 2511 482 2577 πίνος
504 2511 591 2574 vocis
615 2512 697 2593 apud
720 2510 883 2594 utriusque
913 2514 1027 2594 poetae
1050 2509 1259 2575 scholiastam
1283 2512 1373 2575 iuter·

236 2621 374 2703 pretatio
397 2625 446 2684 est
469 2622 581 2700 perot.

320 2730 356 2793 P.
373 2732 468 2813 37,9
491 2721 570 2814 αἷμα
593 2727 658 2813 γὰρ
681 2728 893 2812 ἀνθρώποισι
916 2729 1135 2813 περικάρᾶιοο
1160 2731 1256 2795 ἐστὶν
1279 2729 1371 2814 rippa.

236 2841 289 2906 Sic
312 2843 357 2923 A3
380 2841 435 2904 sed
458 2842 540 2906 ttriv
563 2842 690 2920 ἄναμμα
712 2840 787 2924 ΒΚ,
811 2842 873 2905 teri
895 2842 999 2919 νόημα
1021 2841 1080 2904 CM
1105 2862 1177 2904 cum
1199 2840 1372 2925 Porphpuio

236 2951 376 3034 Stobaci,
401 2951 590 3034 Philopono,
615 2950 733 3015 Orione
757 2956 789 3014 et
812 2951 888 3038 (nisi
911 2950 993 3034 quod
1016 2952 1077 3015 ἐετὶ
1094 2951 1173 3035 om.)
1197 2951 1308 3035 Etym.
1331 2951 1370 3013 ll.

236 3064 331 3145 atque
366 3061 523 3124 Gudiano
579 3060 832 3144 Empedoclis
865 3082 973 3123 versus
1007 3064 1055 3123 est
1087 3062 1149 3125 317
1185 3060 1291 3125 Stura.
1328 3061 1373 3123 rel

235 3171 356 3255 Karst,
387 3171 450 3235 329
472 3170 591 3235 Steinz
627 3172 665 3234 de
693 3193 754 3254 quo
776 3171 847 3234 vide
870 3169 1044 3254 Bergkium
1067 3169 1106 3233 de
1128 3172 1186 3234 rel.
1211 3193 1294 3235 com.
1318 3173 1372 3234 att.

236 3285 303 3345 666.
319 3304 351 3364 p.
371 3282 441 3346 167.
479 3282 673 3361 ἀνθρώποιει
695 3303 753 3364 pro
775 3281 959 3361 ἀνθρώποις
982 3280 1079 3343 ctiam
1102 3279 1212 3363 Etym.
1238 3282 1284 3344 M.
1309 3280 1372 3364 (sed

236 3414 301 3455 non
325 3391 392 3455 cod.
418 3391 524 3475 Sorb.)
548 3394 580 3454 66
596 3384 746 3474 ¹quamvis
770 3395 952 3473 corruptum
975 3389 1057 3453 Gud.
1081 3395 1224 3454 servant.

319 3501 356 3565 P.
373 3503 414 3566 63
421 3502 467 3584 ,4
490 3503 539 3566 καὶ
560 3502 622 3581 γὰρ
644 3502 789 3566 Ἡείοδο(
813 3503 900 3581 φηεὶ·
924 3498 1047 3582 ώραῑος
1068 3498 1106 3564 dt
1128 3512 1291 3582 γυναῖκα.
1314 3502 1375 3567 θοί-

235 3615 339 3695 λαμος
361 3612 409 3686 εἰς
430 3609 523 3694 ὥραν
546 3613 609 3693 ἔχε.
641 3610 817 3695 Vtrumque
837 3611 1056 3674 testimonium
1078 3632 1139 3673 om.
1160 3611 1196 3693 Ο,
1222 3614 1377 3696 posterius

234 3722 280 3784 A:
303 3722 424 3785 habent
446 3726 613 3805 utrumque
636 3720 739 3784 BKM.
763 3727 923 3798 γυναικῶν
945 3722 985 3784 Α.
1007 3759 1050 3770 —
1072 3720 1166 3784 Prius
1191 3722 1324 3802 (ὡραῖοι
1345 3726 1378 3787 δὲ

234 3835 377 3911 γυναῖκα)
408 3831 448 3894 ad
479 3831 646 3895 Hesiodi
674 3831 735 3914 Op.
759 3832 822 3897 696
850 3835 989 3915 spectat,
1016 3831 1051 3893 iu
1079 3831 1182 3894 altero
1205 3833 1295 3896 haud
1318 3834 1379 3897 scio

235 3964 276 4004 66
305 3941 407 4004 exitus
436 3942 586 4005 senarii
618 3943 736 4023 lateat,
766 3942 853 4004 velut
879 3941 937 4004 tali
968 3941 1127 4023 exemplo:
1164 3944 1313 4024 θάλαμοί
1340 3944 1379 4009 εἰ(

234 4050 322 4130 ὥραν
343 4053 459 4132 τυχών.

319 4160 355 4223 Ρ.
379 4162 436 4244 69,
460 4162 481 4224 2
509 4164 559 4228 καὶ
588 4164 732 4242 Ὅμηρο(
760 4157 839 4246 ἔρρε
867 4160 953 4244 κακὴ
980 4160 1087 4246 γλήνη
1116 4163 1156 4226 τὰ
1187 4166 1290 4230 λευκὰ
1319 4170 1381 4231 τῶν

234 4270 414 4350 ὀφθαλμῶν
449 4274 542 4349 λέγει.
575 4275 594 4337 ὁ
630 4274 835 4354 ἐπιπεφυκὼς
868 4275 903 4336 δὲ
936 4275 1034 4352 χιτὼν
1069 4275 1209 4348 λογάδες
1244 4279 1384 4342 καλεῖται

235 4381 322 4476 παρὰ
337 4388 382 4465 τῷ
404 4389 533 4465 ποιηπῇ·
556 4382 664 4459 λοξῶν
686 4386 762 4464 φη(ὶ
784 4379 841 4458 τὰς
857 4381 1011 4463 λογάδας.
1043 4381 1257 4448 Homericum
1281 4409 1382 4450 erem-
