2896 4996
385 320 646 369 anonocoarvn
668 319 952 368 vianononansn.
1177 304 1240 367 579

99 497 131 558 p.
148 474 189 537 27
195 474 242 558 1):
266 473 344 536 item
359 472 551 537 Demetrii
573 477 639 538 τῶν
655 472 680 540 ζ’
695 479 809 555 εοφῶν
833 473 1067 553 ἀποφθέγματα
1088 472 1165 535 ibid.
1183 472 1240 536 79:
1367 525 1370 528 a

99 585 196 648 latius
229 583 334 666 patuit
367 583 434 647 eius
466 584 641 666 industria,
676 584 729 667 qui
767 587 895 667 praeter
929 583 1241 662 ἀπομνημονεύματα

99 698 395 778 supramemorata
418 694 515 757 etiam
537 694 826 775 ἀποφθέγματα
856 692 964 757 dedita
986 714 1083 776 opera
1106 693 1240 756 collecta

99 804 216 888 edidit,
240 804 387 888 Lyncei
408 802 523 868 Samii:
547 804 635 867 cuius
659 803 849 886 aliquotiens
872 805 913 867 ab
929 804 1098 867 Athenaeo
1118 804 1240 868 mentio

97 915 196 978 facta.
229 913 297 978 Nec
318 918 429 978 tamen
450 914 485 977 in
506 913 568 976 hac
590 913 799 996 inscriptione
816 914 896 977 fines
912 913 1126 977 substiterunt
1146 912 1240 976 huius

99 1025 246 1109 generis:
268 1024 426 1107 imprimis
441 1023 527 1087 enirn
542 1022 604 1087 huc
619 1023 784 1106 pertinent
806 1023 835 1086 ei
856 1023 942 1106 libri,
966 1023 1079 1108 quibus
1101 1023 1241 1087 indicem

97 1135 245 1198 fecemnt
267 1139 403 1215 χρεῖαι.
448 1134 537 1209 Quod
560 1134 687 1218 quidem
712 1155 830 1197 nomen
852 1155 914 1217 quo
935 1135 1052 1216 valeat,
1078 1134 1240 1198 commode

98 1244 298 1328 intellegitur
321 1266 359 1307 ex
381 1243 596 1329 Hermogenis
617 1243 791 1328 Progymn.
815 1244 879 1308 c.3
902 1266 933 1327 p.
952 1244 992 1309 13
1006 1244 1128 1308 Wala:
1151 1245 1241 1325 χρεία

97 1357 181 1420 ἐετὶν
205 1344 477 1434 ἀπομνημόνευμα
504 1356 605 1430 λόγου
631 1356 718 1421 τινὸε
740 1356 760 1434 ἢ
782 1355 929 1435 πράξεωε
950 1356 970 1433 ἢ
993 1357 1240 1436 ευναμφοτέρου

98 1466 257 1544 εόντομον
286 1467 363 1543 ἔχον
391 1467 543 1544 cathmor:
582 1465 695 1548 quibus
729 1464 925 1528 conveniunt
955 1463 1136 1547 Aphthonii
1163 1464 1240 1528 Pro-

97 1596 208 1659 gymn.
234 1597 260 1639 c.
277 1577 297 1640 3
313 1597 345 1658 p.
361 1575 402 1639 62
424 1575 518 1640 haec:
542 1576 632 1655 χρεία
654 1575 927 1654 ἀπομνημόνευμα
949 1575 1108 1654 (ύντομον
1131 1575 1239 1641 εὐετό-

97 1707 164 1764 χω(
192 1686 247 1750 ἐπί
272 1708 302 1750 τι
330 1686 506 1766 πρόςωπον
535 1686 760 1767 ἀναφέρουεα,
795 1685 934 1769 itemque
965 1684 1105 1748 Theonis
1142 1686 1239 1749 verba

96 1794 193 1880 Prog.
219 1817 246 1859 c.
269 1796 290 1860 5
312 1818 343 1878 p.
367 1796 445 1859 201:
472 1797 629 1862 εύντονοε
652 1796 812 1877 ἀπόφαειε
834 1798 854 1875 ἢ
877 1800 988 1875 πρᾶξις
1011 1795 1238 1876 ἀναφερομένη

95 1908 169 1985 μετ’
192 1906 355 1986 εὐετοχίαε
383 1906 428 1971 εἴ(
449 1929 478 1971 τι
500 1907 676 1986 ὼριεμένον
705 1907 882 1986 πρόεωπον
904 1909 924 1986 ἢ
947 1907 1133 1983 ἀναλογοῦν
1160 1928 1238 1987 προ·

96 2019 205 2100 εώπῳ.
249 2015 320 2079 Nisi
343 2015 442 2099 quod,
472 2039 567 2100 quam
594 2017 772 2081 rhetoricae
795 2017 943 2101 magistri
966 2017 1051 2080 inter
1072 2017 1182 2097 χρείαν
1206 2021 1239 2080 et

95 2127 291 2207 ἀπόφθεγμα
313 2125 509 2190 intercedere
525 2126 744 2191 diversitatem
764 2130 921 2210 statuunt,
946 2147 983 2190 ea
999 2126 1125 2210 quidem
1141 2127 1238 2191 solius

94 2236 176 2298 artis
200 2239 249 2299 est
270 2257 331 2300 nec
353 2236 387 2299 in
409 2236 468 2299 hos
489 2240 597 2320 potest
619 2237 790 2321 scriptores
806 2236 1050 2319 accommodari,
1074 2236 1127 2320 qui
1149 2238 1238 2301 nullo

94 2347 279 2431 argumenti
308 2346 491 2411 discrimine
519 2348 570 2411 vel
598 2348 832 2428 ἀποφθέγματα
852 2347 904 2411 vel
927 2348 1033 2428 χρείαε
1057 2368 1237 2431 composue-

93 2459 181 2520 runt.
227 2457 277 2521 Ac
304 2457 537 2521 nobilissimum
570 2458 605 2521 in
633 2457 694 2521 hoc
721 2479 838 2543 genere
871 2458 1048 2540 exemplum
1083 2458 1173 2521 novit
1205 2461 1238 2522 et

92 2567 250 2632 tractavit
286 2568 492 2650 Athenaeus,
530 2568 675 2632 iambicis
711 2567 855 2632 semibus
894 2567 1092 2651 conscriptas
1128 2568 1236 2648 χρεία(

92 2678 301 2742 Machanis
332 2679 444 2743 comici
472 2682 596 2762 poetae.
642 2678 749 2743 Secuti
778 2682 854 2741 sunt
882 2677 1064 2761 philosophi
1086 2677 1235 2742 Aristo-

91 2789 200 2852 teles
216 2792 248 2853 et
263 2787 515 2872 Aristippus,
540 2809 672 2872 quoram
687 2789 779 2852 huius
802 2788 836 2851 in
859 2788 987 2871 scriptis
1010 2787 1107 2851 etiam
1129 2789 1236 2868 χρεία(

92 2897 257 2982 Diogenes
280 2898 322 2980 II,
346 2898 517 2980 serasera,
541 2919 580 2962 ex
602 2899 688 2962 illius
711 2902 817 2962 autem
839 2898 957 2979 χρείαιε
980 2896 1122 2980 Gelonis,
1147 2898 1234 2962 Ana-

91 3006 217 3088 xarchi,
251 3008 393 3094 Gorgos,
422 3008 514 3090 Lasi,
547 2991 786 3090 Demosthenis,
822 3007 959 3071 Zenonis
966 3056 976 3089 ,
1008 3007 1233 3090 Anacreontis,

91 3115 256 3200 Alexidis,
293 3118 432 3203 Gorgiae
461 3118 734 3204 apophthegmata
763 3117 918 3183 Stobaeus
951 3116 1094 3200 protulit.
1139 3115 1234 3181 Prac-

88 3231 183 3291 terea
204 3228 269 3290 tres
291 3230 363 3309 περὶ
385 3234 502 3310 χρειῶν
524 3231 694 3313 scriptores
716 3227 883 3311 usurpavit
898 3226 1060 3311 Diogenes
1076 3225 1232 3310 Laertius
1345 3290 1355 3305 ,

88 3336 340 3401 Hecatonem
374 3337 531 3420 Stoicum,
566 3337 796 3402 Metroclem
829 3337 1000 3421 Cynicum,
1040 3336 1233 3400 Zenonem

88 3447 278 3514 Citiensem.
314 3447 455 3522 Quorum
479 3447 531 3511 hic
553 3448 707 3531 Cratetis,
738 3449 819 3511 alter
840 3447 995 3531 Diogenis
1023 3447 1136 3530 Cynici
1159 3470 1232 3531 apo-

86 3556 270 3642 phthegma
297 3558 446 3640 praebuit
468 3557 530 3639 VI,
558 3558 609 3621 ol.
642 3559 698 3622 33:
735 3557 860 3621 Hecate
883 3561 989 3621 autem
1016 3556 1231 3640 Antisthenis

85 3667 258 3751 Diogenis,
276 3667 449 3748 Metroclis,
473 3667 622 3749 Zenonis
647 3667 812 3732 Cleanthis
828 3667 882 3731 lib.
904 3666 956 3749 VI,
973 3668 1003 3730 4.
1021 3669 1073 3731 32.
1091 3669 1142 3732 95.
1157 3666 1230 3750 VII,
1244 3684 1283 3733 ,ul

82 3779 119 3843 2.
151 3776 204 3841 aa.
236 3776 306 3842 ur.
356 3777 477 3852 onina
504 3760 669 3841 aroenae
702 3778 837 3861 denique
871 3799 887 3841 e
921 3776 1058 3841 sabaeo
1091 3776 1232 3841 nana

80 3889 205 3970 χρεῖαι.
248 3885 316 3951 Nec
343 3890 452 3951 tamen
479 3888 530 3951 vel
558 3887 697 3952 eiusdem
725 3887 810 3951 illius
837 3887 1013 3951 Hecatonis
1036 3888 1086 3951 vel
1109 3887 1232 3950 Aristo-

80 3998 149 4064 clis
171 3997 339 4076 παράδοξα
360 3998 422 4062 hnc
450 3999 615 4081 pertinent
637 4019 654 4062 e
676 3998 822 4082 Diogene
845 3998 923 4079 VII,
951 3997 1011 4059 124
1038 4002 1070 4061 et
1094 3997 1231 4062 Stobaeo

77 4105 206 4187 LXIV,
230 4107 282 4171 37.

175 4215 237 4279 Sed
266 4220 315 4279 est
342 4217 406 4280 alia
433 4222 599 4300 praeterea
627 4217 795 4301 inscriptio
824 4218 996 4302 quaedam,
1026 4217 1130 4304 magis
1160 4240 1230 4283 cnm

73 4331 149 4395 hoc
172 4325 208 4389 in
230 4348 292 4410 quo
314 4348 476 4391 versamur
499 4350 618 4412 genere
641 4328 822 4392 coniuncta.
853 4329 984 4392 Etenim
999 4330 1230 4409 ὁμοιώματα

964 4433 1029 4496 37*
