2904 4996
205 346 269 413 682
536 360 778 412 υτνιιουοοιοι
801 359 1018 409 mammem

290 516 604 597 Ἀποςκορακὶζιυ
628 564 767 580 .....

289 628 531 709 Ἀπότροπος
554 627 645 692 οἰνος
669 675 781 691 .....
812 626 916 692 οὕτως
943 627 1178 707 Ἐπαφρόδιτος
1209 627 1246 695 ἐν
1275 627 1351 692 ὑπο

204 742 311 821 μνήςει
332 740 479 805 Ἀςπίόος
500 738 654 804 Ἡςιόδου.

288 852 502 932 Ἀπριότην
533 898 669 913 .....
700 848 733 915 ἐξ
762 847 801 915 οὗ
823 850 874 914 καὶ
895 849 934 914 τὸ
957 846 1105 931 ποιῶμαι
1128 851 1226 930 φηςὶν
1249 850 1269 914 ὁ
1293 871 1355 914 ιιυι-

204 965 311 1042 μιυδὸς
334 960 491 1043 σελάχιον
515 1007 655 1025 .....

289 1072 572 1154 Ἀργειφόντης
598 1119 738 1133 .....
771 1070 876 1135 οὕτως
904 1069 1002 1150 εὖρον
1032 1071 1068 1137 ἐν
1096 1072 1277 1151 ὑπομνήςει
1299 1075 1356 1135 τοῦ

204 1183 361 1252 Ήςιόδου.

289 1293 340 1358 20.
365 1294 451 1374 Ἀρά
476 1342 587 1356 .....
611 1294 661 1356 καὶ
675 1292 834 1382 Ὅμηρος·
858 1289 974 1373 εὔχετο
989 1288 1072 1376 χεῖρ’
1090 1288 1224 1376 ὀρέγων
1242 1343 1358 1355 .....

223 1394 225 1399 ⁴
290 1405 574 1485 Ἀργειφόντης
596 1403 615 1466 ὁ
638 1404 748 1482 Ἑρμῆς
771 1404 851 1482 παρ’
866 1402 994 1483 Ὁμήριυ
1017 1405 1068 1467 καὶ
1090 1405 1181 1483 παρὰ
1204 1406 1359 1469 πολλοῖς

205 1516 292 1595 παρὰ
314 1517 349 1579 δὲ
373 1515 542 1596 (οφοκλῆς
564 1514 616 1579 ἐπὶ
638 1517 697 1578 τοῦ
720 1512 915 1579 ἀπόλλωνος
943 1514 994 1578 καὶ
1020 1514 1208 1593 παρθενίου.
1231 1517 1287 1579 καὶ
1309 1515 1360 1579 ἐπὶ

205 1630 263 1691 τοῦ
285 1629 429 1707 τηλεφοῦ
452 1625 526 1707 (sic)
551 1673 691 1687 .....

290 1737 476 1816 Ἀργυρος
504 1783 645 1798 .....

293 1844 337 1932 [Ἀ
344 1847 531 1926 ργύρειος
548 1892 757 1908 .......
781 1847 821 1910 τὰ
842 1842 945 1930 χρόο.]
968 1845 1008 1909 τὰ
1031 1849 1172 1924 ςτυθμοβ
1189 1846 1361 1924 γράμματα

205 1957 277 2037 τρία
301 2005 442 2019 .....

291 2068 420 2148 Ἄρόις
446 2067 465 2144 ἡ
489 2067 555 2131 ἀκλς
578 2072 637 2131 τοῦ
660 2068 786 2147 βέλους.
809 2067 859 2129 καὶ
882 2065 988 2130 οὕτως
1013 2066 1232 2145 Καλλίμαχος·
1261 2063 1362 2142 αὐτὸς

207 2172 224 2241 ὁ
256 2171 412 2260 τοξευτής
444 2174 547 2259 ἄρδιν
580 2177 665 2258 ἔχων
698 2174 812 2258 ἑτέρου
851 2225 1014 2239 .....
1051 2175 1157 2241 οὕτως
1195 2179 1361 2261 Ἐπαφρό

207 2293 303 2353 διτος.

291 2397 342 2463 25.
366 2399 520 2478 Ἀρειος
536 2399 639 2474 πάγος
658 2447 756 2460 .....
777 2399 987 2478 Καλλίμαχος·
1012 2397 1051 2460 αἱ
1069 2397 1106 2461 δὲ
1123 2397 1240 2481 πάγον
1256 2400 1360 2483 φερέ-

207 2525 306 2572 ουσιν
329 2507 492 2590 ἔποὶρρεος
516 2557 655 2572 .....
680 2510 699 2586 ἢ
724 2507 768 2573 ὼς
791 2529 887 2590 φηςιν
909 2509 1074 2589 Αἰςχύλος,
1098 2509 1148 2573 ότι
1171 2511 1204 2573 οἱ
1227 2513 1361 2590 Ἀμαζό-

207 2640 260 2686 νες
283 2620 335 2684 ἐπὶ
357 2619 416 2684 τὸν
437 2619 542 2686 τόπον
564 2621 689 2685 ἐκεῖνον
712 2619 960 2699 ἐςτρατεύςοντο
982 2620 1096 2700 Ἄρεος
1120 2618 1224 2686 ὄντας
1245 2672 1359 2687 .....

209 2730 254 2794 ὡς
276 2731 326 2793 καὶ
349 2731 506 2810 Ὅμηρος·
529 2727 634 2811 πάγος
657 2725 727 2792 δέοι
750 2723 979 2812 ἀντιβολῆσαι.

206 2937 409 2948 ——-——·

275 3051 315 3100 16.
353 3044 560 3112 Ἀποςιςοριιίζω
580 3043 640 3097 cod.
659 3067 693 3092 =
710 3043 753 3098 Et.
774 3043 810 3097 M.
832 3041 909 3098 Sorb.
932 3049 988 3110 197,
1007 3049 1040 3098 99

275 3145 314 3192 17.
352 3139 530 3205 Ἀπότροπος
547 3159 582 3184 =
601 3136 671 3191 Gud.
690 3145 731 3203 69,
749 3142 782 3191 43

277 3237 315 3286 18.
354 3232 508 3300 Ἀπριάτην
525 3254 559 3278 =
577 3230 647 3284 Gud.
668 3237 708 3296 70,
727 3236 771 3296 253
789 3230 834 3285 Et.
854 3231 889 3285 M.
911 3229 989 3285 Sorb.
1012 3237 1068 3296 132,
1086 3235 1128 3284 4'6.
1154 3262 1190 3271 -
1213 3232 1361 3303 Eupolidis

205 3327 238 3379 fr.
259 3343 285 3394 p.
306 3331 355 3378 428
374 3342 415 3391 sq.
435 3324 516 3378 Mein.

276 3441 314 3489 19.
354 3437 555 3503 Ἀργειφόντης
572 3460 607 3482 =
625 3436 694 3490 Gud.
718 3442 758 3501 71,
776 3440 876 3488 41-49

273 3535 314 3583 20.
353 3530 432 3596 Ἀρά;
453 3531 485 3583 cf.
507 3529 576 3582 Gud.
597 3536 679 3595 79,1.
700 3536 731 3583 13

274 3629 314 3677 91,
354 3624 555 3691 Ἀργειφόντης
581 3646 615 3670 =
641 3622 711 3676 Gud.
741 3629 781 3688 72,
808 3627 853 3675 52:
884 3622 917 3675 cf.
946 3620 1069 3677 crameri
1094 3623 1204 3677 Anecd.
1233 3624 1301 3679 Par.
1326 3624 1360 3677 lv

206 3735 232 3784 p.
253 3721 294 3782 60,
312 3722 353 3770 21.
372 3746 405 3754 -
424 3715 568 3784 Sophoclis
587 3717 621 3769 sr.
641 3722 689 3771 917
708 3716 777 3769 ch.

274 3833 315 3880 2⁵2.
353 3828 486 3894 Ἀργυρός
506 3827 565 3880 eod.
584 3827 706 3880 =G11d.
727 3832 767 3892 74,
786 3832 802 3879 6

172 3934 178 3948 ’
273 3924 315 3974 23.
353 3922 420 3975 Ἀτά
439 3924 544 3986 χαλκοῦ
563 3927 693 3987 ςτςιθμοῖς
712 3921 860 3988 γράμματα
879 3919 944 3986 τρίοι
961 3920 1016 3972 κτὲ.
1035 3917 1095 3971 cod.
1114 3940 1151 3964 =
1171 3919 1248 3975 Gud.
1269 3929 1313 3985 ⁷4,
1333 3931 1362 3977 10

272 4020 313 4066 24.
349 4016 402 4080 Ἀρ
425 4015 443 4078 ή
468 4015 537 4080 ἀκὴς
559 4019 611 4067 τοβ
635 4017 731 4079 βέλους
750 4013 810 4068 cod.
834 4037 868 4061 =
892 4011 962 4067 Gud.
983 4017 1023 4077 73,
1041 4017 1069 4076 9,
1092 4011 1190 4080 Etym.
1215 4014 1256 4070 M.
1283 4016 1361 4071 Sorb.

206 4113 263 4172 137,
281 4113 322 4161 49.
342 4137 375 4146 -
394 4105 556 4161 Callimachi
574 4109 607 4162 fr.
630 4115 676 4162 130

274 4215 314 4262 25.
351 4210 461 4275 Ἄρειος
480 4209 571 4273 πάγος
588 4232 623 4256 =
640 4209 710 4262 Gud.
731 4215 772 4274 74,
791 4215 837 4275 37,
856 4209 900 4263 Et„
919 4209 955 4262 M.
976 4207 1056 4262 Sorb.
1077 4213 1134 4272 139,
1148 4214 1176 4263 8.
1196 4240 1231 4249 -
1253 4211 1361 4266 Gallim.

206 4304 239 4353 sr.
258 4306 315 4355 419.
336 4332 368 4341 -
390 4302 490 4357 Aeseh.
513 4302 592 4356 Eum.
617 4309 667 4356 930
685 4303 718 4357 H.
745 4332 778 4343 -
801 4304 939 4372 Ὅμηρος]
963 4303 1048 4356 immo
1066 4301 1213 4357 Hesiodus
1239 4304 1320 4360 Senti
1337 4323 1359 4358 ν.

206 4400 255 4447 439
275 4396 376 4462 (πάγος
395 4398 425 4450 δέ
443 4397 469 4450 ολ
487 4398 687 4465 ἀντεβόληςεν)
