2924 4996
391 313 550 364 nrosrsn
572 313 924 363 marcannassrnsm.
1169 295 1232 359 479

92 470 154 534 vol.
186 468 202 531 l
229 491 260 552 p.
284 467 347 532 240
373 467 427 531 ille
445 467 524 550 ‚ipse
554 468 854 531 commemoraretur
879 465 1142 529 membranaceus
1164 455 1232 529 Ι373

91 579 171 661 ‘fol.,
201 600 284 642 saec.
308 577 381 641 XV'
419 581 583 663 tamquam
617 575 815 640 Bessarionis
847 576 934 639 iussu
969 597 1067 640 manu
1099 575 1231 639 loannis

92 688 195 752 Rhosi
218 688 404 771 descriptus,
427 692 538 770 postea
561 689 667 750 autem
691 708 762 750 cum
784 707 803 749 a
824 685 957 770 Sigonio
980 686 1142 752 consultus
1164 688 1232 748 tum

91 797 256 883 Sylburgii
286 819 398 861 caussa
425 798 466 862 ab
494 796 691 880 Hieronymo
714 796 903 860 Donzellino
926 794 1087 859 Brixiensi
1115 795 1232 859 11111-

90 908 191 972 briele
214 907 332 972 Severo
354 908 503 991 episcopo
519 905 795 989 Philadelphiensi
821 906 970 970 collatus:
994 910 1027 969 et
1049 927 1066 968 e
1088 905 1232 988 pleniore

91 1017 250 1101 Tlreupoli
273 1016 429 1101 Catalogo
452 1039 481 1100 p.
503 1017 561 1080 177
580 1038 648 1100 sqq.
672 1020 800 1099 praeter
822 1016 900 1079 duos
921 1016 993 1080 illos
1015 1015 1077 1080 XV
1100 1018 1134 1079 et
1154 1014 1233 1080 XIV

91 1149 174 1191 saec.
205 1128 304 1191 libros
332 1148 406 1191 msa.
442 1126 566 1209 nullum
599 1125 730 1190 omnino
761 1124 963 1190 Marcianum
990 1125 1231 1209 Antiquitatum

91 1237 234 1301 codicem
257 1240 382 1300 exstare
404 1236 655 1319 intellegeretur.
694 1235 734 1299 In
755 1235 817 1299 hac
839 1235 1094 1299 testimoniorum
1117 1257 1231 1320 repag-

89 1346 206 1410 nantia
229 1368 351 1410 summa
373 1367 439 1409 non
461 1345 553 1409 video
575 1345 650 1429 quid
672 1345 715 1409 sit
730 1345 897 1430 reliquum,
921 1345 984 1409 nisi
1006 1349 1130 1409 utnon
1152 1346 1231 1408 satis

89 1457 265 1541 diligenter
288 1456 461 1520 examinati
484 1477 551 1520 esse
574 1455 648 1518 libri
670 1454 788 1519 Veneti
811 1456 991 1520 credantur.
1015 1493 1058 1505 —-
1084 1454 1232 1520 Ceterum

89 1588 132 1629 ne
160 1567 304 1630 litterula
338 1566 465 1651 quidem
499 1588 518 1628 a
545 1565 671 1630 Veneto
704 1565 949 1630 membranaceo
983 1565 1232 1629 Mediolanensis

88 1675 324 1741 Ambrosianus
339 1676 499 1759 discrepat
521 1675 562 1738 ab
577 1675 748 1739 Ambrosio
764 1676 954 1760 aliquotiens
977 1676 1155 1759 inspectus:
1178 1675 1232 1759 qui

89 1786 219 1869 quidem
241 1807 307 1849 non
328 1789 434 1869 potest
456 1785 537 1849 alius
561 1807 628 1849 esse
651 1806 747 1869 quam
769 1806 862 1870 quem
877 1786 1119 1869 Antiquitatum
1134 1785 1232 1849 libros

89 1895 231 1979 quinque
253 1896 374 1979 priores
398 1917 469 1960 cum
490 1895 659 1959 undecimo
682 1896 866 1978 complecti,
890 1895 1045 1980 scriptum
1068 1898 1175 1959 autem
1197 1895 1233 1958 in

89 2004 212 2068 chartis
235 2027 304 2069 esse
325 2005 451 2069 saeculo
473 2004 534 2068 XV
558 2008 589 2068 et
611 2009 791 2084 1115911111.
815 2005 938 2088 signari
960 2005 1105 2089 Angelus
1128 2005 1232 2068 Maius

90 2117 207 2177 narrat
229 2115 377 2200 Append.
403 2116 443 2178 ad
465 2110 612 2198 Dionysii
635 2115 723 2198 Epit.
747 2138 778 2198 p.
805 2115 865 2179 106
888 2114 936 2178 ed.
960 2113 1111 2178 Francos.

176 2206 291 2289 Restat
312 2229 348 2289 nt
370 2225 408 2289 dc
431 2224 578 2289 Parisino
601 2224 708 2288 codice
730 2225 871 2289 breviter
892 2224 1008 2307 dicam,
1033 2245 1050 2287 e
1073 2245 1134 2308 quo
1156 2224 1231 2288 Dio-

87 2335 176 2418 nysii
198 2335 418 2420 Antiquitates
446 2335 481 2398 in
503 2335 605 2399 lucem
633 2335 770 2419 primum
797 2335 956 2418 protraxit
979 2333 1137 2399 Robertus
1161 2334 1232 2400 Ste-

86 2444 217 2529 phanus
246 2468 276 2510 a.
307 2447 398 2511 1546.
449 2446 499 2508 Ac
527 2443 649 2529 Regiae
677 2445 767 2509 illum
796 2444 1009 2509 bibliothecae
1036 2444 1135 2509 fuisse
1162 2445 1233 2528 ipsa

88 2555 261 2638 inscriptio
284 2555 433 2619 editionis
454 2554 610 2638 principis
632 2557 779 2619 testatur.
810 2554 859 2620 Ea
878 2558 986 2620 autem
1007 2554 1042 2618 in
1065 2555 1232 2621 bibliothe-

89 2687 132 2729 ca
160 2665 222 2728 etsi
248 2664 326 2728 duos
360 2664 484 2729 codices
510 2665 751 2749 Antiquitatum
778 2665 899 2729 servari
925 2664 1099 2750 Catalogus
1127 2665 1229 2749 docet,

87 2797 126 2838 n.
151 2774 288 2839 165411
311 2774 393 2840 1655
399 2825 408 2857 ,
438 2773 642 2839 chartaceum
668 2779 836 2860 utrumque
859 2779 891 2839 et
913 2775 992 2841 XVI
1016 2776 1141 2839 demum
1164 2798 1232 2840 sae·

90 2883 169 2965 culi,
194 2886 304 2948 tamen
325 2888 439 2948 neuter
461 2905 530 2949 esse
553 2884 790 2969 Stephanianus
812 2889 935 2969 potest,
959 2885 1076 2969 quippe
1099 2907 1233 2969 quorum

88 2993 175 3057 alter
204 2993 342 3078 quinque
368 2998 496 3059 tantum
523 2995 644 3079 priores
671 2996 770 3060 libros
798 2998 926 3078 teneat,
961 2995 1100 3079 quinque
1127 2997 1231 3077 poste-

85 3103 191 3167 riores
219 3103 310 3167 alter.
318 3104 350 3190 *)
393 3104 454 3168 His
483 3109 591 3169 autem
618 3106 715 3170 ctiam
743 3106 873 3169 tertium
903 3104 1073 3170 accessisse
1102 3125 1231 3169 necesse

85 3216 151 3295 est,
175 3212 253 3276 item
275 3236 294 3277 a
314 3213 535 3297 Stephaniano
556 3216 725 3299 diversum,
749 3219 880 3300 propter
901 3214 1049 3279 Hudsoni
1071 3214 1232 3299 quandam

83 3323 295 3407 memoriam,
331 3325 385 3408 qui
412 3327 446 3388 in
475 3325 539 3388 fine
566 3325 662 3408 primi
689 3325 859 3389 voluminis
887 3327 933 3409 (p.
963 3324 1039 3409 728)
1073 3324 1232 3388 duorum

83 3433 268 3517 Regiorum
296 3433 439 3498 codicum
467 3434 642 3517 scripturas
669 3435 777 3519 posuit
802 3434 842 3499 ad
869 3433 943 3498 libri
964 3433 982 3498 Ι
1005 3455 1074 3518 cap.
1098 3434 1137 3497 61
1162 3455 1230 3517 sqq.

82 3545 291 3627 spectantes:
328 3566 406 3628 quas
439 3544 523 3608 unde
560 3545 720 3630 acceperit
752 3566 810 3609 nos
843 3566 955 3628 passus
989 3547 1037 3607 est
1068 3545 1230 3628 ignorare.

82 3651 155 3719 Sed
183 3653 311 3736 propior
338 3654 495 3738 quaedam
524 3676 595 3719 cum
618 3654 774 3740 Stephani
803 3654 911 3718 codice
938 3654 1020 3717 ratio
1051 3653 1107 3717 alii
1134 3654 1231 3717 inter-

83 3761 178 3828 cedit
200 3761 281 3826 libro
303 3755 461 3848 Parisino,
493 3764 691 3829 Coisliniano
712 3787 745 3828 n.
771 3764 843 3848 150,
867 3763 986 3828 saeculi
1008 3762 1080 3848 XV,
1103 3767 1232 3847 praeter

80 3872 230 3957 primam
252 3875 284 3936 et
306 3873 442 3937 alteram
463 3874 636 3958 pentadem
665 3874 762 3937 etiam
785 3872 832 3937 XI
854 3873 1093 3958 Antiquitatum
1114 3874 1231 3937 librum

81 3982 334 4067 complectenti,
364 3983 403 4047 de
425 4006 486 4068 quo
508 3983 554 4048 sic
576 3982 845 4047 Montefalconius
868 3981 952 4046 Bibl.
977 3984 1073 4049 Coisl.
1096 4007 1128 4068 p.
1152 3983 1230 4048 215:

144 4236 170 4302 ²⁸)
191 4232 293 4305 [Vnum
311 4234 435 4291 codicem
452 4252 513 4291 esse
532 4237 640 4292 duobus
657 4234 843 4291 voluminibus
865 4197 1094 4304 comprehensum
1110 4237 1176 4304 post
1192 4234 1231 4290 in·

76 4328 193 4389 tallexi.
229 4328 289 4383 Nec
306 4345 369 4383 cum
387 4328 554 4384 Coisliniano
572 4330 720 4398 quicquam
738 4327 874 4398 Stephani
891 4327 1006 4384 editioni
1024 4330 1188 4398 commune]
