2904 4996
387 334 533 407 scnsbrs
557 359 705 407 cru'ners
728 358 909 406 aerarum.
1157 345 1218 408 763

75 511 180 595 psisti.
225 510 491 594 Valckenarium,
521 516 556 575 ut
578 513 707 595 opinor,
737 515 772 576 tu
799 512 858 576 tibi
886 513 1077 578 imitandum
1104 537 1218 598 propo-

75 645 202 705 sueraS,
231 643 385 706 magnum
407 644 485 686 sane
508 626 541 686 et
568 622 690 687 illustre
713 622 907 706 exemplum:
936 624 990 687 sed
1018 623 1090 687 vide
1117 645 1158 688 ne
1186 629 1219 688 et

75 755 114 797 ea
136 733 281 798 imitatus
303 732 361 816 sis,
391 755 471 817 quae
499 755 565 797 uon
593 734 747 816 debebas,
783 737 815 797 et
842 733 888 797 ita
916 734 960 797 sis
988 734 1150 817 imitatus,
1182 739 1219 798 ut

75 847 188 907 tamen
210 843 303 907 avia
325 843 382 907 illa
403 843 552 908 nonnihil
574 843 766 908 discesseris.
794 843 884 908 Illius
908 844 994 908 enim
1016 845 1076 908 viri
1099 845 1219 929 scripta

75 954 241 1018 hilaritate
269 954 406 1038 quadarn
434 955 537 1019 tincta
564 957 654 1037 sunt,
683 955 773 1038 quasi
801 954 940 1019 ludentis
967 955 1132 1039 lusumque
1160 956 1218 1020 has

75 1064 202 1128 litteras
225 1065 424 1150 deputantis:
453 1068 509 1128 tua
536 1068 643 1129 autem
665 1065 805 1129 brevitas
828 1066 936 1129 nescio
958 1065 1114 1149 quomodo
1136 1088 1218 1150 pene

75 1197 202 1239 morosa
225 1179 258 1240 et
280 1176 438 1240 contracti
460 1173 622 1259 supercilii
638 1197 705 1239 esse
722 1175 856 1239 videtur.
881 1173 970 1249 Quod
993 1175 1020 1239 si
1042 1197 1093 1239 me
1116 1175 1217 1259 audie,

74 1285 183 1369 potius
212 1285 252 1350 R.
277 1284 459 1350 Bentleium
487 1286 671 1369 imitabere,
706 1286 759 1370 qui
786 1307 867 1369 quac
895 1286 1040 1370 scripsit,
1069 1286 1117 1350 ita
1144 1290 1220 1350 sunt

74 1396 214 1481 scripta,
237 1400 274 1461 ut
301 1398 494 1462 ambulando
516 1398 581 1482 legi
603 1397 744 1481 possint,
770 1418 873 1480 neque
896 1396 1014 1460 autad
1037 1396 1219 1480 intelligen-

75 1507 151 1570 dum
174 1507 275 1572 multa
303 1508 519 1590 dubitatione,
554 1511 610 1571 aut
637 1507 677 1572 ad
704 1506 908 1571 iudicandum
942 1507 1034 1597 copia
1067 1506 1220 1570 librorum
1300 1576 1303 1591 ,

75 1640 155 1700 opus
178 1616 330 1682 habeant.
367 1605 454 1693 Quae
483 1619 553 1703 quis
575 1621 745 1702 propterea
766 1618 872 1682 minus
895 1616 989 1682 docta
1012 1620 1068 1682 aut
1089 1618 1220 1682 subtilia

75 1749 145 1791 esse
177 1726 391 1811 existimabit,
423 1751 518 1811 quarn
552 1729 579 1792 si
611 1729 752 1812 concise,
787 1729 935 1812 obscure,
970 1727 1081 1792 ordine
1114 1751 1219 1792 rerum

75 1837 223 1922 quaesita
253 1838 391 1922 quadam
418 1838 622 1923 negligentia
655 1839 841 1923 perturbato
875 1838 973 1903 dicta'
995 1838 1125 1903 essent?
1173 1839 1218 1902 Te

74 1948 219 2034 quidem,
249 1949 302 2032 qui
328 1952 445 2013 natura
467 1949 598 2013 minime
625 1970 768 2014 morosus
801 1971 849 2032 es,
885 1972 945 2035 ego
972 1950 1029 2014 illa
1061 1949 1219 2014 brevitate
1236 1964 1266 2013 lv

74 2059 197 2124 ideirco
218 2081 305 2123 nunc
327 2082 418 2123 usum
441 2082 509 2124 esse
532 2064 626 2143 puto,
656 2082 717 2143 quo
745 2061 855 2143 paucis
877 2061 1006 2145 paginis
1035 2082 1131 2144 quam
1151 2061 1219 2143 plu-

73 2169 158 2234 rima
188 2170 444 2254 complecterere.
491 2169 593 2245 Quam
621 2171 858 2235 excusationem
887 2170 1010 2255 accipio
1037 2193 1130 2253 sane,
1165 2170 1219 2233 sed

73 2279 139 2362 ita,
163 2284 199 2343 ut
221 2280 322 2344 amice
344 2303 508 2363 moneam,
533 2281 611 2345 velis
635 2302 762 2364 cavere,
791 2304 831 2344 ue
861 2304 898 2344 ea
926 2282 1009 2345 ratio
1037 2281 1071 2345 in
1099 2303 1220 2344 morem

73 2394 110 2452 et
132 2390 394 2454 consuetudinem
417 2394 531 2456 vertat
569 2391 641 2455 Etsi
664 2393 750 2456 enim
771 2391 951 2456 molestiam
973 2391 1126 2455 librorum
1149 2413 1220 2455 eoa-

74 2499 307 2564 cervandorum
335 2501 464 2586 egregie
493 2502 706 2585 compensasti
735 2501 992 2566 observationum
1020 2501 1160 2565 utilitate
1188 2505 1220 2565 et

71 2611 291 2695 praestantia,
315 2615 424 2674 tamen
448 2633 503 2675 cur
524 2634 607 2695 non,
636 2636 732 2697 quum
754 2633 878 2696 posses,
908 2612 1005 2675 etiam
1033 2613 1141 2676 labore
1163 2613 1219 2675 illo

75 2721 230 2784 lectorem
253 2721 389 2785 levasti?
411 2720 473 2786 Sed
495 2745 582 2787 nunc
604 2723 731 2807 quidem
754 2722 929 2788 cedendum
956 2722 1016 2788 tibi
1037 2724 1109 2787 fuit.
1154 2723 1219 2787 Ita-

72 2853 138 2916 que
160 2831 285 2916 accipe,
315 2832 397 2916 quod
425 2853 485 2916 ego
512 2855 632 2918 magna
658 2816 810 2898 librorum
840 2835 870 2897 vi
899 2837 1024 2916 septus,
1059 2834 1112 2917 qui
1140 2833 1218 2896 mihi

72 2943 142 3005 ianr
166 2946 348 3006 corruentes
372 2944 636 3007 atramentarium
664 2949 865 3026 everterunt,
895 2943 933 3008 de
962 2943 1136 3026 scriptione
1162 2947 1219 3006 tua

71 3051 238 3116 adnotavi.
284 3052 397 3116 Dicam
420 3056 527 3117 autem
556 3052 595 3116 de
621 3054 670 3118 his
693 3059 836 3137 tantum,
866 3053 905 3116 de
932 3053 1045 3136 quibus
1073 3056 1128 3114 aut
1157 3052 1218 3115 dis-

71 3162 180 3244 sentio
203 3186 221 3227 a
243 3166 293 3245 tc,
317 3167 372 3227 aut
396 3167 481 3227 certe
504 3163 623 3227 dubito.

115 3255 117 3260 ¹
160 3272 300 3337 Exorsus
327 3296 403 3337 esa
430 3272 624 3357 Sosiphane,
654 3275 794 3357 probans
824 3278 860 3338 ut
887 3273 1028 3353 videtur,
1057 3273 1092 3335 in
1120 3271 1218 3336 Suida

71 3383 331 3447 emendationem
353 3383 499 3466 Kusteri,
524 3385 711 3466 (ωειφὰνηε
739 3385 949 3465 (curculione,
978 3405 1037 3465 pro
1060 3405 1107 3464 eo,
1134 3383 1216 3465 quod

70 3492 150 3556 libri
182 3494 320 3575 habent,
355 3495 557 3576 (ωειφάνηε,
597 3494 717 3573 ὁμοίως
751 3496 872 3574 κύριον.
923 3493 1088 3571 (merulae.
1137 3492 1217 3554 Mihi

69 3604 156 3667 haee
178 3603 269 3667 valde
292 3604 462 3668 temeraria
486 3603 666 3668 emendatio
689 3604 822 3670 videtur.
861 3603 968 3667 Minus
991 3602 1216 3685 improbarem,

69 3712 102 3778 si
126 3712 189 3777 alio
212 3717 341 3778 auctore
370 3718 549 3796 constaret,
579 3714 750 3799 Sosiphani
778 3718 902 3798 patrem
931 3714 1029 3777 fuisse
1053 3710 1216 3777 Sosiclem.

68 3823 193 3899 Quidni
222 3824 434 3909 corrigamus,
468 3825 551 3909 quod
579 3826 648 3909 ipse
681 3825 861 3889 litterarum
894 3824 971 3888 ordo
1001 3822 1217 3887 commendat:

68 3935 244 4013 (caecutire,
267 3935 387 4013 ὁμοίω(
410 3937 530 4016 κύριον.
578 3937 766 4018 (ωειφάνηε
789 3936 1011 4014 (υρακούαοε.
1057 3933 1218 4016 Antiquus

67 4064 179 4125 error,
208 4066 302 4127 quem
328 4046 425 4108 etiam
446 4046 590 4110 Eudocia
613 4047 772 4110 exhibeat.
814 4045 853 4108 ln
875 4044 925 4108 his
954 4066 1046 4127 vem,
1075 4043 1218 4127 quaeda

65 4152 253 4235 Sosiphane
276 4155 376 4218 tradit
398 4155 528 4237 Suidas,
553 4178 654 4239 neque
677 4156 872 4239 imperitiam
894 4154 960 4217 eius
978 4174 1133 4236 accusem,
1158 4174 1218 4217 nec

63 4267 179 4329 locum
202 4263 348 4328 mutilum
371 4287 439 4329 esse
463 4266 598 4330 credam.
637 4265 712 4330 Non
734 4266 820 4330 enim
847 4265 1018 4329 conciliare
1040 4264 1094 4327 ille
1117 4263 1218 4328 diver-

62 4397 126 4442 sas
149 4374 351 4439 narrationes
377 4375 528 4459 voluisse,
558 4375 629 4460 sed,
659 4380 695 4440 ut
721 4376 825 4442 solent
854 4374 1029 4440 istiusmodi
1059 4396 1217 4459 gramma-
