2924 4996
387 345 544 392 uroarsn
566 343 918 391 nrmclaunssuusrs.
1162 327 1225 391 483

84 500 135 564 dis
157 521 215 583 per
238 499 372 562 aliarum
395 498 615 582 quaestionum
639 497 912 581 opportunitatem
935 495 1131 580 corrigendis
1154 496 1225 578 plus

85 632 181 695 quam
205 609 286 672 alius
309 609 474 693 quisquam
498 609 628 690 11111111,
664 606 853 671 Schaeferus
876 605 910 668 in
934 605 1124 691 Gregorium
1153 607 1224 671 (lor.

85 744 119 803 p.
146 720 223 801 165,
253 719 287 782 in
309 717 398 781 Bosii
425 718 564 802 Ellipses
587 742 617 801 p.
642 719 721 800 557,
745 717 779 780 in
801 715 967 780 Plutarchi
994 715 1088 780 Vitas
1110 716 1172 779 vol.
1197 715 1226 777 V

86 854 118 914 p.
144 831 221 910 106,
245 828 404 892 Meletem.
437 829 506 891 erit.
532 851 564 911 p.
591 829 645 909 13,
675 828 709 891 in
731 827 922 911 Dionysium
944 826 983 890 de
1006 848 1108 909 comp.
1138 826 1225 889 verb.

86 963 118 1022 p.
136 939 210 1020 365,
234 939 322 1002 alibi.
355 939 404 1002 Ac
426 937 625 1022 praestantia
648 937 774 1021 quidem
797 938 853 1000 illa
875 936 1043 1000 Vrbinatis
1066 936 1140 1000 libri
1164 958 1228 1000 non

87 1052 215 1132 poterat
238 1069 315 1112 sane
339 1037 484 1132 cuiquam
507 1048 623 1130 latere,
652 1051 688 1112 ut
717 1048 803 1111 cuius
831 1070 891 1131 ope
913 1069 979 1111 non
1007 1050 1134 1110 tantum
1156 1069 1228 1132 gra·

88 1160 191 1224 viores
213 1160 348 1223 lacunae
370 1157 525 1242 quaedam
553 1158 730 1221 luculenter
757 1158 948 1221 tollerentur
968 1157 1025 1221 lib.
1049 1157 1075 1239 1,
1101 1158 1151 1221 74.
1176 1158 1227 1221 77.

87 1271 139 1334 82.
163 1269 206 1352 Π,
230 1271 260 1333 3.
285 1270 335 1333 25.
359 1268 411 1333 52.
435 1268 494 1350 ΠΙ,
518 1268 548 1331 4.
572 1268 699 1350 1149,
724 1268 779 1330 1111
801 1268 836 1331 in
858 1268 994 1353 singulis
1017 1289 1139 1352 quoque
1161 1268 1229 1330 vul-

87 1382 166 1464 gata
196 1379 230 1442 in
259 1378 451 1442 editionibus
479 1377 636 1462 scriptura
659 1400 754 1461 saepe
783 1378 1006 1441 emendaretur
1033 1378 1227 1459 felicissime,

88 1489 176 1553 velut
204 1489 360 1552 revocatis
388 1495 468 1573 quae
496 1488 681 1551 exciderant
709 1488 904 1569 ἀμφοτέρων
932 1511 964 1571 p.
988 1488 1019 1570 2,
1043 1488 1094 1569 21,
1120 1489 1229 1568 ἑτέρα(

86 1600 118 1676 5,
146 1599 193 1676 12,
223 1597 376 1682 1111115,
400 1599 457 1678 26,
486 1601 543 1677 μὲν
569 1600 616 1680 10,
641 1600 675 1679 3,
705 1598 754 1661 111
783 1597 901 1662 rectius
931 1598 1093 1661 collocatis
1120 1598 1225 1662 verbis

86 1710 120 1787 5,
142 1709 185 1771 22
206 1709 360 1789 ἱετορικῆε
382 1710 583 1791 ἀναγραφῆε,
607 1709 644 1788 9,
666 1708 706 1771 27
731 1711 840 1788 (υχνοὶ
863 1709 946 1788 πρὸ(
968 1709 1112 1786 τούτοις,
1137 1708 1185 1787 11,
1212 1710 1227 1771 1

88 1819 263 1885 movente
285 1821 353 1897 εἰμι,
377 1819 426 1882 vel
451 1818 522 1882 aliis
544 1818 645 1882 modis
669 1818 890 1904 redintegrata
912 1818 1057 1882 oratione
1081 1819 1110 1901 1,
1137 1819 1157 1882 9
1179 1819 1230 1883 ἐπὶ

87 1930 225 2009 ταύτην,
255 1934 283 2007 t,
309 1929 349 1994 10
370 1930 486 2006 λόγον,
513 1931 540 2005 1,
565 1929 604 1993 18
626 1934 859 2009 sponsatam,
883 1929 914 2010 4,
940 1929 980 1991 10
1002 1928 1230 2008 ἐθαλααοκρά-

87 2061 186 2119 τουν,
210 2040 239 2116 8,
263 2039 306 2103 30
327 2041 508 2119 διατρίψαε,
534 2039 584 2117 111,
606 2038 648 2103 23
670 2039 999 2118 πραγματευεὰμενοιε
1031 2038 1228 2122 111111111111,

88 2171 171 2233 quae
193 2153 228 2212 ut
250 2152 431 2233 praestent,
461 2152 569 2212 tamen
598 2171 661 2212 non
691 2148 737 2212 ita
759 2151 927 2232 praestant
948 2151 985 2211 ut
1006 2169 1083 2231 prae
1105 2148 1144 2211 iis
1166 2171 1230 2213 sor-

88 2258 189 2322 deant
216 2259 347 2343 vulgata
374 2261 431 2338 μὲν
459 2260 521 2339 γὰρ
542 2260 582 2338 4,
611 2259 646 2336 6,
680 2261 757 2324 οὐδὲ
784 2261 819 2324 ’ἐν
847 2260 878 2335 5,
900 2259 938 2339 5,
967 2261 1100 2324 διελθεῖν
1123 2259 1153 2341 9,
1180 2259 1228 2323 12.

89 2367 181 2432 Η111
203 2368 303 2453 igitur
330 2391 401 2432 cum
430 2368 559 2452 propria
588 2390 656 2433 esse
684 2368 769 2431 illius
797 2368 871 2432 libri
900 2368 1044 2432 condicio
1074 2371 1106 2432 et
1129 2368 1230 2433 virtus

89 2476 261 2559 videretur,
296 2500 423 2561 prorsus
457 2482 526 2541 1111
559 2477 676 2542 rationi
712 2483 972 2561 consentaneum,
1007 2478 1090 2563 quod
1106 2479 1163 2566 ‘eis
1196 2480 1228 2543 in

14 2572 15 2575 Ἴ
88 2587 179 2670 locis,
204 2588 317 2672 quibus
339 2588 420 2651 nihil
442 2588 626 2652 offensionis
649 2588 805 2672 Stephani
828 2589 986 2672 scriptura
1008 2588 1152 2671 haberet,
1176 2589 1230 2654 sed

87 2700 200 2761 11111111
219 2697 378 2762 diversum
392 2698 541 2782 quiddam
558 2702 590 2762 et
605 2698 769 2783 singulare
784 2699 882 2763 etiam
897 2700 923 2763 si
939 2721 997 2783 per
1011 2721 1044 2762 se
1059 2722 1125 2763 non
1140 2721 1230 2763 num-

89 2830 188 2891 quam
210 2811 319 2891 aperte
347 2808 497 2872 vitiosum
518 2808 659 2872 Vrbinas
687 2810 871 2893 praeberet,
902 2830 940 2872 ex
967 2809 1029 2873 hoc
1057 2809 1230 2873 divinando

88 2916 212 3001 aliquid
244 2917 416 3003 effingere,
454 2918 537 3003 quod
570 2923 654 2982 esset
685 2919 866 3002 probabile,
902 2941 996 3003 quam
1031 2919 1065 2982 in
1098 2919 1230 3003 vulgata

88 3026 250 3110 scriptura
273 3028 473 3112 acquiescere
495 3029 687 3111 maluerunt,
714 3033 844 3113 propter
865 3029 968 3113 ipsam
991 3028 1231 3113 simplieitatem

87 3140 125 3201 et
147 3136 314 3202 Vrbinatis
336 3138 514 3203 dissensum
537 3142 695 3222 suspect-a.
738 3139 816 3203 Eius
839 3139 923 3203 modi
946 3138 1008 3202 tria
1030 3138 1231 3223 potissimum
1250 3149 1282 3198 23

86 3249 169 3311 sunt
197 3247 231 3310 in
258 3249 419 3332 prooemio
454 3249 614 3333 exempla:
652 3272 682 3332 p.
707 3250 742 3331 3,
769 3250 806 3312 17
836 3250 958 3329 χρόνον
989 3272 1022 3316 τε
1052 3250 1091 3315 οὐ
1119 3252 1231 3335 πολλῷ

86 3357 227 3422 πλείονα
249 3359 417 3424 διακοείων
440 3359 534 3436 ἐτῶν,
557 3359 646 3440 4,18
669 3360 726 3439 ὅεη
749 3363 892 3424 πλεῑεθαι
913 3363 953 3440 μὴ
976 3360 1134 3426 ἀδύνατός
1157 3361 1231 3437 terr,

85 3468 202 3546 πρώτη
226 3471 274 3533 καὶ
296 3470 392 3551 μόνη,
418 3471 447 3551 7,
471 3469 512 3533 28
540 3470 622 3534 αὐτὰ
650 3471 945 3548 διεεπουδαεμένω(
974 3471 1048 3537 οὔτε
1077 3472 1230 3550 capreoe:

86 3576 207 3662 quibus
228 3578 306 3642 loeis
328 3578 402 3663 quid
424 3579 602 3643 machinati
618 3580 683 3643 sint
699 3578 936 3665 Bernhardyus‚
960 3580 1119 3661 Reiskius,
1144 3580 1232 3643 Hud-

86 3708 200 3768 101111,
223 3688 402 3752 monuimus
425 3689 643 3753 adnotatione.
689 3689 777 3753 Talis
805 3688 888 3753 ratio
911 3691 1041 3754 criticae
1065 3691 1143 3754 artis
1166 3689 1232 3754 fac-

84 3796 238 3860 titandae
254 3820 325 3861 cum
348 3820 475 3882 prorsus
499 3802 575 3883 apta
599 3799 641 3863 sit
663 3821 702 3863 ex
724 3800 906 3863 indubitata
929 3800 1106 3885 grandique
1129 3822 1232 3864 exem-

83 3906 218 3991 plorum
240 3908 445 3973 multitudine
468 3910 674 3993 comprobata
703 3910 902 3993 praestantia
926 3910 992 3974 eius
1015 3911 1104 3994 libri,
1140 3933 1232 3995 quern

82 4016 263 4103 praecipue
286 4018 479 4101 sequendum
502 4018 609 4102 1111111,
633 4019 746 4082 minim
771 4023 819 4083 est
845 4020 989 4103 profecto
1011 4021 1142 4084 minime
1165 4043 1233 4085 esse

82 4126 287 4213 quaesitum,
321 4150 399 4191 num
432 4128 516 4192 forte
551 4128 733 4212 Stephanus
771 4151 893 4214 quoque
933 4131 1081 4213 haberet,
1120 4131 1233 4216 quibus.

80 4236 275 4304 necessario
302 4227 523 4321 posthabenda
556 4238 725 4302 Vrbinatis
758 4238 837 4303 fides
871 4244 964 4304 esset.
1015 4240 1092 4303 Eius
1126 4245 1231 4305 autem

79 4345 222 4434 generis
244 4369 338 4410 nemo
361 4347 551 4412 diffitebitur
573 4371 601 4412 e.
627 4372 653 4412 c.
678 4349 757 4412 haec
787 4372 870 4415 esse:
907 4354 1049 4434 servata,
1083 4373 1163 4435 quae
1192 4353 1232 4414 ab

968 4452 1032 4517 31*
