2948 4996
516 337 637 384 annun
661 337 823 384 cononis.
1181 319 1244 382 409

103 491 239 554 aliorum
273 490 425 572 exemplis
459 512 478 552 a
505 490 696 574 gravissima
724 490 923 554 dubitatione
952 488 1113 553 liberabis.
1159 488 1244 552 Nam
1284 517 1287 525 ·

103 601 242 667 εὔιππον
273 601 424 665 εὔπωλον
457 602 493 663 ut
525 600 640 664 sociari
672 600 741 664 sine
770 600 967 684 tautologiae
995 600 1073 663 vitio
1103 599 1244 683 potuisse

102 712 337 795 aliquantisper
364 711 554 795 largiamur,
590 715 624 775 at
656 711 690 774 in
724 734 785 795 quo
819 710 913 774 cardo
946 709 993 773 rei
1021 709 1156 773 vertitur
1184 709 1244 773 hoc

103 826 163 904 est,
188 821 286 905 quod,
320 842 391 884 cum
418 821 605 904 bipertitum
627 821 785 906 cogitetur
807 805 847 883 ad
870 819 1056 904 Neptunum
1079 819 1245 903 pertinens

103 932 296 995 beneficium
318 953 427 1014 omne,
457 931 489 995 id
512 931 662 1014 epithetis
684 931 748 994 illis
771 931 816 994 ita
840 930 1044 1012 describitur,
1076 929 1165 1013 quasi
1189 932 1245 992 aut

103 1042 301 1126 tripertitum
324 1041 367 1105 sit
389 1045 444 1105 aut
466 1041 597 1106 alterius
619 1041 720 1124 partis
741 1041 975 1125 praestantiam
995 1026 1130 1103 multum
1144 1040 1245 1103 virtus
1261 1047 1311 1096 llll

103 1152 237 1216 alterius
258 1152 384 1234 vincat,
413 1155 449 1215 ut
476 1173 556 1236 quae
584 1174 650 1215 uon
677 1152 753 1215 item
781 1152 919 1235 simplici
941 1172 1018 1215 voce
1040 1150 1189 1213 efferatur
1210 1152 1247 1214 ut

104 1263 312 1341 εὐθάλααον,
335 1262 390 1327 sed
413 1262 534 1327 duabus
557 1262 743 1347 designetur
764 1263 861 1347 longe
880 1262 1005 1326 lortius.
1034 1259 1124 1324 Haec
1140 1244 1246 1324 autem

104 1371 167 1436 duo
202 1372 411 1456 principalia,
450 1394 530 1456 quae
566 1375 641 1435 sunt
675 1394 726 1435 ars
763 1373 917 1456 equestris
954 1376 986 1436 et
1021 1393 1073 1434 ars
1109 1371 1245 1453 navalis,
1293 1455 1295 1459 y

104 1503 235 1566 prorsus
254 1482 343 1546 inter
364 1504 398 1546 se
426 1483 596 1566 exaequari
624 1483 693 1566 ipsa
723 1504 802 1546 sana
832 1482 914 1546 ratio
942 1478 1083 1546 iubebat.
1128 1480 1246 1556 Quodsi

104 1592 140 1655 in
163 1592 220 1655 illa
242 1595 337 1675 poeta
360 1593 456 1656 vellet
483 1593 668 1657 alendorum
697 1613 847 1677 equorum
875 1593 1106 1675 eorundemque
1133 1613 1246 1676 regen-

105 1703 218 1765 dorum
241 1703 388 1766 notiones
410 1703 607 1788 distinguere
631 1704 682 1786 (eo
705 1703 789 1766 enim
812 1706 956 1786 spectare
979 1703 1130 1767 εὔπωλον
1153 1705 1247 1785 atque

105 1813 246 1879 εὔιππον
276 1812 429 1877 creditum
456 1816 505 1877 est
533 1813 749 1897 Hermanno),
784 1813 852 1877 iure
879 1834 1014 1897 quaeras
1042 1834 1097 1876 cur
1125 1834 1191 1877 non
1213 1812 1247 1875 in

106 1924 169 1986 hac
191 1944 315 2008 quoqne
336 1924 423 1987 velut
443 1923 704 1988 fabricandamm
725 1924 855 1987 navium
878 1923 1111 2007 earundemque
1134 1923 1247 2008 guber-

105 2032 288 2096 nandarum
311 2037 412 2097 artem
440 2034 637 2098 distinxerit:
666 2055 726 2098 nec
754 2034 839 2096 enim
865 2034 970 2098 minus
998 2036 1048 2098 vel
1070 2034 1131 2097 hoc
1153 2055 1248 2117 quam

107 2143 186 2206 illud
210 2143 409 2207 commodum
431 2146 480 2209 vel
503 2145 581 2208 illud
603 2167 698 2228 quarn
720 2144 781 2207 hcc
804 2144 895 2207 exile.
924 2143 985 2208 Vel
1007 2145 1128 2207 utiam
1144 2143 1248 2206 verius

107 2253 267 2317 dicamus:
298 2257 466 2338 utrumque
495 2255 585 2337 exile,
617 2253 815 2318 commodum
843 2257 1001 2317 neutrum.
1046 2255 1152 2338 Atque
1178 2254 1248 2336 ipse

107 2367 214 2447 poeta,
239 2364 314 2449 quid
337 2364 471 2428 volucrit
493 2365 567 2448 quid
589 2387 666 2447 non,
690 2368 758 2428 tam
774 2367 859 2428 certe
877 2367 909 2428 et
930 2369 1040 2449 aperte
1061 2364 1246 2446 declaravit,

108 2473 162 2536 vix
189 2478 225 2537 ut
246 2474 388 2558 potuisse
410 2474 509 2538 errari
532 2474 686 2538 videatur.
732 2473 792 2549 Qui
815 2496 908 2558 quem
935 2474 975 2538 ad
997 2474 1125 2539 modum
1147 2475 1248 2539 solam

108 2583 286 2669 navigandi
308 2584 459 2669 peritiam
481 2584 622 2648 celebrat
643 2585 678 2648 in
701 2588 843 2649 extrema
865 2586 1013 2669 stropha,
1043 2586 1089 2649 ita
1116 2585 1169 2650 hic
1191 2584 1249 2648 mi-

107 2694 196 2757 nime
217 2697 419 2777 procreatum
442 2693 626 2778 aNeptuno
649 2716 773 2778 equum,
798 2694 852 2758 sed
873 2695 928 2759 illo
944 2698 1072 2760 auctare
1086 2695 1249 2758 frenatum

108 2826 143 2866 se
175 2804 333 2889 cogitare,
369 2826 436 2867 non
468 2801 582 2888 igitur
600 2805 719 2888 equitia
753 2804 808 2867 sed
840 2805 1016 2888 equitatum
1045 2804 1247 2887 conlaudare,

107 2913 295 2996 planissime
317 2913 367 2977 his
390 2935 470 2997 quae
492 2913 609 2977 subicit
636 2913 740 2978 verbis
767 2914 876 2995 docet,
911 2913 1024 2997 quibus
1051 2934 1132 2995 non,
1166 2913 1248 2996 quod

108 3026 268 3106 potuerat,
290 3024 394 3088 ἵππον
417 3024 520 3087 aritae
542 3023 639 3107 dixit,
664 3023 719 3087 sed
739 3024 881 3089 taaorciv
904 3025 962 3088 τὸν
985 3023 1141 3102 ἀκειτῆρο
1162 3027 1249 3103 χαλι-

108 3136 171 3199 νὸν
193 3136 345 3213 πρώταιει
367 3138 471 3199 ταῑιδε
494 3133 597 3199 ritca(
618 3134 741 3210 ἀγυιαῖς
764 3134 890 3197 excluso
914 3134 1024 3197 altero.
1069 3132 1157 3208 Quae
1179 3154 1249 3196 cum

107 3244 156 3307 ita
179 3243 255 3327 sint,
278 3245 381 3327 ipsam
404 3243 490 3307 viam
511 3243 656 3307 veritatis
678 3243 788 3307 iniisse
804 3242 965 3329 Reisigius
990 3242 1164 3307 credendus
1187 3245 1246 3325 est,

108 3375 126 3417 e
142 3353 335 3439 glossemate
350 3353 521 3439 repetitum
536 3353 673 3420 εὔιππον
680 3354 711 3440 *)
728 3353 925 3417 confidenter
938 3354 1065 3418 tollens.
1089 3352 1151 3418 Sed
1166 3352 1248 3436 quod

178 3609 203 3675 *)
221 3609 381 3679 lnrepserat
402 3609 459 3663 iam
482 3610 604 3663 εὔιππον
626 3608 777 3677 glossema,
809 3624 871 3660 cum
896 3607 967 3661 haec
988 3607 1076 3660 verba
1099 3605 1251 3660 scholiasta

107 3701 235 3771 scripsit:
258 3704 384 3770 πορόεον
402 3705 418 3756 ὁ
437 3703 569 3756 Κολωνὸ(
588 3703 716 3756 ἱππεύς
735 3702 846 3766 ἐλέγετο
865 3703 909 3755 καὶ
923 3701 1068 3754 Ποεειδῶν
1087 3702 1131 3753 καὶ
1146 3702 1250 3767 Ἀθηνᾶ

107 3797 212 3850 αὐτόθι
236 3796 359 3850 ἵππιοι.
393 3796 467 3849 Νοιιι
492 3796 562 3850 haec
588 3795 624 3849 ad
647 3797 779 3849 εὔπωλον
808 3794 973 3864 scripturam
1000 3795 1126 3862 spectare
1151 3810 1249 3863 parum

107 3906 178 3942 saue
196 3887 336 3959 credibile.
359 3918 393 3928 -·-
415 3887 547 3962 Consulto
566 3889 660 3942 autem
682 3887 727 3942 hic
746 3890 878 3943 statulae
896 3885 1022 3956 posuisse
1040 3888 1125 3955 poeta
1142 3886 1250 3941 varian-

106 3982 163 4035 dae
186 3980 319 4035 orationis
344 3999 442 4036 caussa
464 3982 586 4047 uidetur,
613 3983 763 4050 postquam
790 3981 826 4034 ab
849 3981 972 4035 εὐίππου
995 3979 1114 4034 nominis
1136 3980 1250 4035 notione

106 4073 250 4128 canticum
273 4092 352 4127 suum
375 4092 457 4129 omna
479 4091 592 4129 exorsus
615 4076 671 4128 est:
701 4073 866 4143 praesertim
890 4091 952 4127 cum
976 4072 1071 4127 statim
1089 4073 1251 4141 insequatur
1270 4078 1281 4096 '

104 4169 236 4222 ἵπποιειν
253 4185 277 4220 ν.
299 4173 355 4221 714.
391 4167 546 4235 Vtrumque
564 4168 588 4221 si
604 4167 747 4233 iunxisset,
766 4169 898 4221 εὔπωλον
917 4168 1038 4221 εὔιππον
1056 4168 1149 4236 potius
1167 4185 1251 4235 quam

103 4261 220 4315 inverso
239 4259 335 4317 ordine
354 4260 486 4327 dixisset,
513 4261 578 4331 quia
600 4279 680 4316 usum
699 4262 728 4318 et
746 4259 919 4331 disciplinam
942 4259 1086 4332 praecedit
1106 4263 1204 4331 partus
1222 4264 1251 4316 et

103 4352 219 4409 alitura.
