2924 4996
244 339 307 403 518
613 347 660 394 ns
684 344 812 394 comcs
834 343 1012 391 1116111111

246 504 359 568 stratio
389 525 460 566 cum
487 500 680 585 reliquorum
707 497 879 579 librorum,
909 496 1154 562 Ooisliniani
1183 500 1241 582 (C)
1265 501 1387 583 potissi-

246 635 333 677 mum
360 616 393 675 et
414 610 531 695 Regii
559 610 632 694 (D),
667 606 844 670 rationibus
873 606 919 669 ita
947 607 1096 690 copulata
1124 609 1202 692 erit,
1236 614 1275 672 ut
1296 611 1389 694 plane

247 724 402 806 appareat
424 721 458 782 in
480 720 538 782 hos
559 718 686 781 demum
702 716 826 781 codices
840 737 935 779 verae
949 716 1210 800 interpolationis
1225 720 1390 784 notionem

246 835 279 895 et
300 830 396 895 latius
419 828 561 913 patentis
583 827 733 891 licentiae
757 825 886 908 cadere,
915 847 993 908 prae
1020 848 1082 911 qua
1111 829 1306 892 mediocrem
1327 830 1390 892 11111

246 939 414 1005 Vrbinatis
442 937 568 1001 vitiatio
595 936 729 1020 habeat
749 934 789 999 ad
818 934 962 1019 singrdas
998 935 1074 1002 fere,
1098 958 1193 1001 voees
1226 938 1390 1021 pertinens

247 1050 394 1133 intraque
416 1047 557 1110 modicos
578 1045 659 1109 fines
681 1045 808 1109 levioris
825 1045 1029 1108 correctionis
1052 1046 1241 1110 subsistens.
1278 1046 1390 1122 Quam-

208 1143 215 1149 ·
247 1181 342 1244 quam
376 1156 591 1223 Ooislinianus
625 1154 752 1238 quidem
785 1155 923 1217 medium
956 1155 1061 1238 potius
1093 1156 1199 1219 locum
1232 1157 1391 1240 quendam

247 1271 353 1331 tenet:
390 1286 525 1349 quocum
547 1286 612 1328 non
635 1264 741 1327 minus
768 1285 863 1347 saepe
886 1264 1064 1347 scripturae
1085 1265 1312 1349 integritatem
1334 1267 1391 1330 Vr-

247 1379 341 1441 binas
363 1397 458 1459 quam
485 1373 678 1457 pravitatem
700 1373 821 1458 Regius
845 1374 1067 1438 communicet.
1113 1374 1162 1437 De
1190 1377 1391 1458 praestantia

248 1489 354 1549 autem
376 1483 545 1548 Vrbinatis
574 1482 690 1547 codicis
718 1504 790 1545 cum
818 1482 944 1567 loquor,
974 1483 1081 1568 cogito
1103 1483 1143 1546 de
1165 1485 1272 1567 prima
1302 1488 1392 1568 parte

249 1595 504 1679 Antiquitatum,
539 1613 620 1676 quae
649 1591 688 1655 ad
718 1595 814 1674 caput
840 1592 920 1655 XIII
947 1592 1020 1656 libri
1049 1592 1094 1657 VI
1122 1594 1282 1676 pertinet:
1318 1594 1393 1657 hinc

249 1705 335 1768 enirn
356 1725 422 1767 ruia
445 1725 517 1766 cum
539 1723 636 1765 mann
663 1701 788 1765 librarii
814 1701 884 1784 ipsa
912 1702 1034 1766 indoles
1061 1703 1241 1785 scripturae
1270 1706 1392 1766 mutata

249 1817 393 1897 apparet.
438 1811 639 1895 Quapropter
665 1811 700 1873 in
729 1811 881 1894 exemplis
910 1812 1079 1875 afferendis
1101 1812 1186 1876 ultra
1209 1812 1302 1877 illam
1324 1835 1393 1896 par·

249 1926 314 1986 tem
337 1944 422 1986 nunc
445 1921 572 2005 quidem
594 1942 660 1983 non
685 1920 935 2005 progrediemur.

785 2089 857 2169 aa.

333 2225 440 2308 Ipsum
470 2224 599 2287 initium
622 2223 862 2307 Antiquitatum
891 2245 994 2307 nuper
1021 2247 1041 2287 a
1070 2225 1164 2289 nobis
1194 2228 1395 2292 emendatius

251 2335 370 2398 editum
391 2335 470 2398 satis
493 2355 561 2397 esse
583 2336 773 2417 argumento
796 2333 910 2415 potuit,
934 2337 1012 2416 quot
1025 2334 1151 2397 lacunis
1173 2335 1207 2398 hi
1231 2337 1307 2401 libri
1323 2339 1396 2403 Dio

217 2461 232 2508 5
250 2445 379 2527 nysiani
395 2466 411 2507 e
427 2444 530 2528 Regio
555 2443 662 2507 codice
684 2464 741 2525 per
759 2441 915 2525 Stephani
938 2442 1101 2526 exemplar
1116 2443 1171 2528 (P)
1188 2445 1229 2508 ad
1253 2452 1395 2511 nostram

252 2556 391 2616 aetatem
414 2553 595 2636 propagati,
620 2552 726 2634 eisque.
749 2573 844 2635 quam
866 2552 1018 2636 gravibus
1040 2553 1238 2618 laborarent.
1272 2556 1396 2620 Talium

252 2665 359 2725 autem
388 2663 574 2725 lacunarum
602 2661 767 2745 aliquanto
794 2662 978 2746 graviorum
1006 2683 1078 2725 cum
1105 2684 1147 2726 ne
1175 2685 1242 2727 una
1271 2666 1396 2746 uiridem

251 2771 348 2834 solius
381 2770 524 2834 (lhisiani
557 2771 690 2851 virtute,
725 2770 881 2853 plurimae
914 2793 988 2835 vero
1022 2772 1195 2836 coniuncta
1226 2773 1396 2839 Vrbinatis

252 2880 457 2964 chisianique
483 2880 629 2943 bonitate
658 2878 862 2962 expleantur,
891 2882 942 2944 161
970 2881 1046 2946 hinc
1072 2883 1253 2964 probabilis
1281 2885 1398 2969 poterit

251 3142 372 3205 narrent,
400 3139 465 3192 mihi
489 3156 534 3193 res
557 3140 640 3207 longe
668 3138 750 3192 aliter
778 3157 838 3193 sese
865 3141 970 3194 habere
994 3139 1110 3195 videtur.
1152 3142 1303 3199 Vrbinatis
1327 3147 1397 3200 enim

251 3233 438 3301 praestantia,
468 3232 593 3298 quamvis
622 3231 733 3285 levioris
763 3231 907 3286 cuiusdam
934 3232 1159 3302 interpolationis
1193 3240 1398 3292 commaculata

251 3324 390 3392 vestigiis,
410 3343 444 3378 ea
461 3328 505 3379 est
522 3327 553 3377 ut
571 3324 796 3378 emendationem
812 3327 904 3378 totam
922 3328 979 3378 fere
997 3326 1033 3379 ab
1052 3326 1105 3379 hoc
1122 3326 1195 3380 libro
1213 3331 1398 3398 repetendam

252 3435 312 3471 esse
331 3418 399 3470 mihi
421 3434 585 3486 persuasum
603 3416 664 3470 sit’
706 3416 823 3486 Scripsit
846 3419 940 3471 autem
962 3418 1031 3471 haec
1047 3416 1193 3486 Adolphus
1211 3419 1399 3490 Kiesslingius

252 3528 329 3564 meus
347 3510 529 3579 praefationis
548 3526 614 3563 suae
631 3528 658 3578 p.
671 3509 718 3575 VI,
735 3509 807 3563 mira
825 3510 882 3564 sive
895 3510 1033 3564 oblivione
1052 3509 1110 3563 sive
1128 3510 1311 3577 ignoratione
1330 3532 1400 3568 com-

252 3602 431 3657 mentationis
449 3618 536 3656 meae.
556 3632 589 3639 -
613 3602 689 3655 Meas
707 3602 736 3655 in
753 3604 849 3672 partes
867 3619 923 3656 non
940 3601 1073 3655 mediocri
1096 3619 1159 3655 cum
1178 3603 1328 3672 voluptate
1348 3606 1400 3659 ridi

253 3694 382 3747 Carolum
400 3694 578 3747 Sintenisium
598 3694 749 3748 concedere
768 3694 850 3748 editis
869 3694 1014 3748 Servestae
1033 3693 1112 3747 annis
1138 3699 1210 3750 1866.
1239 3702 1316 3751 1861,
1338 3704 1401 3754 1865

254 3786 501 3840 ‘Emendationum
519 3786 763 3854 Dionysiacarum‘
782 3786 931 3854 specimine
950 3787 962 3839 I
980 3789 1016 3855 (p.
1031 3789 1069 3854 8),
1091 3787 1117 3838 ll
1136 3790 1174 3855 (p.
1190 3791 1229 3855 1),
1256 3789 1296 3842 [Π
1315 3795 1354 3859 (p.
1370 3794 1400 3853 ll,

253 3878 396 3932 doctrinae
415 3881 443 3931 ct
461 3878 594 3932 acuminis
618 3871 715 3946 plerus.
757 3879 793 3931 Et
811 3878 960 3931 novissimo
985 3878 1096 3944 quidem
1119 3880 1180 3932 loco
1203 3881 1237 3933 nt
1255 3880 1401 3935 Vrbinatis

253 3970 412 4024 calidiorem
439 3971 639 4024 admiratorem
660 3970 871 4038 Kiesslingium‚
898 3970 938 4024 ita
959 3971 1053 4040 paullo
1075 3972 1249 4026 tenaciorem
1279 3973 1401 4028 Chisiani

253 4067 401 4131 patronum
431 4063 620 4117 Hermannum
650 4062 802 4132 Sauppium
832 4063 930 4128 (Nunt.
961 4063 1087 4131 Gotting.
1119 4081 1144 4116 a.
1171 4070 1236 4118 1861
1267 4085 1304 4119 m.
1330 4067 1400 4120 Nos.

253 4174 280 4223 p.
302 4162 365 4209 1811
385 4161 457 4225 sqq.)
475 4155 691 4225 prudentissimo
709 4157 740 4208 ut
758 4155 838 4209 nobis
855 4155 966 4209 videtur
982 4155 1083 4210 iudicio
1101 4142 1288 4225 impugnavit.
1321 4159 1402 4212 Vnde

255 4265 424 4315 consequeus
443 4252 499 4315 cst,
524 4250 554 4301 ut
571 4248 693 4302 mediam
711 4248 851 4315 quandam
869 4247 943 4302 viam
960 4248 1020 4318 ipse
1039 4248 1226 4318 amplectatur
1248 4228 1402 4305 1111111161-

255 4357 314 4393 sam
333 4341 368 4394 ab
387 4358 421 4395 ea
439 4359 523 4409 quam
541 4359 591 4395 nos
610 4341 923 4409 commendaveramus]
1169 4329 1193 4364 ⁵⁴
