3014 5010
236 313 296 375 162
534 329 784 378 GOROLLARIVM
807 330 1075 378 DISPVTATIONIS

232 503 264 562 p.
288 479 361 561 596,
385 480 569 543 Fischerum
598 480 638 543 ad
661 480 792 543 Weller.
816 481 848 543 Il
871 504 902 563 p.
926 482 978 560 33,
1003 480 1041 543 de
1063 481 1133 562 ipso
1155 484 1261 543 autem
1287 483 1375 561 βαίτη

234 590 363 652 nomine
383 589 541 653 Koenium
564 591 598 652 in
621 589 755 674 Gregor.
781 590 852 657 Cor.
877 613 909 673 p.
933 590 1006 653 287.

319 731 406 807 Quae
423 755 494 796 oum
516 733 562 795 ita
586 733 666 814 sint,
691 754 757 795 non
778 736 905 795 tantum
928 732 1002 815 quid
1024 733 1176 816 rationis,
1200 734 1256 797 sed
1278 735 1376 799 etiam

235 842 308 924 quid
326 863 456 904 caussae
478 842 576 905 suerit
597 864 672 906 suae
689 842 851 905 cuiusdam
868 842 1069 905 coniecturae
1092 843 1373 925 commendandae,

235 973 252 1013 e
279 942 490 1034 Bernhardyo
518 951 661 1014 ridemur
688 953 756 1015 iure
784 956 893 1015 nostro
921 973 1082 1034 quaerere.
1139 950 1224 1014 Nam
1251 953 1376 1017 ratione

235 1060 362 1143 quidem
398 1082 526 1143 prorsus
560 1082 683 1142 carere,
722 1053 805 1144 quod
839 1067 965 1142 Concyli
996 1065 1178 1143 corruptum
1215 1082 1254 1124 ex
1287 1067 1379 1126 Eucli

235 1170 364 1233 nomine
395 1170 519 1252 putavit
547 1170 740 1234 Lobeckium
768 1170 943 1255 (Aglaoph.
973 1171 989 1234 Ι
1017 1193 1048 1252 p.
1078 1171 1156 1254 300)
1184 1175 1375 1252 antestatus,

237 1301 307 1343 cum
342 1279 396 1341 alii
429 1301 579 1343 monuere
609 1283 678 1342 tum
705 1279 889 1342 Dindorfius
919 1280 1092 1363 perspexit.
1153 1279 1276 1363 Quippe
1310 1303 1377 1345 non

234 1389 415 1452 fabulosum
442 1389 642 1452 oraculorum
671 1388 866 1452 conditorem
897 1389 1085 1472 requirimus
1117 1391 1200 1453 sacri
1229 1390 1377 1454 vaticinii

236 1498 362 1560 arcanis
390 1498 587 1581 obvolutum,
625 1499 749 1581 qualem
782 1498 832 1561 vel
859 1498 994 1561 Euclum
1027 1498 1118 1561 illum
1144 1499 1195 1561 vel
1223 1497 1377 1563 Bacidem

233 1608 372 1690 aliquem
402 1608 452 1670 vel
485 1606 650 1671 Musaeum
684 1608 878 1690 accepimus,
914 1607 969 1670 sed
1002 1606 1163 1670 hominem
1196 1608 1377 1672 litteratum

233 1717 299 1780 eius
315 1716 446 1797 aetatiS,
469 1739 550 1799 qnae
567 1719 602 1780 in
622 1717 721 1800 ipsius
737 1717 807 1780 luce
823 1716 976 1779 historiae
992 1717 1147 1780 collocata
1163 1716 1214 1779 sit.
1254 1716 1377 1782 Verum

233 1826 343 1890 relicto
367 1825 575 1909 Bernhardyo
598 1826 768 1889 videndum
790 1826 888 1888 etiam
915 1826 953 1888 de
977 1826 1058 1889 aliis.
1104 1825 1185 1900 Quid
1209 1831 1316 1889 autem
1339 1829 1374 1890 in

232 1939 395 2017 posterum
417 1935 603 1998 incredibile
625 1934 799 2017 videbitur,
824 1935 851 1997 si
874 1935 972 1997 fuisse
995 1934 1147 2018 audieris,
1172 1935 1286 2018 quibus
1310 1959 1376 2000 cer·

232 2052 374 2108 tissimum
410 2045 571 2108 rideretur
607 2048 764 2110 κονκυλου
798 2043 871 2128 (sic)
904 2047 1009 2106 ortum
1046 2065 1113 2106 esse
1145 2065 1161 2105 e
1196 2045 1374 2124 (Σιμωνίδου

235 2153 349 2218 Κείουῖ)
403 2153 521 2228 Quidni
554 2155 703 2218 dixerunt
732 2176 770 2216 ex
798 2154 1027 2231 Ἀνακρέοντος
1059 2154 1156 2231 Τηίου
1184 2153 1233 2216 vel
1266 2156 1375 2220 Λάεου

232 2264 421 2342 Ἑρμιονέως
443 2264 570 2328 ortum?
592 2286 725 2346 quorum
747 2266 895 2326 neutrum
910 2265 959 2325 est
981 2263 1063 2345 quod
1086 2284 1152 2325 non
1169 2262 1281 2327 eadem
1305 2268 1376 2328 arte

234 2374 266 2434 et
288 2372 457 2454 disciplina
484 2374 700 2457 excogitatum
728 2373 770 2436 sit
799 2373 956 2436 eisdemve
984 2371 1193 2435 artificiorum
1216 2373 1377 2437 machinis

233 2479 361 2542 defendi
389 2486 493 2563 queat.
539 2482 668 2544 Rerixit
694 2482 874 2545 mehercule
896 2481 1080 2544 Marklandi
1109 2481 1163 2544 ille
1186 2489 1378 2547 carasr’dicus

235 2592 325 2664 vafer
346 2595 406 2653 hie.

317 2731 400 2806 Quid
427 2737 533 2796 autem
553 2756 626 2816 nos,
657 2735 770 2818 quibus
792 2735 856 2798 iam
884 2756 1001 2818 graeca
1024 2716 1120 2798 verba
1147 2740 1276 2817 praesto
1300 2742 1378 2801 sunt

234 2863 251 2903 e
279 2840 425 2905 Parisino
454 2843 560 2906 codice
588 2845 774 2927 protracta?
828 2844 868 2907 ln
902 2845 1015 2928 quibus
1049 2847 1075 2907 si
1106 2845 1259 2926 scriptum
1291 2852 1378 2910 esset

181 2967 214 3016 46
233 2951 420 3034 simpliciter
446 2954 496 3016 καὶ
525 2955 678 3037 Κογχύλῳ
707 2955 756 3016 vel
781 2946 949 3038 Κογκύλῳ,
979 2954 1030 3016 vel
1053 2953 1099 3016 sic
1121 2953 1376 3018 desideraremus

232 3062 434 3144 gentilicium
455 3085 587 3126 nomen:
614 3064 699 3126 ultra
722 3062 871 3148 progredi
895 3063 948 3126 vix
972 3063 1168 3126 auderemus.
1214 3062 1276 3127 Sed
1299 3064 1376 3128 scri-

232 3176 323 3254 ptum
338 3175 386 3234 est
408 3195 458 3237 και
480 3194 540 3248 καγ
563 3174 613 3236 ἐπὶ
630 3177 792 3250 κογκυλω,
816 3173 940 3236 adiecto
962 3177 1128 3255 praeterea
1144 3172 1261 3236 calami
1277 3175 1376 3238 ductu

231 3281 357 3344 litterae
387 3283 545 3345 Arabicae
574 3282 685 3364 simili,
722 3282 775 3346 sed
810 3305 871 3365 quo
904 3282 1043 3345 discerni
1075 3285 1201 3344 tantuin
1229 3282 1324 3346 modo
1356 3307 1376 3347 a

231 3390 389 3472 prioribus
422 3413 538 3454 novam
569 3393 787 3455 narrationem
822 3391 1023 3471 crediderim,
1058 3413 1138 3474 quae
1175 3390 1214 3453 de
1247 3391 1376 3456 inter·

231 3501 411 3580 pretibu's
434 3500 612 3564 Homericis
635 3501 784 3583 deinceps
808 3501 960 3584 sequitur.
998 3500 1059 3563 Illa
1081 3503 1187 3563 autem
1216 3522 1285 3564 esse
1307 3501 1376 3566 eius

230 3609 332 3689 modi,
362 3614 397 3672 ut
423 3611 580 3694 gravioris
610 3611 742 3674 alicuius
771 3610 969 3692 corruptelae
997 3608 1082 3671 haud
1104 3609 1239 3672 obscura
1270 3610 1376 3695 signi·

231 3718 338 3789 ficatio
365 3720 437 3800 fiat,
467 3721 562 3784 facile
589 3720 700 3784 vident
727 3719 780 3803 qui
808 3719 921 3781 harum
948 3718 1127 3781 litterarum
1155 3721 1230 3781 sunt
1260 3721 1373 3802 periti.

232 3827 317 3890 Ecce
344 3833 465 3911 autem,
500 3851 681 3893 suecmrere
710 3828 884 3891 haesitanti
914 3832 946 3890 et
979 3827 1019 3890 de
1046 3827 1183 3910 pristina
1214 3828 1377 3911 scriptura

231 3937 400 4000 meditanti
422 3931 579 4024 marginis
593 3939 731 4019 notati0,
757 3961 866 4002 verum
886 3960 926 4001 ne
942 3958 979 4000 ea
1002 3937 1128 4020 quidem
1150 3937 1291 4021 integra,
1317 3941 1376 4004 sed

232 4050 380 4110 truncata
403 4070 421 4110 a
444 4048 642 4134 bibliopego,
667 4071 747 4132 quae
766 4049 847 4113 haec
869 4069 936 4111 esse
959 4046 1109 4111 Cramero
1131 4045 1200 4109 visa
1223 4052 1290 4112 est:

518 4206 600 4267 νοδα
623 4207 675 4278 Cur
697 4201 840 4280 τικόνκορ

784 4315 874 4374 λιωνι
