<?xml version="1.0" encoding="UTF-8"?>
<!DOCTYPE html PUBLIC "-//W3C//DTD XHTML 1.0 Transitional//EN"
    "http://www.w3.org/TR/xhtml1/DTD/xhtml1-transitional.dtd">
<html xmlns="http://www.w3.org/1999/xhtml" xml:lang="en" lang="en">
 <head>
  <title>
</title>
<meta http-equiv="Content-Type" content="text/html;charset=utf-8" />
  <meta name='ocr-system' content='tesseract 3.04.00' />
  <meta name='ocr-capabilities' content='ocr_page ocr_carea ocr_par ocr_line ocrx_word'/>
</head>
<body>
  <div class='ocr_page' id='page_1' title='image "./fridericiritsch04wachgoog_0618.png"; bbox 0 0 2896 4996; ppageno 0'>
   <div class='ocr_carea' id='block_1_1' title="bbox 484 356 1242 420">
    <p class='ocr_par' dir='ltr' id='par_1_1' title="bbox 484 356 1242 420">
     <span class='ocr_line' id='line_1_1' title="bbox 484 356 1242 420; baseline 0.009 -7"><span class='ocrx_word' id='word_1_1' title='bbox 484 368 531 414; x_wconf 85' lang='lat' dir='ltr'><strong>ua</strong></span> <span class='ocrx_word' id='word_1_2' title='bbox 555 368 624 417; x_wconf 81' lang='lat' dir='ltr'><strong>ono</strong></span> <span class='ocrx_word' id='word_1_3' title='bbox 648 369 692 415; x_wconf 84' lang='lat' dir='ltr'><strong>ar</strong></span> <span class='ocrx_word' id='word_1_4' title='bbox 716 368 856 416; x_wconf 83' lang='lat' dir='ltr'><strong>oaroun.</strong></span> <span class='ocrx_word' id='word_1_5' title='bbox 1179 356 1242 420; x_wconf 81' lang='lat'><strong>605</strong></span> 
     </span>
    </p>
   </div>
   <div class='ocr_carea' id='block_1_2' title="bbox 42 520 1345 2042">
    <p class='ocr_par' dir='ltr' id='par_1_2' title="bbox 42 520 1345 2042">
     <span class='ocr_line' id='line_1_2' title="bbox 96 520 1345 606; baseline 0.002 -20"><span class='ocrx_word' id='word_1_6' title='bbox 96 542 215 586; x_wconf 92' lang='lat' dir='ltr'><strong>nomen</strong></span> <span class='ocrx_word' id='word_1_7' title='bbox 237 520 449 585; x_wconf 62' lang='lat' dir='ltr'><strong>substituatur</strong></span> <span class='ocrx_word' id='word_1_8' title='bbox 477 521 511 584; x_wconf 94' lang='lat' dir='ltr'><strong>in</strong></span> <span class='ocrx_word' id='word_1_9' title='bbox 540 522 671 585; x_wconf 90' lang='lat' dir='ltr'><strong>alterius</strong></span> <span class='ocrx_word' id='word_1_10' title='bbox 692 522 813 606; x_wconf 61' lang='lat' dir='ltr'><strong>flocum.</strong></span> <span class='ocrx_word' id='word_1_11' title='bbox 859 523 966 606; x_wconf 82' lang='lat' dir='ltr'><strong>Atque</strong></span> <span class='ocrx_word' id='word_1_12' title='bbox 989 544 1060 587; x_wconf 87' lang='lat' dir='ltr'><strong>eam</strong></span> <span class='ocrx_word' id='word_1_13' title='bbox 1082 525 1242 589; x_wconf 88' lang='lat' dir='ltr'><strong>rationem</strong></span> <span class='ocrx_word' id='word_1_14' title='bbox 1339 559 1345 571; x_wconf 94' lang='lat'><strong>·</strong></span> 
     </span>
     <span class='ocr_line' id='line_1_3' title="bbox 97 631 1241 717; baseline 0.003 -22"><span class='ocrx_word' id='word_1_15' title='bbox 97 653 171 696; x_wconf 83' lang='lat' dir='ltr'><strong>vere</strong></span> <span class='ocrx_word' id='word_1_16' title='bbox 192 631 366 696; x_wconf 84' lang='lat' dir='ltr'><strong>tenendam</strong></span> <span class='ocrx_word' id='word_1_17' title='bbox 389 653 473 715; x_wconf 85' lang='lat' dir='ltr'><strong>esse,</strong></span> <span class='ocrx_word' id='word_1_18' title='bbox 502 632 639 717; x_wconf 86' lang='lat' dir='ltr'><strong>internis</strong></span> <span class='ocrx_word' id='word_1_19' title='bbox 667 633 865 717; x_wconf 79' lang='lat' dir='ltr'><strong>argumentis</strong></span> <span class='ocrx_word' id='word_1_20' title='bbox 894 632 1031 696; x_wconf 86' lang='lat' dir='ltr'><strong>efficitur</strong></span> <span class='ocrx_word' id='word_1_21' title='bbox 1058 656 1124 698; x_wconf 90' lang='lat' dir='ltr'><strong>non</strong></span> <span class='ocrx_word' id='word_1_22' title='bbox 1154 635 1241 698; x_wconf 90' lang='lat' dir='ltr'><strong>infir-</strong></span> 
     </span>
     <span class='ocr_line' id='line_1_4' title="bbox 96 742 1241 830; baseline 0.003 -25"><span class='ocrx_word' id='word_1_23' title='bbox 96 742 250 806; x_wconf 76' lang='lat' dir='ltr'><strong>inionibus</strong></span> <span class='ocrx_word' id='word_1_24' title='bbox 256 792 265 826; x_wconf 92' lang='lat'><strong>,</strong></span> <span class='ocrx_word' id='word_1_25' title='bbox 296 764 391 826; x_wconf 89' lang='lat' dir='ltr'><strong>quam</strong></span> <span class='ocrx_word' id='word_1_26' title='bbox 420 742 533 826; x_wconf 89' lang='lat' dir='ltr'><strong>quibus</strong></span> <span class='ocrx_word' id='word_1_27' title='bbox 561 742 723 806; x_wconf 88' lang='lat' dir='ltr'><strong>contrariu</strong></span> <span class='ocrx_word' id='word_1_28' title='bbox 744 743 896 807; x_wconf 76' lang='lat' dir='ltr'>harcheri</span> <span class='ocrx_word' id='word_1_29' title='bbox 924 744 1106 808; x_wconf 88' lang='lat' dir='ltr'><strong>coniectura</strong></span> <span class='ocrx_word' id='word_1_30' title='bbox 1134 746 1241 830; x_wconf 83' lang='lat' dir='ltr'><strong>exagi-</strong></span> 
     </span>
     <span class='ocr_line' id='line_1_5' title="bbox 97 852 1241 940; baseline 0.003 -24"><span class='ocrx_word' id='word_1_31' title='bbox 97 856 167 916; x_wconf 87' lang='lat' dir='ltr'><strong>tata</strong></span> <span class='ocrx_word' id='word_1_32' title='bbox 195 857 244 917; x_wconf 87' lang='lat' dir='ltr'><strong>est</strong></span> <span class='ocrx_word' id='word_1_33' title='bbox 270 856 302 917; x_wconf 90' lang='lat' dir='ltr'><strong>et</strong></span> <span class='ocrx_word' id='word_1_34' title='bbox 328 857 364 917; x_wconf 90' lang='lat' dir='ltr'><strong>ut</strong></span> <span class='ocrx_word' id='word_1_35' title='bbox 391 854 528 917; x_wconf 83' lang='lat' dir='ltr'><strong>arbitror</strong></span> <span class='ocrx_word' id='word_1_36' title='bbox 560 852 717 917; x_wconf 85' lang='lat' dir='ltr'><strong>convicta.</strong></span> <span class='ocrx_word' id='word_1_37' title='bbox 769 853 856 929; x_wconf 81' lang='lat' dir='ltr'><strong>Quae</strong></span> <span class='ocrx_word' id='word_1_38' title='bbox 890 855 1016 938; x_wconf 90' lang='lat' dir='ltr'><strong>quidem</strong></span> <span class='ocrx_word' id='word_1_39' title='bbox 1050 860 1241 940; x_wconf 86' lang='lat' dir='ltr'><strong>argumenta</strong></span> 
     </span>
     <span class='ocr_line' id='line_1_6' title="bbox 97 964 1240 1051; baseline 0.004 -25"><span class='ocrx_word' id='word_1_40' title='bbox 97 964 249 1047; x_wconf 88' lang='lat' dir='ltr'><strong>quoniam</strong></span> <span class='ocrx_word' id='word_1_41' title='bbox 272 985 310 1027; x_wconf 86' lang='lat' dir='ltr'><strong>ex</strong></span> <span class='ocrx_word' id='word_1_42' title='bbox 333 964 571 1051; x_wconf 86' lang='lat' dir='ltr'><strong>comparatione</strong></span> <span class='ocrx_word' id='word_1_43' title='bbox 594 964 786 1048; x_wconf 86' lang='lat' dir='ltr'><strong>reliquorum</strong></span> <span class='ocrx_word' id='word_1_44' title='bbox 808 965 866 1029; x_wconf 89' lang='lat' dir='ltr'><strong>Ori</strong></span> <span class='ocrx_word' id='word_1_45' title='bbox 888 965 1142 1050; x_wconf 82' lang='lat' dir='ltr'><strong>fragmentorum</strong></span> <span class='ocrx_word' id='word_1_46' title='bbox 1164 987 1240 1050; x_wconf 87' lang='lat' dir='ltr'><strong>pen-</strong></span> 
     </span>
     <span class='ocr_line' id='line_1_7' title="bbox 96 1073 1241 1157; baseline 0.003 -20"><span class='ocrx_word' id='word_1_47' title='bbox 96 1073 175 1137; x_wconf 91' lang='lat' dir='ltr'><strong>dent</strong></span> <span class='ocrx_word' id='word_1_48' title='bbox 207 1078 319 1157; x_wconf 88' lang='lat' dir='ltr'><strong>postea</strong></span> <span class='ocrx_word' id='word_1_49' title='bbox 351 1074 477 1137; x_wconf 90' lang='lat' dir='ltr'><strong>demum</strong></span> <span class='ocrx_word' id='word_1_50' title='bbox 507 1074 720 1155; x_wconf 91' lang='lat' dir='ltr'><strong>instituenda,</strong></span> <span class='ocrx_word' id='word_1_51' title='bbox 758 1075 819 1138; x_wconf 94' lang='lat' dir='ltr'><strong>boc</strong></span> <span class='ocrx_word' id='word_1_52' title='bbox 852 1077 921 1139; x_wconf 92' lang='lat' dir='ltr'><strong>loco</strong></span> <span class='ocrx_word' id='word_1_53' title='bbox 954 1076 1032 1140; x_wconf 89' lang='lat' dir='ltr'><strong>satis</strong></span> <span class='ocrx_word' id='word_1_54' title='bbox 1065 1076 1168 1140; x_wconf 89' lang='lat' dir='ltr'><strong>babeo</strong></span> <span class='ocrx_word' id='word_1_55' title='bbox 1201 1076 1241 1140; x_wconf 88' lang='lat' dir='ltr'><strong>ad</strong></span> 
     </span>
     <span class='ocr_line' id='line_1_8' title="bbox 42 1183 1240 1271; baseline 0.003 -24"><span class='ocrx_word' id='word_1_56' title='bbox 42 1208 45 1211; x_wconf 39' lang='lat'>⁵</span> <span class='ocrx_word' id='word_1_57' title='bbox 96 1185 238 1267; x_wconf 89' lang='lat' dir='ltr'><strong>ipsorum</strong></span> <span class='ocrx_word' id='word_1_58' title='bbox 260 1183 492 1268; x_wconf 90' lang='lat' dir='ltr'><strong>discrepantias</strong></span> <span class='ocrx_word' id='word_1_59' title='bbox 514 1184 810 1269; x_wconf 81' lang='lat' dir='ltr'><strong>Etymologieorum</strong></span> <span class='ocrx_word' id='word_1_60' title='bbox 832 1208 1013 1269; x_wconf 87' lang='lat' dir='ltr'><strong>provocare.</strong></span> <span class='ocrx_word' id='word_1_61' title='bbox 1048 1186 1147 1251; x_wconf 89' lang='lat' dir='ltr'><strong>Velut</strong></span> <span class='ocrx_word' id='word_1_62' title='bbox 1168 1209 1240 1271; x_wconf 85' lang='lat' dir='ltr'><strong>gra-</strong></span> 
     </span>
     <span class='ocr_line' id='line_1_9' title="bbox 96 1294 1240 1381; baseline 0.003 -23"><span class='ocrx_word' id='word_1_63' title='bbox 96 1296 261 1359; x_wconf 82' lang='lat' dir='ltr'><strong>vissimum</strong></span> <span class='ocrx_word' id='word_1_64' title='bbox 283 1294 344 1359; x_wconf 94' lang='lat' dir='ltr'><strong>hoc</strong></span> <span class='ocrx_word' id='word_1_65' title='bbox 365 1295 522 1379; x_wconf 88' lang='lat' dir='ltr'><strong>estquod,</strong></span> <span class='ocrx_word' id='word_1_66' title='bbox 547 1317 618 1359; x_wconf 88' lang='lat' dir='ltr'><strong>eum</strong></span> <span class='ocrx_word' id='word_1_67' title='bbox 634 1296 669 1358; x_wconf 92' lang='lat' dir='ltr'><strong>in</strong></span> <span class='ocrx_word' id='word_1_68' title='bbox 683 1317 761 1374; x_wconf 76' lang='lat' dir='ltr'><strong>yoce</strong></span> <span class='ocrx_word' id='word_1_69' title='bbox 774 1295 878 1376; x_wconf 69' lang='grc' dir='ltr'>ἴχνος,</span> <span class='ocrx_word' id='word_1_70' title='bbox 901 1317 981 1380; x_wconf 89' lang='lat' dir='ltr'><strong>quae</strong></span> <span class='ocrx_word' id='word_1_71' title='bbox 997 1319 1062 1360; x_wconf 91' lang='lat' dir='ltr'><strong>non</strong></span> <span class='ocrx_word' id='word_1_72' title='bbox 1085 1300 1134 1361; x_wconf 89' lang='lat' dir='ltr'><strong>est</strong></span> <span class='ocrx_word' id='word_1_73' title='bbox 1156 1298 1240 1381; x_wconf 89' lang='lat' dir='ltr'><strong>apud</strong></span> 
     </span>
     <span class='ocr_line' id='line_1_10' title="bbox 97 1405 1240 1491; baseline 0 -20"><span class='ocrx_word' id='word_1_74' title='bbox 97 1406 266 1489; x_wconf 85' lang='lat' dir='ltr'><strong>Orionem,</strong></span> <span class='ocrx_word' id='word_1_75' title='bbox 295 1406 330 1470; x_wconf 91' lang='lat' dir='ltr'><strong>in</strong></span> <span class='ocrx_word' id='word_1_76' title='bbox 359 1405 506 1470; x_wconf 84' lang='lat' dir='ltr'><strong>Gudiano</strong></span> <span class='ocrx_word' id='word_1_77' title='bbox 534 1429 566 1489; x_wconf 91' lang='lat' dir='ltr'><strong>p.</strong></span> <span class='ocrx_word' id='word_1_78' title='bbox 590 1406 669 1490; x_wconf 83' lang='lat'><strong>286,</strong></span> <span class='ocrx_word' id='word_1_79' title='bbox 692 1406 734 1470; x_wconf 80' lang='lat'><strong>46</strong></span> <span class='ocrx_word' id='word_1_80' title='bbox 761 1406 916 1490; x_wconf 89' lang='lat' dir='ltr'><strong>scriptum</strong></span> <span class='ocrx_word' id='word_1_81' title='bbox 945 1407 987 1470; x_wconf 87' lang='lat' dir='ltr'><strong>sit</strong></span> <span class='ocrx_word' id='word_1_82' title='bbox 1015 1408 1146 1488; x_wconf 84' lang='grc' dir='ltr'>Ὠρίων,</span> <span class='ocrx_word' id='word_1_83' title='bbox 1175 1409 1240 1491; x_wconf 86' lang='lat' dir='ltr'><strong>ple-</strong></span> 
     </span>
     <span class='ocr_line' id='line_1_11' title="bbox 47 1516 1238 1601; baseline 0.002 -21"><span class='ocrx_word' id='word_1_84' title='bbox 47 1561 53 1569; x_wconf 88' lang='lat'>·</span> <span class='ocrx_word' id='word_1_85' title='bbox 96 1539 175 1580; x_wconf 91' lang='lat' dir='ltr'><strong>num</strong></span> <span class='ocrx_word' id='word_1_86' title='bbox 208 1517 306 1597; x_wconf 81' lang='grc' dir='ltr'>Ὠρο(</span> <span class='ocrx_word' id='word_1_87' title='bbox 341 1517 360 1582; x_wconf 88' lang='grc' dir='ltr'>ὁ</span> <span class='ocrx_word' id='word_1_88' title='bbox 394 1518 546 1595; x_wconf 79' lang='grc' dir='ltr'>Μιλήωοε</span> <span class='ocrx_word' id='word_1_89' title='bbox 578 1539 694 1580; x_wconf 90' lang='lat' dir='ltr'><strong>nomeu</strong></span> <span class='ocrx_word' id='word_1_90' title='bbox 725 1516 866 1581; x_wconf 81' lang='lat' dir='ltr'><strong>Zonaras</strong></span> <span class='ocrx_word' id='word_1_91' title='bbox 905 1517 1053 1600; x_wconf 77' lang='lat' dir='ltr'><strong>prodidit</strong></span> <span class='ocrx_word' id='word_1_92' title='bbox 1078 1541 1109 1601; x_wconf 90' lang='lat' dir='ltr'><strong>p.</strong></span> <span class='ocrx_word' id='word_1_93' title='bbox 1148 1519 1238 1583; x_wconf 81' lang='lat'><strong>1036.</strong></span> 
     </span>
     <span class='ocr_line' id='line_1_12' title="bbox 96 1626 1240 1712; baseline 0.003 -21"><span class='ocrx_word' id='word_1_94' title='bbox 96 1627 179 1691; x_wconf 87' lang='lat' dir='ltr'><strong>Item</strong></span> <span class='ocrx_word' id='word_1_95' title='bbox 201 1628 237 1691; x_wconf 90' lang='lat' dir='ltr'><strong>in</strong></span> <span class='ocrx_word' id='word_1_96' title='bbox 259 1628 312 1692; x_wconf 82' lang='lat' dir='ltr'><strong>Et.</strong></span> <span class='ocrx_word' id='word_1_97' title='bbox 336 1626 381 1691; x_wconf 91' lang='lat' dir='ltr'><strong>M.</strong></span> <span class='ocrx_word' id='word_1_98' title='bbox 405 1649 435 1691; x_wconf 86' lang='lat' dir='ltr'><strong>v.</strong></span> <span class='ocrx_word' id='word_1_99' title='bbox 459 1628 627 1707; x_wconf 82' lang='grc' dir='ltr'>ἀδολε(χία</span> <span class='ocrx_word' id='word_1_100' title='bbox 650 1650 681 1711; x_wconf 91' lang='lat' dir='ltr'><strong>p.</strong></span> <span class='ocrx_word' id='word_1_101' title='bbox 708 1628 757 1711; x_wconf 87' lang='lat'><strong>18,</strong></span> <span class='ocrx_word' id='word_1_102' title='bbox 782 1628 801 1692; x_wconf 87' lang='lat'>8</span> <span class='ocrx_word' id='word_1_103' title='bbox 824 1627 1012 1712; x_wconf 84' lang='lat' dir='ltr'><strong>Sylburgius</strong></span> <span class='ocrx_word' id='word_1_104' title='bbox 1035 1627 1134 1692; x_wconf 84' lang='lat' dir='ltr'><strong>edidit</strong></span> <span class='ocrx_word' id='word_1_105' title='bbox 1156 1630 1240 1705; x_wconf 84' lang='grc' dir='ltr'>λέγει</span> 
     </span>
     <span class='ocr_line' id='line_1_13' title="bbox 96 1737 1240 1822; baseline 0 -19"><span class='ocrx_word' id='word_1_106' title='bbox 96 1741 129 1803; x_wconf 86' lang='lat' dir='ltr'><strong>b&#39;</strong></span> <span class='ocrx_word' id='word_1_107' title='bbox 152 1739 287 1822; x_wconf 83' lang='grc' dir='ltr'>Ὠρίων,</span> <span class='ocrx_word' id='word_1_108' title='bbox 317 1737 374 1802; x_wconf 88' lang='lat' dir='ltr'><strong>Ori</strong></span> <span class='ocrx_word' id='word_1_109' title='bbox 403 1760 520 1802; x_wconf 92' lang='lat' dir='ltr'><strong>nomeu</strong></span> <span class='ocrx_word' id='word_1_110' title='bbox 543 1738 664 1801; x_wconf 81' lang='lat' dir='ltr'><strong>emitur</strong></span> <span class='ocrx_word' id='word_1_111' title='bbox 692 1760 709 1802; x_wconf 92' lang='lat' dir='ltr'><strong>e</strong></span> <span class='ocrx_word' id='word_1_112' title='bbox 732 1740 881 1821; x_wconf 86' lang='lat' dir='ltr'><strong>corrupta</strong></span> <span class='ocrx_word' id='word_1_113' title='bbox 902 1738 1093 1802; x_wconf 88' lang='lat' dir='ltr'><strong>Dorvilliani</strong></span> <span class='ocrx_word' id='word_1_114' title='bbox 1123 1739 1240 1803; x_wconf 87' lang='lat' dir='ltr'><strong>codicis</strong></span> 
     </span>
     <span class='ocr_line' id='line_1_14' title="bbox 95 1827 1240 1933; baseline 0.003 -22"><span class='ocrx_word' id='word_1_115' title='bbox 95 1827 257 1931; x_wconf 82' lang='lat' dir='ltr'><strong>scriptura</strong></span> <span class='ocrx_word' id='word_1_116' title='bbox 280 1848 396 1932; x_wconf 89' lang='lat' dir='ltr'><strong>(praef.</strong></span> <span class='ocrx_word' id='word_1_117' title='bbox 421 1848 455 1912; x_wconf 92' lang='lat' dir='ltr'><strong>in</strong></span> <span class='ocrx_word' id='word_1_118' title='bbox 479 1847 561 1912; x_wconf 85' lang='lat' dir='ltr'><strong>Gud.</strong></span> <span class='ocrx_word' id='word_1_119' title='bbox 585 1871 616 1931; x_wconf 93' lang='lat' dir='ltr'><strong>p.</strong></span> <span class='ocrx_word' id='word_1_120' title='bbox 633 1847 710 1933; x_wconf 83' lang='lat' dir='ltr'>XII)</span> <span class='ocrx_word' id='word_1_121' title='bbox 733 1850 817 1926; x_wconf 85' lang='grc' dir='ltr'>λέγω</span> <span class='ocrx_word' id='word_1_122' title='bbox 841 1851 874 1913; x_wconf 84' lang='lat' dir='ltr'><strong>b’</strong></span> <span class='ocrx_word' id='word_1_123' title='bbox 897 1848 996 1929; x_wconf 85' lang='grc' dir='ltr'>ὦρον.</span> <span class='ocrx_word' id='word_1_124' title='bbox 1032 1848 1153 1924; x_wconf 81' lang='lat' dir='ltr'><strong>Quibus</strong></span> <span class='ocrx_word' id='word_1_125' title='bbox 1177 1851 1240 1914; x_wconf 89' lang='lat' dir='ltr'><strong>alia</strong></span> 
     </span>
     <span class='ocr_line' id='line_1_15' title="bbox 97 1957 1239 2042; baseline 0.004 -20"><span class='ocrx_word' id='word_1_126' title='bbox 97 1958 252 2022; x_wconf 88' lang='lat' dir='ltr'><strong>accedent</strong></span> <span class='ocrx_word' id='word_1_127' title='bbox 275 1962 294 2039; x_wconf 63' lang='grc' dir='ltr'><strong>ξ</strong></span> <span class='ocrx_word' id='word_1_128' title='bbox 320 1959 358 2022; x_wconf 88' lang='grc'><strong>16</strong></span> <span class='ocrx_word' id='word_1_129' title='bbox 384 1959 592 2042; x_wconf 84' lang='lat' dir='ltr'><strong>reservanda,</strong></span> <span class='ocrx_word' id='word_1_130' title='bbox 623 1957 705 2042; x_wconf 93' lang='lat' dir='ltr'><strong>quod</strong></span> <span class='ocrx_word' id='word_1_131' title='bbox 734 1959 905 2022; x_wconf 88' lang='lat' dir='ltr'><strong>coniuncta</strong></span> <span class='ocrx_word' id='word_1_132' title='bbox 931 1963 1006 2022; x_wconf 90' lang='lat' dir='ltr'><strong>sunt</strong></span> <span class='ocrx_word' id='word_1_133' title='bbox 1034 1981 1105 2023; x_wconf 88' lang='lat' dir='ltr'><strong>cum</strong></span> <span class='ocrx_word' id='word_1_134' title='bbox 1132 1961 1239 2042; x_wconf 72' lang='grc' dir='ltr'>(Σωρα-</span> 
     </span>
    </p>
   </div>
   <div class='ocr_carea' id='block_1_3' title="bbox 94 2067 1240 2509">
    <p class='ocr_par' dir='ltr' id='par_1_3' title="bbox 94 2067 1240 2509">
     <span class='ocr_line' id='line_1_16' title="bbox 96 2067 1239 2153; baseline 0.001 -19"><span class='ocrx_word' id='word_1_135' title='bbox 96 2070 155 2134; x_wconf 78' lang='grc' dir='ltr'><strong>νό(</strong></span> <span class='ocrx_word' id='word_1_136' title='bbox 177 2069 317 2133; x_wconf 85' lang='lat' dir='ltr'><strong>nomine.</strong></span> <span class='ocrx_word' id='word_1_137' title='bbox 363 2067 518 2133; x_wconf 85' lang='lat' dir='ltr'><strong>Nolumus</strong></span> <span class='ocrx_word' id='word_1_138' title='bbox 546 2069 632 2133; x_wconf 85' lang='lat' dir='ltr'><strong>euim</strong></span> <span class='ocrx_word' id='word_1_139' title='bbox 660 2069 800 2151; x_wconf 84' lang='lat' dir='ltr'><strong>arripere</strong></span> <span class='ocrx_word' id='word_1_140' title='bbox 831 2068 991 2152; x_wconf 77' lang='lat' dir='ltr'><strong>cupidine,</strong></span> <span class='ocrx_word' id='word_1_141' title='bbox 1020 2070 1102 2153; x_wconf 92' lang='lat' dir='ltr'><strong>quod</strong></span> <span class='ocrx_word' id='word_1_142' title='bbox 1131 2093 1160 2134; x_wconf 87' lang='lat' dir='ltr'><strong>v.</strong></span> <span class='ocrx_word' id='word_1_143' title='bbox 1184 2071 1239 2148; x_wconf 83' lang='grc' dir='ltr'><strong>ἄγ-</strong></span> 
     </span>
     <span class='ocr_line' id='line_1_17' title="bbox 95 2179 1239 2266; baseline 0.001 -23"><span class='ocrx_word' id='word_1_144' title='bbox 95 2201 196 2259; x_wconf 79' lang='grc' dir='ltr'>γαροε</span> <span class='ocrx_word' id='word_1_145' title='bbox 227 2182 260 2242; x_wconf 90' lang='lat' dir='ltr'><strong>et</strong></span> <span class='ocrx_word' id='word_1_146' title='bbox 292 2179 423 2261; x_wconf 85' lang='grc' dir='ltr'>ἀγγριά(</span> <span class='ocrx_word' id='word_1_147' title='bbox 456 2202 488 2263; x_wconf 85' lang='grc' dir='ltr'><strong>ρ.</strong></span> <span class='ocrx_word' id='word_1_148' title='bbox 517 2181 556 2263; x_wconf 84' lang='grc'><strong>6,</strong></span> <span class='ocrx_word' id='word_1_149' title='bbox 588 2180 640 2243; x_wconf 83' lang='grc'><strong>46.</strong></span> <span class='ocrx_word' id='word_1_150' title='bbox 670 2181 713 2243; x_wconf 76' lang='grc'><strong>50</strong></span> <span class='ocrx_word' id='word_1_151' title='bbox 748 2179 832 2243; x_wconf 84' lang='lat' dir='ltr'><strong>idem</strong></span> <span class='ocrx_word' id='word_1_152' title='bbox 865 2179 1084 2243; x_wconf 88' lang='lat' dir='ltr'><strong>Dorvillianus</strong></span> <span class='ocrx_word' id='word_1_153' title='bbox 1119 2181 1165 2264; x_wconf 86' lang='lat' dir='ltr'><strong>(p.</strong></span> <span class='ocrx_word' id='word_1_154' title='bbox 1195 2181 1239 2266; x_wconf 88' lang='lat' dir='ltr'><strong>X)</strong></span> 
     </span>
     <span class='ocr_line' id='line_1_18' title="bbox 95 2288 1240 2374; baseline 0.002 -22"><span class='ocrx_word' id='word_1_155' title='bbox 95 2311 226 2372; x_wconf 88' lang='lat' dir='ltr'><strong>prorsus</strong></span> <span class='ocrx_word' id='word_1_156' title='bbox 254 2289 361 2353; x_wconf 90' lang='lat' dir='ltr'><strong>omisit</strong></span> <span class='ocrx_word' id='word_1_157' title='bbox 394 2290 498 2355; x_wconf 78' lang='grc' dir='ltr'>οὕτω(</span> <span class='ocrx_word' id='word_1_158' title='bbox 526 2290 642 2371; x_wconf 83' lang='grc' dir='ltr'>Ὠρίων</span> <span class='ocrx_word' id='word_1_159' title='bbox 670 2291 778 2354; x_wconf 87' lang='lat' dir='ltr'><strong>verba.</strong></span> <span class='ocrx_word' id='word_1_160' title='bbox 823 2288 1036 2374; x_wconf 80' lang='lat' dir='ltr'><strong>Quamquam,</strong></span> <span class='ocrx_word' id='word_1_161' title='bbox 1070 2291 1097 2354; x_wconf 91' lang='lat' dir='ltr'><strong>si</strong></span> <span class='ocrx_word' id='word_1_162' title='bbox 1130 2311 1240 2356; x_wconf 85' lang='lat' dir='ltr'><strong>verum</strong></span> 
     </span>
     <span class='ocr_line' id='line_1_19' title="bbox 94 2399 1239 2509; baseline 0.003 -47"><span class='ocrx_word' id='word_1_163' title='bbox 94 2399 194 2463; x_wconf 87' lang='lat' dir='ltr'><strong>fateri</strong></span> <span class='ocrx_word' id='word_1_164' title='bbox 222 2400 381 2483; x_wconf 78' lang='lat' dir='ltr'><strong>volumno,</strong></span> <span class='ocrx_word' id='word_1_165' title='bbox 413 2400 488 2484; x_wconf 91' lang='lat' dir='ltr'><strong>quid</strong></span> <span class='ocrx_word' id='word_1_166' title='bbox 516 2400 648 2464; x_wconf 87' lang='lat' dir='ltr'><strong>tandem</strong></span> <span class='ocrx_word' id='word_1_167' title='bbox 675 2422 754 2509; x_wconf 69' lang='lat' dir='ltr'><strong>⁰p¹i⁸</strong></span> <span class='ocrx_word' id='word_1_168' title='bbox 782 2404 831 2464; x_wconf 89' lang='lat' dir='ltr'><strong>est</strong></span> <span class='ocrx_word' id='word_1_169' title='bbox 859 2400 1043 2464; x_wconf 88' lang='lat' dir='ltr'><strong>testimonia</strong></span> <span class='ocrx_word' id='word_1_170' title='bbox 1071 2402 1239 2485; x_wconf 86' lang='lat' dir='ltr'><strong>anquirere</strong></span> 
     </span>
    </p>
   </div>
   <div class='ocr_carea' id='block_1_4' title="bbox 95 2500 1293 2931">
    <p class='ocr_par' dir='ltr' id='par_1_4' title="bbox 95 2500 1293 2931">
     <span class='ocr_line' id='line_1_20' title="bbox 96 2500 1293 2594; baseline 0.004 -20"><span class='ocrx_word' id='word_1_171' title='bbox 96 2511 165 2574; x_wconf 82' lang='lat' dir='ltr'><strong>eius</strong></span> <span class='ocrx_word' id='word_1_172' title='bbox 192 2511 254 2593; x_wconf 89' lang='lat' dir='ltr'><strong>rei,</strong></span> <span class='ocrx_word' id='word_1_173' title='bbox 286 2511 373 2575; x_wconf 86' lang='lat' dir='ltr'><strong>cuius</strong></span> <span class='ocrx_word' id='word_1_174' title='bbox 408 2500 526 2575; x_wconf 87' lang='lat' dir='ltr'><strong>similia</strong></span> <span class='ocrx_word' id='word_1_175' title='bbox 554 2512 699 2594; x_wconf 84' lang='lat' dir='ltr'><strong>exempla</strong></span> <span class='ocrx_word' id='word_1_176' title='bbox 733 2514 858 2577; x_wconf 83' lang='lat' dir='ltr'><strong>exstare</strong></span> <span class='ocrx_word' id='word_1_177' title='bbox 889 2533 964 2575; x_wconf 83' lang='lat' dir='ltr'><strong>vere</strong></span> <span class='ocrx_word' id='word_1_178' title='bbox 991 2511 1238 2575; x_wconf 90' lang='lat' dir='ltr'><strong>innumerabilia</strong></span> <span class='ocrx_word' id='word_1_179' title='bbox 1257 2525 1293 2579; x_wconf 76' lang='lat'><strong>22,</strong></span> 
     </span>
     <span class='ocr_line' id='line_1_21' title="bbox 95 2600 1287 2705; baseline 0.002 -21"><span class='ocrx_word' id='word_1_180' title='bbox 95 2643 192 2684; x_wconf 88' lang='lat' dir='ltr'><strong>nemo</strong></span> <span class='ocrx_word' id='word_1_181' title='bbox 214 2623 353 2704; x_wconf 87' lang='lat' dir='ltr'><strong>neseiat,</strong></span> <span class='ocrx_word' id='word_1_182' title='bbox 384 2621 438 2705; x_wconf 89' lang='lat' dir='ltr'><strong>qui</strong></span> <span class='ocrx_word' id='word_1_183' title='bbox 461 2621 598 2705; x_wconf 89' lang='lat' dir='ltr'><strong>aliquem</strong></span> <span class='ocrx_word' id='word_1_184' title='bbox 620 2600 733 2686; x_wconf 89' lang='lat' dir='ltr'><strong>barum</strong></span> <span class='ocrx_word' id='word_1_185' title='bbox 756 2644 861 2685; x_wconf 88' lang='lat' dir='ltr'><strong>rerum</strong></span> <span class='ocrx_word' id='word_1_186' title='bbox 882 2618 973 2686; x_wconf 84' lang='lat' dir='ltr'><strong>usum</strong></span> <span class='ocrx_word' id='word_1_187' title='bbox 995 2620 1114 2685; x_wconf 88' lang='lat' dir='ltr'><strong>habeat</strong></span> <span class='ocrx_word' id='word_1_188' title='bbox 1136 2625 1168 2685; x_wconf 89' lang='lat' dir='ltr'><strong>et</strong></span> <span class='ocrx_word' id='word_1_189' title='bbox 1189 2624 1239 2686; x_wconf 85' lang='lat' dir='ltr'><strong>vel</strong></span> <span class='ocrx_word' id='word_1_190' title='bbox 1284 2696 1287 2700; x_wconf 91' lang='lat'>.</span> 
     </span>
     <span class='ocr_line' id='line_1_22' title="bbox 95 2732 1239 2814; baseline 0.003 -19"><span class='ocrx_word' id='word_1_191' title='bbox 95 2732 211 2795; x_wconf 87' lang='lat' dir='ltr'><strong>leviter</strong></span> <span class='ocrx_word' id='word_1_192' title='bbox 238 2732 420 2795; x_wconf 86' lang='lat' dir='ltr'><strong>recordetur</strong></span> <span class='ocrx_word' id='word_1_193' title='bbox 447 2732 611 2796; x_wconf 90' lang='lat' dir='ltr'><strong>nominum</strong></span> <span class='ocrx_word' id='word_1_194' title='bbox 641 2733 682 2796; x_wconf 92' lang='lat' dir='ltr'><strong>ab</strong></span> <span class='ocrx_word' id='word_1_195' title='bbox 708 2734 780 2814; x_wconf 89' lang='grc' dir='ltr'><strong>Ἡρ-</strong></span> <span class='ocrx_word' id='word_1_196' title='bbox 809 2734 877 2797; x_wconf 76' lang='lat' dir='ltr'><strong>ll(-</strong></span> <span class='ocrx_word' id='word_1_197' title='bbox 906 2733 979 2797; x_wconf 87' lang='grc' dir='ltr'>Φιλ-</span> <span class='ocrx_word' id='word_1_198' title='bbox 1002 2735 1102 2810; x_wconf 85' lang='grc' dir='ltr'>Διογ-</span> <span class='ocrx_word' id='word_1_199' title='bbox 1124 2735 1239 2813; x_wconf 76' lang='grc' dir='ltr'>Ἀριετ-</span> 
     </span>
     <span class='ocr_line' id='line_1_23' title="bbox 96 2842 1133 2931; baseline -0.001 -25"><span class='ocrx_word' id='word_1_200' title='bbox 96 2843 164 2927; x_wconf 75' lang='grc' dir='ltr'>[Ἰε-</span> <span class='ocrx_word' id='word_1_201' title='bbox 187 2844 275 2923; x_wconf 87' lang='grc' dir='ltr'>Δημ-</span> <span class='ocrx_word' id='word_1_202' title='bbox 298 2845 430 2907; x_wconf 85' lang='grc' dir='ltr'>Ἀπολλ-</span> <span class='ocrx_word' id='word_1_203' title='bbox 454 2845 550 2908; x_wconf 79' lang='grc' dir='ltr'>Φαιδ-</span> <span class='ocrx_word' id='word_1_204' title='bbox 573 2842 709 2931; x_wconf 61' lang='grc' dir='ltr'>Ἄντων]</span> <span class='ocrx_word' id='word_1_205' title='bbox 733 2843 864 2927; x_wconf 86' lang='lat' dir='ltr'><strong>syllabis</strong></span> <span class='ocrx_word' id='word_1_206' title='bbox 886 2842 1133 2926; x_wconf 81' lang='lat' dir='ltr'><strong>incipientium?</strong></span> 
     </span>
    </p>
   </div>
   <div class='ocr_carea' id='block_1_5' title="bbox 620 3040 714 3121">
    <p class='ocr_par' dir='ltr' id='par_1_5' title="bbox 620 3040 714 3121">
     <span class='ocr_line' id='line_1_24' title="bbox 620 3040 714 3121; baseline 0.011 -17"><span class='ocrx_word' id='word_1_207' title='bbox 620 3041 640 3121; x_wconf 71' lang='lat' dir='ltr'><strong>a</strong></span> <span class='ocrx_word' id='word_1_208' title='bbox 665 3040 714 3105; x_wconf 81' lang='lat'><strong>12.</strong></span> 
     </span>
    </p>
   </div>
   <div class='ocr_carea' id='block_1_6' title="bbox 8 3171 1238 4485">
    <p class='ocr_par' dir='ltr' id='par_1_6' title="bbox 82 3171 1238 4261">
     <span class='ocr_line' id='line_1_25' title="bbox 181 3171 1237 3260; baseline -0.001 -21"><span class='ocrx_word' id='word_1_209' title='bbox 181 3171 244 3240; x_wconf 84' lang='lat' dir='ltr'><strong>Via</strong></span> <span class='ocrx_word' id='word_1_210' title='bbox 265 3176 428 3260; x_wconf 88' lang='lat' dir='ltr'><strong>patefacta</strong></span> <span class='ocrx_word' id='word_1_211' title='bbox 456 3179 519 3259; x_wconf 90' lang='lat' dir='ltr'><strong>est,</strong></span> <span class='ocrx_word' id='word_1_212' title='bbox 549 3198 611 3260; x_wconf 91' lang='lat' dir='ltr'><strong>qua</strong></span> <span class='ocrx_word' id='word_1_213' title='bbox 640 3197 706 3239; x_wconf 92' lang='lat' dir='ltr'><strong>non</strong></span> <span class='ocrx_word' id='word_1_214' title='bbox 735 3175 867 3260; x_wconf 83' lang='lat' dir='ltr'><strong>exiguus</strong></span> <span class='ocrx_word' id='word_1_215' title='bbox 889 3175 1034 3239; x_wconf 85' lang='lat' dir='ltr'><strong>videatur</strong></span> <span class='ocrx_word' id='word_1_216' title='bbox 1061 3174 1237 3259; x_wconf 89' lang='lat' dir='ltr'><strong>insignium</strong></span> 
     </span>
     <span class='ocr_line' id='line_1_26' title="bbox 94 3285 1237 3371; baseline -0.003 -21"><span class='ocrx_word' id='word_1_217' title='bbox 94 3308 135 3350; x_wconf 84' lang='lat' dir='ltr'><strong>ex</strong></span> <span class='ocrx_word' id='word_1_218' title='bbox 158 3286 216 3350; x_wconf 89' lang='lat' dir='ltr'><strong>Ori</strong></span> <span class='ocrx_word' id='word_1_219' title='bbox 237 3286 364 3369; x_wconf 87' lang='lat' dir='ltr'><strong>scriptis</strong></span> <span class='ocrx_word' id='word_1_220' title='bbox 386 3286 604 3371; x_wconf 80' lang='lat' dir='ltr'><strong>grammaticis</strong></span> <span class='ocrx_word' id='word_1_221' title='bbox 626 3285 881 3369; x_wconf 86' lang='lat' dir='ltr'><strong>fragmentorum</strong></span> <span class='ocrx_word' id='word_1_222' title='bbox 903 3307 1052 3349; x_wconf 87' lang='lat' dir='ltr'><strong>numerus</strong></span> <span class='ocrx_word' id='word_1_223' title='bbox 1078 3285 1167 3368; x_wconf 90' lang='lat' dir='ltr'><strong>quasi</strong></span> <span class='ocrx_word' id='word_1_224' title='bbox 1190 3305 1237 3348; x_wconf 93' lang='lat' dir='ltr'><strong>re-</strong></span> 
     </span>
     <span class='ocr_line' id='line_1_27' title="bbox 95 3394 1237 3481; baseline -0.004 -21"><span class='ocrx_word' id='word_1_225' title='bbox 95 3397 242 3480; x_wconf 88' lang='lat' dir='ltr'><strong>cuperari</strong></span> <span class='ocrx_word' id='word_1_226' title='bbox 265 3418 367 3481; x_wconf 89' lang='lat' dir='ltr'><strong>posse.</strong></span> <span class='ocrx_word' id='word_1_227' title='bbox 414 3396 472 3463; x_wconf 83' lang='lat' dir='ltr'><strong>Cui</strong></span> <span class='ocrx_word' id='word_1_228' title='bbox 499 3400 610 3460; x_wconf 87' lang='lat' dir='ltr'><strong>tumen</strong></span> <span class='ocrx_word' id='word_1_229' title='bbox 638 3396 822 3480; x_wconf 90' lang='lat' dir='ltr'><strong>priusquam</strong></span> <span class='ocrx_word' id='word_1_230' title='bbox 844 3399 914 3458; x_wconf 93' lang='lat' dir='ltr'><strong>tuto</strong></span> <span class='ocrx_word' id='word_1_231' title='bbox 937 3395 1137 3476; x_wconf 87' lang='lat' dir='ltr'><strong>insistemus,</strong></span> <span class='ocrx_word' id='word_1_232' title='bbox 1167 3394 1237 3457; x_wconf 92' lang='lat' dir='ltr'><strong>dili-</strong></span> 
     </span>
     <span class='ocr_line' id='line_1_28' title="bbox 93 3504 1237 3592; baseline -0.003 -22"><span class='ocrx_word' id='word_1_233' title='bbox 93 3508 284 3592; x_wconf 89' lang='lat' dir='ltr'><strong>gentissime</strong></span> <span class='ocrx_word' id='word_1_234' title='bbox 305 3507 502 3592; x_wconf 85' lang='lat' dir='ltr'><strong>pertexenda</strong></span> <span class='ocrx_word' id='word_1_235' title='bbox 522 3508 585 3571; x_wconf 90' lang='lat' dir='ltr'><strong>alia</strong></span> <span class='ocrx_word' id='word_1_236' title='bbox 603 3511 651 3572; x_wconf 87' lang='lat' dir='ltr'><strong>est</strong></span> <span class='ocrx_word' id='word_1_237' title='bbox 666 3506 809 3591; x_wconf 83' lang='lat' dir='ltr'><strong>quaestio</strong></span> <span class='ocrx_word' id='word_1_238' title='bbox 825 3506 990 3590; x_wconf 88' lang='lat' dir='ltr'><strong>quaedam.</strong></span> <span class='ocrx_word' id='word_1_239' title='bbox 1025 3505 1106 3580; x_wconf 78' lang='lat' dir='ltr'><strong>Quid</strong></span> <span class='ocrx_word' id='word_1_240' title='bbox 1129 3504 1237 3568; x_wconf 82' lang='lat' dir='ltr'><strong>enim?</strong></span> 
     </span>
     <span class='ocr_line' id='line_1_29' title="bbox 93 3614 1237 3702; baseline -0.003 -21"><span class='ocrx_word' id='word_1_241' title='bbox 93 3618 140 3700; x_wconf 87' lang='lat' dir='ltr'><strong>si,</strong></span> <span class='ocrx_word' id='word_1_242' title='bbox 170 3619 252 3701; x_wconf 92' lang='lat' dir='ltr'><strong>quod</strong></span> <span class='ocrx_word' id='word_1_243' title='bbox 280 3619 319 3682; x_wconf 86' lang='lat' dir='ltr'><strong>ad</strong></span> <span class='ocrx_word' id='word_1_244' title='bbox 348 3641 406 3683; x_wconf 94' lang='lat' dir='ltr'><strong>nos</strong></span> <span class='ocrx_word' id='word_1_245' title='bbox 433 3619 594 3702; x_wconf 87' lang='lat' dir='ltr'><strong>pervenit,</strong></span> <span class='ocrx_word' id='word_1_246' title='bbox 627 3638 667 3681; x_wconf 91' lang='lat' dir='ltr'><strong>ne</strong></span> <span class='ocrx_word' id='word_1_247' title='bbox 697 3617 739 3680; x_wconf 90' lang='lat' dir='ltr'><strong>sit</strong></span> <span class='ocrx_word' id='word_1_248' title='bbox 771 3616 898 3701; x_wconf 87' lang='lat' dir='ltr'><strong>quidem</strong></span> <span class='ocrx_word' id='word_1_249' title='bbox 925 3617 1087 3700; x_wconf 87' lang='lat' dir='ltr'><strong>integrum</strong></span> <span class='ocrx_word' id='word_1_250' title='bbox 1110 3614 1237 3679; x_wconf 87' lang='lat' dir='ltr'><strong>Orionis</strong></span> 
     </span>
     <span class='ocr_line' id='line_1_30' title="bbox 91 3725 1237 3814; baseline -0.002 -23"><span class='ocrx_word' id='word_1_251' title='bbox 91 3729 249 3813; x_wconf 79' lang='lat' dir='ltr'><strong>lexieum,</strong></span> <span class='ocrx_word' id='word_1_252' title='bbox 273 3729 328 3793; x_wconf 90' lang='lat' dir='ltr'><strong>sed</strong></span> <span class='ocrx_word' id='word_1_253' title='bbox 350 3729 390 3793; x_wconf 88' lang='lat' dir='ltr'><strong>ad</strong></span> <span class='ocrx_word' id='word_1_254' title='bbox 412 3729 635 3814; x_wconf 87' lang='lat' dir='ltr'><strong>pervulgatum</strong></span> <span class='ocrx_word' id='word_1_255' title='bbox 657 3727 867 3811; x_wconf 90' lang='lat' dir='ltr'><strong>epitomarum</strong></span> <span class='ocrx_word' id='word_1_256' title='bbox 890 3727 955 3790; x_wconf 81' lang='lat' dir='ltr'><strong>sive</strong></span> <span class='ocrx_word' id='word_1_257' title='bbox 962 3776 971 3809; x_wconf 94' lang='lat'><strong>,</strong></span> <span class='ocrx_word' id='word_1_258' title='bbox 1001 3728 1036 3789; x_wconf 91' lang='lat' dir='ltr'><strong>ut</strong></span> <span class='ocrx_word' id='word_1_259' title='bbox 1063 3725 1163 3789; x_wconf 92' lang='lat' dir='ltr'><strong>latine</strong></span> <span class='ocrx_word' id='word_1_260' title='bbox 1192 3726 1237 3789; x_wconf 93' lang='lat' dir='ltr'><strong>lo-</strong></span> 
     </span>
     <span class='ocr_line' id='line_1_31' title="bbox 91 3835 1237 3925; baseline -0.003 -23"><span class='ocrx_word' id='word_1_261' title='bbox 91 3861 241 3925; x_wconf 88' lang='lat' dir='ltr'><strong>quamur,</strong></span> <span class='ocrx_word' id='word_1_262' title='bbox 270 3840 513 3904; x_wconf 86' lang='lat' dir='ltr'><strong>summariorum</strong></span> <span class='ocrx_word' id='word_1_263' title='bbox 540 3860 642 3923; x_wconf 88' lang='lat' dir='ltr'><strong>genus</strong></span> <span class='ocrx_word' id='word_1_264' title='bbox 664 3837 849 3921; x_wconf 80' lang='lat' dir='ltr'><strong>pertineat?</strong></span> <span class='ocrx_word' id='word_1_265' title='bbox 892 3837 943 3901; x_wconf 90' lang='lat' dir='ltr'><strong>Ita</strong></span> <span class='ocrx_word' id='word_1_266' title='bbox 970 3837 1055 3901; x_wconf 89' lang='lat' dir='ltr'><strong>enim</strong></span> <span class='ocrx_word' id='word_1_267' title='bbox 1078 3835 1112 3898; x_wconf 93' lang='lat' dir='ltr'><strong>in</strong></span> <span class='ocrx_word' id='word_1_268' title='bbox 1134 3839 1237 3899; x_wconf 88' lang='lat' dir='ltr'><strong>trans-</strong></span> 
     </span>
     <span class='ocr_line' id='line_1_32' title="bbox 88 3946 1238 4036; baseline -0.006 -20"><span class='ocrx_word' id='word_1_269' title='bbox 88 3971 222 4016; x_wconf 80' lang='lat' dir='ltr'><strong>versum</strong></span> <span class='ocrx_word' id='word_1_270' title='bbox 244 3971 411 4036; x_wconf 83' lang='lat' dir='ltr'><strong>ageremur</strong></span> <span class='ocrx_word' id='word_1_271' title='bbox 433 3950 622 4015; x_wconf 87' lang='lat' dir='ltr'><strong>necessario.</strong></span> <span class='ocrx_word' id='word_1_272' title='bbox 656 3949 763 4032; x_wconf 84' lang='lat' dir='ltr'><strong>Atque</strong></span> <span class='ocrx_word' id='word_1_273' title='bbox 785 3948 882 4012; x_wconf 90' lang='lat' dir='ltr'><strong>babet</strong></span> <span class='ocrx_word' id='word_1_274' title='bbox 903 3948 981 4011; x_wconf 93' lang='lat' dir='ltr'><strong>illud</strong></span> <span class='ocrx_word' id='word_1_275' title='bbox 1003 3946 1158 4031; x_wconf 88' lang='lat' dir='ltr'><strong>profecto,</strong></span> <span class='ocrx_word' id='word_1_276' title='bbox 1182 3967 1238 4009; x_wconf 87' lang='lat' dir='ltr'><strong>cur</strong></span> 
     </span>
     <span class='ocr_line' id='line_1_33' title="bbox 86 4057 1237 4146; baseline -0.009 -18"><span class='ocrx_word' id='word_1_277' title='bbox 86 4062 205 4128; x_wconf 90' lang='lat' dir='ltr'><strong>multis</strong></span> <span class='ocrx_word' id='word_1_278' title='bbox 241 4062 433 4146; x_wconf 81' lang='lat' dir='ltr'><strong>placiturum</strong></span> <span class='ocrx_word' id='word_1_279' title='bbox 469 4063 511 4126; x_wconf 87' lang='lat' dir='ltr'><strong>sit</strong></span> <span class='ocrx_word' id='word_1_280' title='bbox 547 4083 614 4125; x_wconf 92' lang='lat' dir='ltr'><strong>non</strong></span> <span class='ocrx_word' id='word_1_281' title='bbox 645 4059 858 4124; x_wconf 84' lang='lat' dir='ltr'><strong>mediocriter.</strong></span> <span class='ocrx_word' id='word_1_282' title='bbox 914 4057 1033 4134; x_wconf 81' lang='lat' dir='ltr'><strong>Quibus</strong></span> <span class='ocrx_word' id='word_1_283' title='bbox 1066 4057 1237 4122; x_wconf 84' lang='lat' dir='ltr'><strong>viderimus</strong></span> 
     </span>
     <span class='ocr_line' id='line_1_34' title="bbox 82 4170 996 4261; baseline -0.005 -24"><span class='ocrx_word' id='word_1_284' title='bbox 82 4172 171 4261; x_wconf 89' lang='lat' dir='ltr'><strong>quid</strong></span> <span class='ocrx_word' id='word_1_285' title='bbox 195 4173 306 4236; x_wconf 84' lang='lat' dir='ltr'><strong>critica</strong></span> <span class='ocrx_word' id='word_1_286' title='bbox 329 4195 380 4237; x_wconf 88' lang='lat' dir='ltr'><strong>ars</strong></span> <span class='ocrx_word' id='word_1_287' title='bbox 402 4172 595 4257; x_wconf 89' lang='lat' dir='ltr'><strong>respondeat</strong></span> <span class='ocrx_word' id='word_1_288' title='bbox 617 4193 682 4235; x_wconf 89' lang='lat' dir='ltr'><strong>uon</strong></span> <span class='ocrx_word' id='word_1_289' title='bbox 704 4170 816 4235; x_wconf 85' lang='lat' dir='ltr'><strong>leviter</strong></span> <span class='ocrx_word' id='word_1_290' title='bbox 837 4170 996 4234; x_wconf 86' lang='lat' dir='ltr'><strong>factitata.</strong></span> 
     </span>
    </p>

    <p class='ocr_par' dir='ltr' id='par_1_7' title="bbox 8 4263 1237 4485">
     <span class='ocr_line' id='line_1_35' title="bbox 158 4263 1237 4366; baseline -0.006 -19"><span class='ocrx_word' id='word_1_291' title='bbox 158 4283 287 4366; x_wconf 84' lang='lat' dir='ltr'><strong>Duplex</strong></span> <span class='ocrx_word' id='word_1_292' title='bbox 310 4283 431 4347; x_wconf 88' lang='lat' dir='ltr'><strong>editum</strong></span> <span class='ocrx_word' id='word_1_293' title='bbox 453 4287 501 4346; x_wconf 91' lang='lat' dir='ltr'><strong>est</strong></span> <span class='ocrx_word' id='word_1_294' title='bbox 523 4305 563 4348; x_wconf 84' lang='lat' dir='ltr'><strong>ex</strong></span> <span class='ocrx_word' id='word_1_295' title='bbox 587 4263 697 4346; x_wconf 76' lang='lat' dir='ltr'><strong>Orione</strong></span> <span class='ocrx_word' id='word_1_296' title='bbox 718 4293 931 4362; x_wconf 80' lang='lat' dir='ltr'><strong>excerptorum</strong></span> <span class='ocrx_word' id='word_1_297' title='bbox 953 4300 1071 4365; x_wconf 85' lang='lat' dir='ltr'><strong>genus,</strong></span> <span class='ocrx_word' id='word_1_298' title='bbox 1102 4280 1237 4342; x_wconf 88' lang='lat' dir='ltr'><strong>alterum</strong></span> 
     </span>
     <span class='ocr_line' id='line_1_36' title="bbox 8 4391 1234 4485; baseline -0.005 -28"><span class='ocrx_word' id='word_1_299' title='bbox 8 4408 14 4416; x_wconf 84' lang='lat'><strong><em>‘</em></strong></span> <span class='ocrx_word' id='word_1_300' title='bbox 77 4424 101 4485; x_wconf 63' lang='grc' dir='ltr'>ρ</span> <span class='ocrx_word' id='word_1_301' title='bbox 129 4393 365 4476; x_wconf 87' lang='lat' dir='ltr'><strong>Darmstadino</strong></span> <span class='ocrx_word' id='word_1_302' title='bbox 395 4394 477 4456; x_wconf 90' lang='lat' dir='ltr'><strong>libro</strong></span> <span class='ocrx_word' id='word_1_303' title='bbox 505 4394 582 4458; x_wconf 87' lang='lat' dir='ltr'><strong>satis</strong></span> <span class='ocrx_word' id='word_1_304' title='bbox 609 4393 664 4456; x_wconf 92' lang='lat' dir='ltr'><strong>illo</strong></span> <span class='ocrx_word' id='word_1_305' title='bbox 687 4391 791 4456; x_wconf 87' lang='lat' dir='ltr'><strong>Bastii</strong></span> <span class='ocrx_word' id='word_1_306' title='bbox 812 4391 1003 4457; x_wconf 87' lang='lat' dir='ltr'><strong>testimoniis</strong></span> <span class='ocrx_word' id='word_1_307' title='bbox 1031 4394 1124 4473; x_wconf 93' lang='lat' dir='ltr'><strong>noto,</strong></span> <span class='ocrx_word' id='word_1_308' title='bbox 1153 4412 1182 4452; x_wconf 84' lang='lat' dir='ltr'><strong>v.</strong></span> <span class='ocrx_word' id='word_1_309' title='bbox 1207 4409 1234 4451; x_wconf 91' lang='lat' dir='ltr'><strong>c.</strong></span> 
     </span>
    </p>
   </div>
   <div class='ocr_carea' id='block_1_7' title="bbox 0 0 1452 4996">
    <p class='ocr_par' dir='ltr' id='par_1_8' title="bbox 0 0 1452 4996">
     <span class='ocr_line' id='line_1_37' title="bbox 0 0 1452 4996; baseline 0 1"><span class='ocrx_word' id='word_1_310' title='bbox 0 0 1452 4996; x_wconf 95' lang='lat' dir='ltr'><strong> </strong></span> 
     </span>
    </p>
   </div>
  </div>
 </body>
</html>
