2904 4996
234 346 297 410 686
569 360 811 411 mmmmm
834 359 1049 408 λινοοτιολιττ

231 516 329 592 γείοιε
352 520 519 598 γυμνῆτες,
543 516 630 595 παρὰ
653 516 825 579 Θετταλοί(
847 517 987 596 πενέται,
1010 516 1099 594 παρὰ
1122 517 1216 595 Κρητί
1239 519 1375 591 πελάται,

232 628 304 705 περὶ
334 626 529 705 (ικορονίοιτ
557 610 787 705 κορυνιφάροι,Ι
816 627 888 704 περὶ
916 627 952 690 δὲ
982 625 1205 705 (ορακουτίοιτ
1230 628 1371 692 καλλικά-

230 735 320 820 post)
353 774 396 783 —-
428 735 525 816 Είρα
556 774 599 784 -
632 736 844 815 Εἰρετιιίινη
876 736 1071 815 (Λυκοῦργον
1099 740 1255 818 δελφυτιν
1284 734 1325 823 [h.
1348 758 1372 799 α.

232 847 418 926 Λυκοῦργος
439 847 475 910 δέ
497 846 616 932 φηειν])
640 884 682 896 —
704 845 756 910 95.
779 847 1032 926 Ἐκτομβαῖοε
1054 885 1096 896 —-
1123 848 1316 926 Ἑκαμήδη
1336 885 1375 896 —-

231 958 363 1036 Ἔκτην
394 954 438 1042 [h.
463 977 490 1018 e.
514 957 658 1040 Ἑκάτην]
689 994 732 1005 -
766 957 819 1020 Ἐε
843 957 1110 1037 τκουβίτωρεε
1142 995 1186 1006 -
1219 959 1374 1032 Ἐλεγοτ

234 1067 274 1148 (οἱ
296 1068 352 1145 μὲν
376 1067 434 1130 τὸν
459 1067 664 1145 Ἀρχίλοχον,
694 1067 724 1130 οἱ
746 1068 782 1131 δὲ
806 1067 1002 1146 Μίμνερμον,
1027 1067 1057 1130 οί
1078 1068 1114 1131 δὲ
1139 1067 1298 1132 Καλλῖνον
1320 1088 1374 1130 πα-

169 1246 171 1250 ,
232 1177 411 1256 λαιότερον)
434 1213 477 1224 —-
502 1175 571 1239 100.
596 1178 796 1253 Ἐλεγεῑον
820 1178 1012 1256 (Δημολέων
1032 1177 1068 1241 ἐν
1091 1183 1136 1241 τῶ
1161 1180 1235 1256 περὶ
1256 1180 1374 1256 μέτρων

235 1335 347 1349 .....
373 1286 516 1364 Δίδυμοτ
538 1286 583 1365 δὲ)
613 1324 656 1335 -
677 1287 868 1366 Ἐλεδώνη
894 1288 1060 1368 (Ἡτίοδοῦ
1084 1279 1102 1348 ὅ
1124 1280 1319 1361 τ’άνὸστεος
1339 1281 1376 1349 ὃν

233 1389 320 1459 πόδα
336 1392 365 1458 τ’
383 1396 460 1476 ἔδει)
472 1411 519 1467 ,-’-
542 1396 702 1461 Ελικτόε
724 1435 767 1445 -
789 1398 895 1462 Ἐλάε
918 1394 960 1482 [h.
979 1419 1005 1460 ε.
1028 1398 1149 1481 Ἑλλάς]
1173 1435 1218 1446 -
1239 1400 1375 1478 Ἐμβρι-

151 1525 154 1532 ·
232 1508 411 1585 μώμενοτ
442 1510 550 1589 (κεῖται
573 1507 649 1584 δἐἡ
678 1509 760 1573 λέξιτ
782 1508 818 1573 ἐν
841 1512 887 1572 τῶ
910 1507 1069 1588 Εὐριπίδη)
1103 1544 1147 1555 -
1180 1509 1252 1572 105.
1284 1509 1375 1573 Ἐνέ-

233 1638 315 1696 ρειν
340 1614 384 1702 [h.
408 1638 434 1679 e.
460 1617 608 1701 ἐναίρειν]
635 1619 836 1700 (Δημήτριοι)
865 1655 907 1665 -
934 1619 1010 1683 Ἔνι
1037 1654 1080 1664 -
1111 1619 1317 1683 Ἐνιαυτόν
1337 1655 1376 1666 -

232 1728 348 1792 Ἐνύω
374 1728 566 1808 (Φιλόξενοτ)
590 1765 632 1774 -
654 1729 845 1794 Επέτεῑον
868 1764 910 1776 --
934 1728 1003 1791 110.
1028 1729 1261 1823 Ἐπέικιιμεν
1285 1729 1327 1812 [h.
1350 1750 1374 1791 e.

233 1839 422 1921 ἐπέτκηψεν]
463 1839 681 1918 (Δημοεθένητ
714 1840 750 1905 ἐν
783 1845 820 1922 τῇ
849 1841 931 1918 πρὸ(
957 1839 1177 1904 Πανταίνεον·
1212 1834 1289 1900 ἀλλ’
1326 1836 1377 1901 ἐπί

233 1946 354 2030 ταύτης
383 1950 440 2028 τῆς
468 1941 623 2029 σκήψεως
652 1945 817 2011 εἰσελθών
845 1945 1049 2032 ἀμφοτέραις
1075 1943 1188 2010 αὐτῶν
1213 1945 1376 2027 ἐπειδίξο)

232 2096 275 2106 -
297 2059 546 2137 Ἐπικουρεῑν
572 2059 626 2135 (ὡς
641 2061 722 2140 παρ’
736 2059 879 2138 Ὁμήριιι·
903 2056 1007 2141 γήραϊ
1018 2055 1059 2139 δὴ
1082 2058 1224 2138 πολέμια
1248 2079 1376 2122 πεπαυ-

233 2168 338 2251 μένοι.
374 2168 478 2232 οὕτωε
506 2169 727 2234 Ἀπολλώνιος
754 2170 790 2235 ἑν
817 2176 864 2233 τῶ
894 2171 966 2249 περὶ
1000 2170 1193 2248 προθέεειυτ)
1226 2206 1269 2217 *
1304 2171 1380 2233 Ἐπὶ

232 2280 360 2344 καίειν
396 2276 439 2364 [h.
470 2300 496 2342 e.
526 2279 699 2365 Ιἐπικιινεῑν]
733 2281 926 2360 (Χρύτιπποτ
955 2329 1081 2342 .....
1110 2278 1271 2357 Ὅμηροτ·
1301 2276 1322 2342 ὅ
1348 2301 1381 2341 τε

233 2392 418 2472 μνησαίατο
441 2391 566 2469 κοίτου)
594 2427 636 2438 -
671 2391 913 2455 Ἐπιτκυνεῑν
938 2390 1140 2468 (Χρύτιπποτ)
1167 2427 1211 2437 -
1241 2390 1381 2469 Ἐρίπιιι

236 2501 390 2578 (Δίδυμοτ
416 2549 422 2562 .
449 2550 455 2560 .
483 2550 488 2561 .
516 2550 522 2561 .
547 2500 566 2563 ὁ
594 2502 630 2563 δὲ
652 2500 841 2577 Φιλόξενοτ,
876 2500 939 2582 ὅτι,
976 2500 1020 2563 ὡε
1050 2501 1145 2580 φηείν
1173 2500 1192 2562 ὁ
1223 2503 1381 2581 τεχνικδε,

235 2610 284 2675 ὅτι
310 2612 347 2675 τὸ
376 2611 476 2689 ἐρίπω
504 2617 518 2675 ῐ
545 2611 701 2691 ὤφειλεν,
738 2612 782 2675 ὼε
814 2612 863 2675 καί
897 2611 916 2674 ὁ
945 2610 1087 2688 Δίδυμόε
1116 2629 1212 2688 φηειν
1237 2611 1312 2691 κτὲ.)
1347 2647 1379 2658 -

236 2720 305 2785 115.
330 2720 526 2799 Ἐριννύεε
556 2720 611 2799 (ὼε
633 2722 786 2786 Ἡτίωδοτ
808 2724 970 2800 μαρτυρεῖ·
993 2717 1090 2783 ὅσσαι
1115 2716 1182 2800 γάρ
1207 2720 1384 2803 ῥαθάμιγ-

234 2853 289 2912 γες
304 2827 500 2894 ἀπέσσυθεν
516 2828 742 2912 αἱματόεσσαι.
768 2834 858 2893 πάσα
895 2830 1024 2907 δέξαιτο
1046 2840 1125 2912 γαῖα
1142 2832 1384 2913 περιπλομὲνα

234 2938 265 3004 δ’
291 2938 436 3004 ἐνιαυτοί
459 2934 585 3022 γείνατ’
612 2939 727 3024 ἐρίνῠς
754 2963 790 3005 τε
819 2943 983 3025 κρατερᾶς
1012 2940 1179 3023 μεγάλους
1200 2963 1239 3004 τε
1263 2944 1384 3023 γίγαν-

232 3056 298 3133 τας)
322 3089 364 3100 -
392 3053 566 3130 Ἔρινέον
588 3089 631 3100 —-
659 3053 827 3132 Ἐρινεόε
848 3089 891 3101 -
917 3051 1092 3131 Ἐρυτίβη
1119 3088 1163 3097 -
1192 3052 1386 3130 Ἐρωδιότ

234 3162 450 3246 (Ἡρωοιανόε)
480 3200 522 3209 -
555 3162 625 3226 120.
665 3163 784 3227 Ἐττία
819 3164 984 3243 ίὍμηροτ·
1016 3158 1107 3225 ἑστία
1135 3153 1165 3223 τ’
1196 3157 1386 3246 Ὀδυσσῆος

233 3270 413 3356 ἀμύμονος)
445 3310 488 3320 -
525 3272 721 3353 Εὐνούχοι
751 3274 938 3356 (εὐνούχουε
966 3274 1001 3337 δὲ
1030 3272 1200 3350 (οφοκλῆτ
1232 3275 1385 3340 καλτοὺε

233 3383 421 3463 ὀφθαλμοῦ(
448 3384 524 3447 τοὺ(
552 3383 647 3462 εὐνῆτ
675 3385 726 3447 καλ
753 3384 859 3448 ὕπνου
887 3384 926 3461 μὴ
955 3383 1188 3462 μετατχόνταε,
1219 3388 1385 3450 τουτέεπν

231 3499 423 3573 τηροῦντας·
447 3490 507 3574 οὐχ
530 3490 616 3555 ὅπου
632 3488 804 3574 λαμπάδες
827 3490 1038 3574 εὐνούχοισιν
1057 3489 1215 3575 ὄμμασι-ν)
1233 3532 1280 3541 —-
1295 3497 1384 3575 Ἐχί-

233 3625 304 3669 νοτ
329 3607 443 3686 (καλῶτ
465 3605 501 3668 δὲ
524 3580 721 3682 Καλλίμαχοι
743 3608 810 3670 τῶν
834 3608 921 3684 βοῶν
944 3605 1001 3668 τὰ(
1023 3603 1144 3667 κοιλία(
1167 3602 1277 3686 εἶπεν)

317 3800 445 3878 Ζῆθοτ
469 3800 646 3885 (Εὐριπίδητ
668 3805 780 3881 (αφῶτ
802 3801 991 3879 ἐτυμολογεί
1012 3799 1048 3863 ἐν
1064 3799 1237 3883 Ἀντιόπη·
1262 3804 1386 3885 ζητῆσα

232 3908 298 3990 γάρ
320 3907 448 3974 τόκοισι
471 3905 654 3991 εὐμάρειαν
675 3905 703 3996 ἡ
719 3912 863 3975 τεκοῦσα
885 3906 984 3990 γυνή)

300 4208 325 4273 *)
343 4205 414 4261 Vide
432 4210 545 4275 praeter
563 4207 632 4262 Gud.
652 4212 710 4273 165,
729 4213 761 4262 54
779 4205 966 4277 Etymologici
988 4205 1023 4260 Μ.
1048 4205 1158 4260 codices
1178 4225 1195 4263 a
1212 4208 1384 4266 Ruhnkenio

233 4301 463 4354 commemoratos
491 4304 686 4369 correctosque
712 4301 748 4356 ad
775 4301 921 4356 Timaeum
946 4319 972 4369 p.
1000 4307 1050 4355 213
1078 4318 1126 4368 sq..
1157 4318 1283 4368 quorum
1311 4305 1384 4374 apud

233 4392 421 4445 Gaisfordium
438 4411 489 4447 nec
506 4395 570 4448 vola
590 4412 641 4448 nec
659 4396 807 4463 vestigium
