2904 4996
470 364 596 413 ιιιιονιε
619 362 840 414 οπεοιιιοπιο.
883 362 886 363 ’
1164 348 1225 412 687

165 519 344 585 Ἡλύειον
372 520 392 597 ἡ
420 519 572 599 μακάρων
599 524 700 598 νῆεοε
732 556 775 567 -
805 517 876 582 125.
906 519 1086 583 Ἠλύειον
1115 521 1228 585 πεδίον

78 632 244 714 (Ὅμηρος)
259 666 303 678 —
323 630 448 695 Ἡοίαι
468 667 511 681 —-
533 629 660 710 Ἧπαρ
685 631 887 710 (Χρύειπποι)
903 667 946 678 —-
960 624 1108 707 Ἥρωες
1133 630 1228 709 (Πλά-

76 762 145 806 των
172 790 178 803 .
205 788 213 804 .
239 791 245 803 .
272 790 280 802 .
310 741 530 824 Ἀριεπόνικοε)
558 777 601 791 —
628 742 805 820 Ἥρωνει
834 736 877 825 [h.
910 759 938 803 e.
967 738 1083 823 ἥρωεε)
1116 740 1228 822 (Ἡιίο-

77 857 152 916 δοε·
174 847 195 933 ἠ
219 852 279 930 ἔρα
301 847 491 933 ἑσσάμενοι)

166 1120 237 1186 130.
262 1122 448 1187 Θάλαεεα
471 1122 704 1202 (Ἀριιτόνικοε)
722 1160 765 1171 —-
780 1121 1030 1188 Θειλόπεδον
1055 1122 1226 1202 (Ἀλεξίων)

77 1271 120 1280 -
144 1232 396 1298 Θειλόπεδον
418 1270 461 1280 -
483 1234 602 1298 Θεῖον
633 1233 808 1314 (Εὐδαίμων
832 1231 867 1297 ἐν
889 1237 926 1310 τῆ
950 1232 1161 1315 ὀρθογραφία)
1184 1269 1227 1280 -

79 1344 252 1423 Θυμέλαι
275 1343 538 1424 (Αἰιχιίλοετοὺι
561 1345 689 1424 βωμοὺε
712 1345 805 1425 λέγει)

78 1664 82 1668 Α
167 1598 236 1662 135.
266 1598 385 1663 Ἰλεύε
415 1599 666 1681 (έτυμολογείπαι
699 1599 762 1680 ὑφ’
790 1599 951 1664 Ἡειόδου·
977 1594 1075 1678 Ἰλέα,
1105 1596 1166 1661 τόν
1194 1593 1227 1676 (λ’

79 1748 243 1833 ἐφίλησεν
265 1747 349 1826 ἄναξ
364 1747 447 1825 Διὸς
469 1747 542 1825 υίὸς
552 1745 726 1814 Ἀπόλλων
749 1749 805 1814 καὶ
828 1749 863 1814 οἱ
881 1743 994 1814 τοῦτἰί
1019 1702 1125 1833 ρνομίι
1148 1747 1228 1830 ὀρο-

77 1854 197 1985 με’ναίιςι
218 1897 342 1967 οὕνεκα
365 1896 504 1986 νύμφην
527 1899 711 1987 εὑράμενος
733 1903 835 1967 ἵλεων
851 1893 935 2002 ὅχάη
956 1901 1111 1986 ἐρατεινῇ
1126 1901 1227 1986 φιλό-

79 2035 152 2094 πηπι
179 2006 280 2095 ἤματι
309 2015 355 2075 ποί
384 2010 438 2076 ὅτε
465 2023 573 2095 τοῖχος
597 2009 774 2096 εὐιλμήτοις
796 2011 922 2095 πόλησε
944 2008 1077 2096 ὑψηλὸν
1099 2018 1228 2078 Ποσει-

79 2120 175 2186 δάων
203 2121 259 2185 καὶ
285 2118 466 2186 Ἀπόλλων.
503 2128 604 2189 ταῦτα
626 2124 831 2204 παρατίθεται
855 2124 890 2188 ἐν
914 2121 960 2210 ὅ(
983 2124 1162 2203 ειμωνίδαι)
1183 2162 1226 2172 -

79 2234 294 2313 »Ιφιγένεια
317 2233 500 2314 (Εὐφορίων
524 2235 623 2313 αὐτὴν
647 2235 842 2313 ἐτυμολογεῑ.
867 2235 997 2309 ἀγνοῶν
1022 2235 1121 2314 αὐτὴν
1138 2235 1227 2310 Ἀγα-

78 2344 217 2422 μέμνων.
247 2344 292 2407 ὼε
320 2343 422 2409 οἴεται
450 2346 485 2409 δὲ
514 2345 613 2424 αὐτὴν
643 2346 771 2423 Ἐλένηε
806 2346 855 2408 καὶ
888 2346 1016 2423 Θήεεω(
1051 2345 1226 2425 ὑποβλῆτιν

78 2483 214 2557 δοθῆναι
237 2446 515 2560 Κλυταιμνήιτρααε.
539 2478 664 2544 οὕνεκα
679 2475 711 2557 δ’
727 2476 810 2562 ἡμῖν
832 2473 885 2560 ἶφι
908 2481 1093 2562 βιησαμένη
1113 2474 1226 2562 Ἑλένη

78 2582 280 2670 ὖπεγείνιιπο
302 2588 376 2653 θέει
397 2591 542 2670 έξελὲνηε
566 2592 615 2656 καὶ
634 2591 764 2671 θήεεωε)
785 2629 828 2639 —
850 2592 1010 2670 Ἰωχεώ(
1035 2587 1078 2676 [h.
1105 2611 1132 2653 e.
1155 2591 1227 2670 ἰωχ-

78 2697 150 2781 μόι)
177 2701 194 2781 (.
215 2749 221 2762 .
240 2748 247 2761 .
268 2748 274 2762 .
297 2699 424 2779 ἰωχμόε.
448 2701 481 2766 ἐξ
505 2700 544 2765 οὗ
568 2703 729 2780 θετταλικὴ
752 2703 890 2780 γενιτική
908 2701 1069 2781 ἰωχμοίων
1087 2701 1131 2765 ὼε
1147 2703 1226 2779 παρ’

77 2809 226 2873 Ἡείοδοε
248 2809 284 2874 ἐν
306 2815 399 2887 θεογ;
437 2805 586 2874 αόπέπου
615 2812 750 2894 ίιοχμοῐς
778 2810 938 2894 βουλοίων
960 2804 1225 2893 τενραπεροίων)

168 3066 394 3166 Καμβάλληε
426 3104 468 3114 -
504 3068 630 3145 Κάλλη
667 3067 715 3149 (τὰ
747 3067 903 3146 πορφυρᾶ
930 3066 1041 3145 ἱμάτια.
1076 3065 1225 3131 Εὔπολις·

77 3175 188 3257 pam
215 3154 255 3241 ιλ
283 3174 389 3260 ιιιιη
418 3174 474 3240 ιιι
504 3176 655 3260 κέραμος)
693 3215 736 3225 -
774 3177 845 3240 140.
886 3177 1063 3242 κανόνα(
1093 3177 1147 3257 (οε
1177 3178 1227 3241 ιιι

77 3331 276 3411 Ἀνακρέων·
299 3280 478 3413 καριοερηίέ
499 3324 516 3394 ὁ
538 3317 650 3412 χοίνιο)
672 3368 715 3378 -
747 3330 931 3410 Κάνωβοε
956 3329 1002 3412 (έν
1025 3329 1226 3409 ὑπομνήματι

77 3441 215 3520 ἀλέεχηε
235 3443 421 3522 “Ηρακλειδ“.
453 3442 631 3520 Νίκανδρος
647 3443 683 3506 δέ
707 3441 742 3506 ἐν
759 3442 931 3521 Θηριακοίε
954 3489 962 3503 .
988 3489 995 3503 .
1021 3488 1028 3502 .
1052 3428 1111 3522 εἶμ’
1141 3436 1223 3503 ἀπο-

77 3545 191 3657 ψύχίιν
213 3578 448 3660 κυβερνητῆρα
471 3573 635 3659 Κάνωβος
658 3575 788 3651 Θαίνιος
815 3572 852 3639 ἐν
880 3575 1077 3658 ψαμμιίθοις
1105 3572 1224 3657 ἀθροί-

78 3701 173 3748 σαπο.
203 3687 308 3769 οὕτω(
330 3686 439 3771 Ὠμοε)
467 3725 510 3736 -
548 3688 680 3767 Καπύη
711 3688 770 3769 (ὼε
789 3688 864 3767 φηιὶ
887 3687 1045 3767 Κεφάλων
1069 3686 1088 3749 ὁ
1113 3686 1226 3765 Γεργή-

76 3803 158 3861 θιοε.
182 3797 286 3863 οὕτω(
309 3797 418 3880 Ὧραι)
446 3836 489 3847 -
524 3800 682 3878 Κορβάν
713 3798 918 3881 (Κοκόφρων
951 3794 1102 3878 κάβανον
1125 3792 1227 3877 ὄχλον

74 3907 141 3992 sic)
178 3947 220 3957 -
258 3910 358 3974 Κατὰ
384 3909 530 3989 κόρρηε
563 3909 596 3991 (ὁ
624 3911 660 3974 δὲ
682 3909 908 3990 Ἐρατοεθένηε
935 3907 1060 3972 άπαιαν
1089 3909 1147 3987 τὴν
1170 3911 1226 3983 τῆε

74 4023 222 4099 κεφαλῇ(
244 4022 370 4100 πληγὴν
393 4022 665 4084 καταδουλοῦεθαι
687 4015 803 4100 ἑτέρω)
839 4056 882 4066 —-
921 4018 990 4081 145.
1033 4017 1226 4096 Καταμῆρ’

74 4129 173 4206 ἐκάη
203 4131 418 4211 (Πτολεμαῖοι
441 4130 477 4194 ἐν
502 4129 674 4194 τελευταίω
704 4129 945 4207 παραλαμβάνει
967 4132 1046 4207 μῆρε
1068 4129 1143 4192 κτὲ.;
1182 4127 1224 4191 cf.

72 4237 134 4303 Et.
159 4237 203 4300 M.
227 4239 301 4320 585,
325 4240 381 4322 27)
404 4277 446 4287 -
471 4240 722 4317 Καπεμύξατο
743 4277 786 4306 ,-
809 4239 1025 4318 Καΰιτριοι
1047 4275 1090 4287 -
1114 4239 1226 4319 Κερα-

69 4374 198 4458 βάτηε
223 4375 280 4457 (ὥς
297 4394 398 4455 φηειν
420 4377 594 4458 Πίνδαροε,
619 4376 689 4441 οἷον
714 4342 857 4459 ὑμικέριί
880 4373 1016 4457 πέτραν)
1039 4413 1082 4423 -
1112 4376 1224 4455 Κέρα-
