2948 4996
708 1250 866 1359 XlH.

357 1452 411 1545 llo
442 1451 583 1545 cantico
614 1449 816 1569 Sophocleo
847 1448 971 1569 teupi
991 1451 1213 1621 'Coloneistl

716 1658 866 1666 n-——--—·-·

168 1767 199 1815 αι
304 1755 372 1831 Quo
394 1755 476 1840 quod
492 1756 687 1839 praeclarius
709 1759 950 1820 monumentum
966 1755 1044 1820 artis
1060 1755 1206 1838 habetur,
1231 1778 1267 1819 eo
1289 1756 1361 1819 fere

219 1866 392 1950 impensius
414 1866 465 1930 vel
487 1866 605 1930 leviore
627 1866 699 1931 labe
714 1866 850 1931 liberum
865 1870 975 1930 nostro
995 1866 1064 1930 iure
1086 1871 1244 1950 optamus.
1275 1865 1361 1942 Qun-

218 1979 349 2060 propter
371 1998 501 2061 operam
522 1977 697 2060 perdidisse
720 1999 786 2041 non
800 1977 987 2060 videbimur,
1012 1977 1038 2040 si
1060 1978 1260 2041 nobilissimo
1284 1999 1361 2041 can-

219 2087 283 2151 tico
306 2087 354 2150 illi
360 2137 368 2171 ,
399 2110 460 2172 qno
482 2088 607 2171 patriae
628 2088 716 2152 urbis
739 2087 848 2152 laudes
872 2087 1044 2171 Sophocles
1066 2087 1101 2151 in
1123 2087 1247 2171 Oedipo
1269 2087 1362 2153 Colo·

218 2219 279 2261 neo
294 2221 324 2262 v.
342 2198 404 2262 668
419 2221 487 2282 sqq.
504 2198 553 2261 ed,
571 2197 711 2263 Brunck.
728 2198 937 2283 persequitur,
961 2198 1114 2282 quasdam
1130 2198 1274 2263 macules
1290 2199 1363 2262 abs·

218 2309 419 2391 terserimus‚
457 2309 609 2372 leviculas
641 2309 714 2373 illas
747 2308 874 2392 quidem
907 2330 946 2372 ex
972 2311 1080 2391 parte,
1117 2307 1275 2391 fatemur,
1306 2309 1364 2373 sed

220 2422 329 2482 tamen
358 2419 529 2502 pristinum
554 2418 693 2483 nitorem
719 2441 786 2483 non
813 2418 894 2482 nihil
918 2418 1126 2481 infuscantes.
1173 2417 1363 2483 Oontinebi-

219 2550 289 2591 mus
312 2532 418 2592 autem
440 2551 498 2593 nos
520 2531 555 2593 in
576 2551 727 2613 praesens
755 2531 789 2593 in
812 2529 914 2592 altera
935 2527 1067 2611 stropha
1090 2531 1122 2592 et
1144 2527 1363 2612 antistropha,

220 2659 353 2721 quinum
375 2638 454 2703 haee
476 2641 511 2704 in
540 2641 718 2726 antiquiore
741 2639 974 2722 Laurentiano,
1004 2642 1036 2702 et
1058 2661 1077 2701 a
1099 2638 1204 2721 prima
1234 2638 1366 2724 quidem

220 2770 327 2832 manu,
352 2750 473 2834 speeies
496 2754 559 2816 est:

445 2930 526 2995 ἔετιν
550 2933 585 2997 δὲ
607 2931 680 2998 olor
702 2932 767 3007 ἐγὼ

443 3044 502 3116 rur
524 3040 612 3106 ocior
635 3042 694 3106 οὐκ
715 3041 867 3107 ἐπακούω

445 3152 519 3215 οὐδ’
541 3153 576 3215 ἐν
599 3155 649 3216 τᾶι
671 3153 803 3231 μεγάλαι
826 3149 935 3229 δωρίδι
957 3149 1056 3213 νάεωι

445 3262 589 3325 πέλοπα(
611 3264 744 3328 πώποτε
767 3262 901 3342 βλαετὸν

446 3372 584 3452 φύτευμ’
607 3371 768 3452 ἀχήρητον
791 3370 979 3447 αὐτόποιον,

445 3482 567 3563 ἐκχέων
591 3484 720 3563 φόβημα
742 3483 855 3557 δαῑων,

446 3594 573 3658 ὃτᾶιδε
596 3594 704 3657 θάλλει
726 3593 863 3670 μεγίεται
885 3591 997 3670 χώραι,

445 3706 585 3778 γλαυκᾶ(
607 3703 830 3782 παιδοτρόφου
854 3700 980 3780 φύλλον
1003 3696 1126 3764 ἐλαίας·

445 3814 483 3877 τὸ
505 3814 563 3892 μέν
586 3833 631 3876 τι(
654 3812 728 3888 οὔτε
750 3813 866 3891 νεαρὸς
889 3811 965 3875 οὔτε
986 3809 1079 3887 γήραι

447 3924 606 4002 (ημαίνων
629 3922 754 3987 ἁλιώεει
776 3923 854 4002 χειρὶ
875 3922 1008 3999 πέρεαε·

446 4034 549 4112 ὁγὰρ
572 4032 685 4099 εἰεαιὲν
709 4033 797 4111 ὁρῶν
821 4032 936 4095 κύκλα(

292 4254 317 4319 *l
357 4253 541 4321 [Prooemium
576 4252 677 4305 Indicis
716 4252 873 4307 scholarum
912 4248 1081 4304 aestivarum
1115 4249 1312 4305 Bonnensinnr
1350 4271 1374 4307 a

225 4343 475 4414 olomuecuxup
