<?xml version="1.0" encoding="UTF-8"?>
<!DOCTYPE html PUBLIC "-//W3C//DTD XHTML 1.0 Transitional//EN"
    "http://www.w3.org/TR/xhtml1/DTD/xhtml1-transitional.dtd">
<html xmlns="http://www.w3.org/1999/xhtml" xml:lang="en" lang="en">
 <head>
  <title>
</title>
<meta http-equiv="Content-Type" content="text/html;charset=utf-8" />
  <meta name='ocr-system' content='tesseract 3.04.00' />
  <meta name='ocr-capabilities' content='ocr_page ocr_carea ocr_par ocr_line ocrx_word'/>
</head>
<body>
  <div class='ocr_page' id='page_1' title='image "./fridericiritsch04wachgoog_0651.png"; bbox 0 0 2896 4996; ppageno 0'>
   <div class='ocr_carea' id='block_1_1' title="bbox 228 365 984 436">
    <p class='ocr_par' dir='ltr' id='par_1_1' title="bbox 228 365 984 436">
     <span class='ocr_line' id='line_1_1' title="bbox 228 365 984 436; baseline -0.001 -1"><span class='ocrx_word' id='word_1_1' title='bbox 228 365 290 435; x_wconf 82' lang='lat'>638</span> <span class='ocrx_word' id='word_1_2' title='bbox 610 380 657 434; x_wconf 80' lang='lat' dir='ltr'>na</span> <span class='ocrx_word' id='word_1_3' title='bbox 681 384 751 435; x_wconf 82' lang='lat' dir='ltr'>ono</span> <span class='ocrx_word' id='word_1_4' title='bbox 774 379 819 434; x_wconf 79' lang='lat' dir='ltr'>nr</span> <span class='ocrx_word' id='word_1_5' title='bbox 842 380 984 436; x_wconf 78' lang='lat' dir='ltr'>omens.</span> 
     </span>
    </p>
   </div>
   <div class='ocr_carea' id='block_1_2' title="bbox 226 537 1376 956">
    <p class='ocr_par' dir='ltr' id='par_1_2' title="bbox 226 522 1376 956">
     <span class='ocr_line' id='line_1_2' title="bbox 226 537 1376 626; baseline 0.001 -22"><span class='ocrx_word' id='word_1_6' title='bbox 226 541 262 604; x_wconf 93' lang='lat' dir='ltr'>in</span> <span class='ocrx_word' id='word_1_7' title='bbox 291 539 490 623; x_wconf 83' lang='lat' dir='ltr'>Stephanum</span> <span class='ocrx_word' id='word_1_8' title='bbox 517 540 695 604; x_wconf 87' lang='lat' dir='ltr'>redundare</span> <span class='ocrx_word' id='word_1_9' title='bbox 723 562 762 603; x_wconf 85' lang='lat' dir='ltr'>ex</span> <span class='ocrx_word' id='word_1_10' title='bbox 791 540 856 605; x_wconf 89' lang='lat' dir='ltr'>Oro</span> <span class='ocrx_word' id='word_1_11' title='bbox 883 540 1004 624; x_wconf 87' lang='lat' dir='ltr'>potuit,</span> <span class='ocrx_word' id='word_1_12' title='bbox 1034 538 1214 605; x_wconf 83' lang='lat' dir='ltr'>Herodiani</span> <span class='ocrx_word' id='word_1_13' title='bbox 1236 537 1308 626; x_wconf 87' lang='lat' dir='ltr'>illo,</span> <span class='ocrx_word' id='word_1_14' title='bbox 1339 545 1376 605; x_wconf 90' lang='lat' dir='ltr'>ut</span> 
     </span>
     <span class='ocr_line' id='line_1_3' title="bbox 227 649 1376 734; baseline 0.002 -20"><span class='ocrx_word' id='word_1_15' title='bbox 227 651 354 715; x_wconf 86' lang='lat' dir='ltr'>abunde</span> <span class='ocrx_word' id='word_1_16' title='bbox 386 649 538 734; x_wconf 82' lang='lat' dir='ltr'>vidimus,</span> <span class='ocrx_word' id='word_1_17' title='bbox 577 651 732 715; x_wconf 79' lang='lat' dir='ltr'>acerrimo</span> <span class='ocrx_word' id='word_1_18' title='bbox 765 650 957 714; x_wconf 88' lang='lat' dir='ltr'>adversario.</span> <span class='ocrx_word' id='word_1_19' title='bbox 1012 649 1092 714; x_wconf 78' lang='lat' dir='ltr'>Eius</span> <span class='ocrx_word' id='word_1_20' title='bbox 1127 652 1175 716; x_wconf 87' lang='lat' dir='ltr'>rei</span> <span class='ocrx_word' id='word_1_21' title='bbox 1212 652 1376 716; x_wconf 82' lang='lat' dir='ltr'>luculente</span> 
     </span>
     <span class='ocr_line' id='line_1_4' title="bbox 227 759 1376 846; baseline 0.001 -22"><span class='ocrx_word' id='word_1_22' title='bbox 227 761 418 825; x_wconf 71' lang='lat' dir='ltr'>documento</span> <span class='ocrx_word' id='word_1_23' title='bbox 446 761 533 825; x_wconf 91' lang='lat' dir='ltr'>velut</span> <span class='ocrx_word' id='word_1_24' title='bbox 564 761 626 825; x_wconf 88' lang='lat' dir='ltr'>hoe</span> <span class='ocrx_word' id='word_1_25' title='bbox 654 764 718 844; x_wconf 84' lang='lat' dir='ltr'>est,</span> <span class='ocrx_word' id='word_1_26' title='bbox 753 762 836 845; x_wconf 88' lang='lat' dir='ltr'>quod</span> <span class='ocrx_word' id='word_1_27' title='bbox 862 761 897 824; x_wconf 92' lang='lat' dir='ltr'>in</span> <span class='ocrx_word' id='word_1_28' title='bbox 919 759 1094 842; x_wconf 83' lang='grc' dir='ltr'>Ἀγκυρα</span> <span class='ocrx_word' id='word_1_29' title='bbox 1120 784 1215 846; x_wconf 81' lang='lat' dir='ltr'>veae,</span> <span class='ocrx_word' id='word_1_30' title='bbox 1251 766 1376 846; x_wconf 84' lang='lat' dir='ltr'>postea-</span> 
     </span>
     <span class='ocr_line' id='line_1_5' title="bbox 227 871 1376 956; baseline 0.002 -22"><span class='ocrx_word' id='word_1_31' title='bbox 227 894 321 955; x_wconf 84' lang='lat' dir='ltr'>quam</span> <span class='ocrx_word' id='word_1_32' title='bbox 349 872 388 935; x_wconf 92' lang='lat' dir='ltr'>de</span> <span class='ocrx_word' id='word_1_33' title='bbox 417 871 593 956; x_wconf 83' lang='lat' dir='ltr'>gentilibus</span> <span class='ocrx_word' id='word_1_34' title='bbox 621 871 656 935; x_wconf 90' lang='lat' dir='ltr'>in</span> <span class='ocrx_word' id='word_1_35' title='bbox 683 893 743 938; x_wconf 82' lang='lat' dir='ltr'>voc</span> <span class='ocrx_word' id='word_1_36' title='bbox 768 871 951 935; x_wconf 88' lang='lat' dir='ltr'>terminatis</span> <span class='ocrx_word' id='word_1_37' title='bbox 985 872 1166 956; x_wconf 81' lang='lat' dir='ltr'>expositum</span> <span class='ocrx_word' id='word_1_38' title='bbox 1199 876 1250 936; x_wconf 86' lang='lat' dir='ltr'>est</span> <span class='ocrx_word' id='word_1_39' title='bbox 1275 871 1376 936; x_wconf 87' lang='lat' dir='ltr'>Hero-</span> 
     </span>
    </p>
   </div>
   <div class='ocr_carea' id='block_1_3' title="bbox 174 980 1413 4495">
    <p class='ocr_par' dir='ltr' id='par_1_3' title="bbox 174 980 1413 4495">
     <span class='ocr_line' id='line_1_6' title="bbox 226 980 1377 1067; baseline 0.002 -23"><span class='ocrx_word' id='word_1_40' title='bbox 226 980 315 1045; x_wconf 89' lang='lat' dir='ltr'>diani</span> <span class='ocrx_word' id='word_1_41' title='bbox 343 983 550 1065; x_wconf 78' lang='lat' dir='ltr'>austeritate,</span> <span class='ocrx_word' id='word_1_42' title='bbox 579 981 765 1066; x_wconf 81' lang='lat' dir='ltr'>discrepans</span> <span class='ocrx_word' id='word_1_43' title='bbox 789 981 846 1046; x_wconf 90' lang='lat' dir='ltr'>Ori</span> <span class='ocrx_word' id='word_1_44' title='bbox 872 982 1034 1047; x_wconf 88' lang='lat' dir='ltr'>sententia</span> <span class='ocrx_word' id='word_1_45' title='bbox 1063 983 1281 1067; x_wconf 79' lang='lat' dir='ltr'>subiungitur.</span> <span class='ocrx_word' id='word_1_46' title='bbox 1327 984 1377 1046; x_wconf 82' lang='lat' dir='ltr'>Ae</span> 
     </span>
     <span class='ocr_line' id='line_1_7' title="bbox 226 1091 1377 1177; baseline 0.002 -23"><span class='ocrx_word' id='word_1_47' title='bbox 226 1092 265 1155; x_wconf 89' lang='lat' dir='ltr'>de</span> <span class='ocrx_word' id='word_1_48' title='bbox 287 1091 499 1157; x_wconf 86' lang='lat' dir='ltr'>Herodianeis</span> <span class='ocrx_word' id='word_1_49' title='bbox 522 1091 716 1157; x_wconf 77' lang='lat' dir='ltr'>Valentinus</span> <span class='ocrx_word' id='word_1_50' title='bbox 738 1092 915 1157; x_wconf 85' lang='lat' dir='ltr'>Franekius</span> <span class='ocrx_word' id='word_1_51' title='bbox 943 1115 1045 1177; x_wconf 86' lang='lat' dir='ltr'>nuper</span> <span class='ocrx_word' id='word_1_52' title='bbox 1068 1097 1305 1157; x_wconf 86' lang='lat' dir='ltr'>commentatus</span> <span class='ocrx_word' id='word_1_53' title='bbox 1329 1097 1377 1157; x_wconf 87' lang='lat' dir='ltr'>est</span> 
     </span>
     <span class='ocr_line' id='line_1_8' title="bbox 227 1202 1376 1287; baseline 0.001 -22"><span class='ocrx_word' id='word_1_54' title='bbox 227 1202 262 1266; x_wconf 92' lang='lat' dir='ltr'>in</span> <span class='ocrx_word' id='word_1_55' title='bbox 284 1203 515 1287; x_wconf 85' lang='lat' dir='ltr'>Inscriptiones</span> <span class='ocrx_word' id='word_1_56' title='bbox 538 1203 726 1267; x_wconf 86' lang='lat' dir='ltr'>aRiehtero</span> <span class='ocrx_word' id='word_1_57' title='bbox 748 1204 899 1267; x_wconf 79' lang='lat' dir='ltr'>collectas</span> <span class='ocrx_word' id='word_1_58' title='bbox 921 1227 953 1287; x_wconf 88' lang='lat' dir='ltr'>p.</span> <span class='ocrx_word' id='word_1_59' title='bbox 969 1204 1048 1269; x_wconf 83' lang='lat'>439:</span> <span class='ocrx_word' id='word_1_60' title='bbox 1072 1203 1129 1268; x_wconf 89' lang='lat' dir='ltr'>Ori</span> <span class='ocrx_word' id='word_1_61' title='bbox 1145 1206 1256 1267; x_wconf 88' lang='lat' dir='ltr'>autem</span> <span class='ocrx_word' id='word_1_62' title='bbox 1278 1204 1376 1266; x_wconf 87' lang='lat' dir='ltr'>verba</span> 
     </span>
     <span class='ocr_line' id='line_1_9' title="bbox 227 1313 1376 1399; baseline 0.003 -24"><span class='ocrx_word' id='word_1_63' title='bbox 227 1313 364 1397; x_wconf 80' lang='lat' dir='ltr'>turpiter</span> <span class='ocrx_word' id='word_1_64' title='bbox 386 1317 419 1377; x_wconf 90' lang='lat' dir='ltr'>et</span> <span class='ocrx_word' id='word_1_65' title='bbox 440 1313 651 1377; x_wconf 88' lang='lat' dir='ltr'>multifariam</span> <span class='ocrx_word' id='word_1_66' title='bbox 674 1317 822 1398; x_wconf 82' lang='lat' dir='ltr'>corrupta</span> <span class='ocrx_word' id='word_1_67' title='bbox 844 1315 925 1378; x_wconf 86' lang='lat' dir='ltr'>haee</span> <span class='ocrx_word' id='word_1_68' title='bbox 946 1314 1137 1399; x_wconf 76' lang='lat' dir='ltr'>vulgantur:</span> <span class='ocrx_word' id='word_1_69' title='bbox 1167 1315 1186 1378; x_wconf 90' lang='grc' dir='ltr'>ὁ</span> <span class='ocrx_word' id='word_1_70' title='bbox 1215 1317 1252 1378; x_wconf 80' lang='grc' dir='ltr'>δέ</span> <span class='ocrx_word' id='word_1_71' title='bbox 1274 1314 1376 1394; x_wconf 80' lang='grc' dir='ltr'>Ὠροε</span> 
     </span>
     <span class='ocr_line' id='line_1_10' title="bbox 227 1423 1375 1510; baseline 0 -22"><span class='ocrx_word' id='word_1_72' title='bbox 227 1425 266 1488; x_wconf 86' lang='grc' dir='ltr'>τὰ</span> <span class='ocrx_word' id='word_1_73' title='bbox 288 1426 346 1503; x_wconf 87' lang='grc' dir='ltr'>μέν</span> <span class='ocrx_word' id='word_1_74' title='bbox 370 1446 420 1489; x_wconf 91' lang='grc' dir='ltr'>τοι</span> <span class='ocrx_word' id='word_1_75' title='bbox 441 1426 662 1505; x_wconf 87' lang='grc' dir='ltr'>καθαρεύοντα</span> <span class='ocrx_word' id='word_1_76' title='bbox 683 1427 721 1490; x_wconf 89' lang='grc' dir='ltr'>τὸ</span> <span class='ocrx_word' id='word_1_77' title='bbox 744 1427 804 1508; x_wconf 82' lang='grc' dir='ltr'>(τῷ</span> <span class='ocrx_word' id='word_1_78' title='bbox 828 1423 1048 1510; x_wconf 80' lang='lat' dir='ltr'>Oasaubonus)</span> <span class='ocrx_word' id='word_1_79' title='bbox 1074 1447 1095 1503; x_wconf 89' lang='grc' dir='ltr'>η</span> <span class='ocrx_word' id='word_1_80' title='bbox 1118 1425 1202 1489; x_wconf 83' lang='grc' dir='ltr'>θέλει</span> <span class='ocrx_word' id='word_1_81' title='bbox 1231 1426 1375 1504; x_wconf 83' lang='grc' dir='ltr'>παραλή-</span> 
     </span>
     <span class='ocr_line' id='line_1_11' title="bbox 226 1536 1375 1620; baseline 0.001 -21"><span class='ocrx_word' id='word_1_82' title='bbox 226 1540 348 1618; x_wconf 82' lang='grc' dir='ltr'>γεεθαι,</span> <span class='ocrx_word' id='word_1_83' title='bbox 373 1537 470 1615; x_wconf 86' lang='grc' dir='ltr'>χωρὶε</span> <span class='ocrx_word' id='word_1_84' title='bbox 493 1536 519 1601; x_wconf 84' lang='grc' dir='ltr'>εἰ</span> <span class='ocrx_word' id='word_1_85' title='bbox 540 1539 581 1616; x_wconf 89' lang='grc' dir='ltr'>μὴ</span> <span class='ocrx_word' id='word_1_86' title='bbox 604 1541 650 1620; x_wconf 85' lang='grc' dir='ltr'>τῷ</span> <span class='ocrx_word' id='word_1_87' title='bbox 674 1557 692 1614; x_wconf 89' lang='grc' dir='ltr'>ρ</span> <span class='ocrx_word' id='word_1_88' title='bbox 714 1536 975 1616; x_wconf 83' lang='grc' dir='ltr'>παρεδρευόμενα</span> <span class='ocrx_word' id='word_1_89' title='bbox 996 1538 1209 1615; x_wconf 81' lang='grc' dir='ltr'>διαφοροῑτο,</span> <span class='ocrx_word' id='word_1_90' title='bbox 1232 1536 1375 1615; x_wconf 84' lang='grc' dir='ltr'>καθάπερ</span> 
     </span>
     <span class='ocr_line' id='line_1_12' title="bbox 227 1645 1375 1727; baseline 0.001 -19"><span class='ocrx_word' id='word_1_91' title='bbox 227 1645 279 1708; x_wconf 86' lang='grc' dir='ltr'>ἐπὶ</span> <span class='ocrx_word' id='word_1_92' title='bbox 300 1650 359 1710; x_wconf 87' lang='grc' dir='ltr'>τοῦ</span> <span class='ocrx_word' id='word_1_93' title='bbox 387 1648 596 1726; x_wconf 81' lang='grc' dir='ltr'>Ἀγκυρανόε,</span> <span class='ocrx_word' id='word_1_94' title='bbox 624 1648 675 1712; x_wconf 89' lang='grc' dir='ltr'>καὶ</span> <span class='ocrx_word' id='word_1_95' title='bbox 697 1647 927 1727; x_wconf 68' lang='grc' dir='ltr'>Θυατειρηνὸς,</span> <span class='ocrx_word' id='word_1_96' title='bbox 957 1648 977 1710; x_wconf 89' lang='grc' dir='ltr'>Γ</span> <span class='ocrx_word' id='word_1_97' title='bbox 979 1647 1132 1726; x_wconf 83' lang='grc' dir='ltr'>ερμανὸε,</span> <span class='ocrx_word' id='word_1_98' title='bbox 1161 1646 1213 1710; x_wconf 79' lang='grc' dir='ltr'>καὶ</span> <span class='ocrx_word' id='word_1_99' title='bbox 1237 1648 1257 1710; x_wconf 89' lang='grc' dir='ltr'>Γ</span> <span class='ocrx_word' id='word_1_100' title='bbox 1259 1667 1375 1725; x_wconf 65' lang='lat' dir='ltr'>usrpa-</span> 
     </span>
     <span class='ocr_line' id='line_1_13' title="bbox 226 1755 1374 1841; baseline 0 -21"><span class='ocrx_word' id='word_1_101' title='bbox 226 1755 294 1821; x_wconf 80' lang='grc' dir='ltr'>νότ.</span> <span class='ocrx_word' id='word_1_102' title='bbox 339 1755 387 1823; x_wconf 82' lang='grc' dir='ltr'>ὡν</span> <span class='ocrx_word' id='word_1_103' title='bbox 415 1758 455 1822; x_wconf 89' lang='grc' dir='ltr'>τὰ</span> <span class='ocrx_word' id='word_1_104' title='bbox 482 1759 539 1836; x_wconf 82' lang='grc' dir='ltr'>μέν</span> <span class='ocrx_word' id='word_1_105' title='bbox 566 1759 654 1837; x_wconf 90' lang='grc' dir='ltr'>παρὰ</span> <span class='ocrx_word' id='word_1_106' title='bbox 680 1760 740 1837; x_wconf 86' lang='grc' dir='ltr'>τήν</span> <span class='ocrx_word' id='word_1_107' title='bbox 767 1758 925 1837; x_wconf 87' lang='grc' dir='ltr'>Ἄγκυραν</span> <span class='ocrx_word' id='word_1_108' title='bbox 953 1758 1161 1836; x_wconf 79' lang='grc' dir='ltr'>ευνεξέδραμε</span> <span class='ocrx_word' id='word_1_109' title='bbox 1187 1763 1237 1841; x_wconf 80' lang='grc' dir='ltr'>τῷ</span> <span class='ocrx_word' id='word_1_110' title='bbox 1267 1757 1374 1836; x_wconf 78' lang='lat' dir='ltr'>(mpu-</span> 
     </span>
     <span class='ocr_line' id='line_1_14' title="bbox 226 1867 1373 1947; baseline -0.002 -15"><span class='ocrx_word' id='word_1_111' title='bbox 226 1868 300 1943; x_wconf 80' lang='lat' dir='ltr'>vdc‚</span> <span class='ocrx_word' id='word_1_112' title='bbox 324 1868 522 1947; x_wconf 82' lang='grc' dir='ltr'>Βοετρανὸε,</span> <span class='ocrx_word' id='word_1_113' title='bbox 551 1869 590 1932; x_wconf 89' lang='grc' dir='ltr'>τὰ</span> <span class='ocrx_word' id='word_1_114' title='bbox 616 1870 652 1932; x_wconf 78' lang='grc' dir='ltr'>οὲ</span> <span class='ocrx_word' id='word_1_115' title='bbox 675 1867 822 1941; x_wconf 85' lang='grc' dir='ltr'>ἀπὸτοῦ</span> <span class='ocrx_word' id='word_1_116' title='bbox 845 1867 1003 1947; x_wconf 87' lang='grc' dir='ltr'>Θυάτειρα</span> <span class='ocrx_word' id='word_1_117' title='bbox 1024 1869 1135 1933; x_wconf 88' lang='grc' dir='ltr'>καὶτὰ</span> <span class='ocrx_word' id='word_1_118' title='bbox 1159 1868 1286 1946; x_wconf 81' lang='grc' dir='ltr'>Γάγγρα</span> <span class='ocrx_word' id='word_1_119' title='bbox 1314 1888 1373 1931; x_wconf 91' lang='grc' dir='ltr'>πα-</span> 
     </span>
     <span class='ocr_line' id='line_1_15' title="bbox 227 1976 1374 2061; baseline -0.001 -19"><span class='ocrx_word' id='word_1_120' title='bbox 227 1982 347 2056; x_wconf 86' lang='grc' dir='ltr'>ρῆκται.</span> <span class='ocrx_word' id='word_1_121' title='bbox 402 1979 455 2042; x_wconf 87' lang='lat' dir='ltr'>Ab</span> <span class='ocrx_word' id='word_1_122' title='bbox 486 1977 581 2042; x_wconf 89' lang='lat' dir='ltr'>initio</span> <span class='ocrx_word' id='word_1_123' title='bbox 613 1978 713 2057; x_wconf 84' lang='grc' dir='ltr'>Ὠροε</span> <span class='ocrx_word' id='word_1_124' title='bbox 736 2029 742 2042; x_wconf 92' lang='grc'><strong>.</strong></span> <span class='ocrx_word' id='word_1_125' title='bbox 766 2029 773 2042; x_wconf 94' lang='grc'><strong>.</strong></span> <span class='ocrx_word' id='word_1_126' title='bbox 796 2029 832 2042; x_wconf 92' lang='grc'>..</span> <span class='ocrx_word' id='word_1_127' title='bbox 865 1980 904 2044; x_wconf 87' lang='grc' dir='ltr'>τὰ</span> <span class='ocrx_word' id='word_1_128' title='bbox 936 1977 1125 2061; x_wconf 85' lang='lat' dir='ltr'>Perusinus,</span> <span class='ocrx_word' id='word_1_129' title='bbox 1159 1976 1262 2057; x_wconf 81' lang='grc' dir='ltr'>Ὦρα(</span> <span class='ocrx_word' id='word_1_130' title='bbox 1294 1978 1374 2041; x_wconf 83' lang='grc' dir='ltr'>αὐτὰ</span> 
     </span>
     <span class='ocr_line' id='line_1_16' title="bbox 226 2087 1374 2173; baseline 0.002 -23"><span class='ocrx_word' id='word_1_131' title='bbox 226 2091 354 2151; x_wconf 87' lang='lat' dir='ltr'>nostras</span> <span class='ocrx_word' id='word_1_132' title='bbox 381 2088 642 2173; x_wconf 83' lang='lat' dir='ltr'>Rehdigeranus:</span> <span class='ocrx_word' id='word_1_133' title='bbox 677 2089 761 2152; x_wconf 89' lang='lat' dir='ltr'>unde</span> <span class='ocrx_word' id='word_1_134' title='bbox 789 2088 993 2152; x_wconf 85' lang='lat' dir='ltr'>scribendum</span> <span class='ocrx_word' id='word_1_135' title='bbox 1025 2090 1044 2153; x_wconf 91' lang='grc' dir='ltr'>ὁ</span> <span class='ocrx_word' id='word_1_136' title='bbox 1072 2091 1108 2153; x_wconf 79' lang='grc' dir='ltr'>δὲ</span> <span class='ocrx_word' id='word_1_137' title='bbox 1135 2087 1237 2166; x_wconf 85' lang='grc' dir='ltr'>Ὠροε</span> <span class='ocrx_word' id='word_1_138' title='bbox 1265 2089 1374 2153; x_wconf 84' lang='grc' dir='ltr'>αὐτῶν</span> 
     </span>
     <span class='ocr_line' id='line_1_17' title="bbox 227 2197 1373 2283; baseline -0.002 -20"><span class='ocrx_word' id='word_1_139' title='bbox 227 2199 346 2278; x_wconf 80' lang='grc' dir='ltr'>τὰμὲν</span> <span class='ocrx_word' id='word_1_140' title='bbox 370 2220 396 2262; x_wconf 90' lang='lat' dir='ltr'>e.</span> <span class='ocrx_word' id='word_1_141' title='bbox 421 2222 451 2283; x_wconf 88' lang='lat' dir='ltr'>q.</span> <span class='ocrx_word' id='word_1_142' title='bbox 475 2222 500 2262; x_wconf 86' lang='lat' dir='ltr'>s.</span> <span class='ocrx_word' id='word_1_143' title='bbox 547 2198 609 2264; x_wconf 87' lang='lat' dir='ltr'>Sed</span> <span class='ocrx_word' id='word_1_144' title='bbox 630 2200 691 2263; x_wconf 90' lang='lat' dir='ltr'>hoc</span> <span class='ocrx_word' id='word_1_145' title='bbox 718 2199 788 2263; x_wconf 88' lang='lat' dir='ltr'>leve</span> <span class='ocrx_word' id='word_1_146' title='bbox 817 2203 875 2263; x_wconf 87' lang='lat' dir='ltr'>est.</span> <span class='ocrx_word' id='word_1_147' title='bbox 920 2199 983 2264; x_wconf 88' lang='lat' dir='ltr'>Pro</span> <span class='ocrx_word' id='word_1_148' title='bbox 1010 2204 1068 2264; x_wconf 88' lang='grc' dir='ltr'>τοῦ</span> <span class='ocrx_word' id='word_1_149' title='bbox 1091 2199 1251 2278; x_wconf 87' lang='grc' dir='ltr'>Θυάτειρα</span> <span class='ocrx_word' id='word_1_150' title='bbox 1277 2197 1373 2262; x_wconf 87' lang='lat' dir='ltr'>Peru-</span> 
     </span>
     <span class='ocr_line' id='line_1_18' title="bbox 226 2308 1374 2395; baseline 0.002 -25"><span class='ocrx_word' id='word_1_151' title='bbox 226 2308 315 2371; x_wconf 90' lang='lat' dir='ltr'>sinus</span> <span class='ocrx_word' id='word_1_152' title='bbox 343 2311 462 2375; x_wconf 90' lang='grc' dir='ltr'>τούτου</span> <span class='ocrx_word' id='word_1_153' title='bbox 489 2312 529 2376; x_wconf 88' lang='grc' dir='ltr'>τά</span> <span class='ocrx_word' id='word_1_154' title='bbox 551 2312 603 2388; x_wconf 81' lang='grc'>6.,</span> <span class='ocrx_word' id='word_1_155' title='bbox 633 2332 768 2394; x_wconf 89' lang='lat' dir='ltr'>quocum</span> <span class='ocrx_word' id='word_1_156' title='bbox 797 2311 947 2375; x_wconf 82' lang='lat' dir='ltr'>convenit</span> <span class='ocrx_word' id='word_1_157' title='bbox 973 2309 1218 2395; x_wconf 82' lang='lat' dir='ltr'>Rehdigeran0‚</span> <span class='ocrx_word' id='word_1_158' title='bbox 1248 2309 1284 2372; x_wconf 87' lang='lat' dir='ltr'>in</span> <span class='ocrx_word' id='word_1_159' title='bbox 1314 2331 1374 2392; x_wconf 90' lang='lat' dir='ltr'>quo</span> 
     </span>
     <span class='ocr_line' id='line_1_19' title="bbox 225 2419 1374 2503; baseline 0.001 -22"><span class='ocrx_word' id='word_1_160' title='bbox 225 2419 341 2481; x_wconf 84' lang='lat' dir='ltr'>lacuna</span> <span class='ocrx_word' id='word_1_161' title='bbox 370 2424 418 2484; x_wconf 89' lang='lat' dir='ltr'>est</span> <span class='ocrx_word' id='word_1_162' title='bbox 446 2421 531 2484; x_wconf 89' lang='lat' dir='ltr'>inter</span> <span class='ocrx_word' id='word_1_163' title='bbox 559 2422 718 2502; x_wconf 85' lang='grc' dir='ltr'>Θυάτειρα</span> <span class='ocrx_word' id='word_1_164' title='bbox 747 2424 780 2484; x_wconf 89' lang='lat' dir='ltr'>et</span> <span class='ocrx_word' id='word_1_165' title='bbox 807 2423 856 2487; x_wconf 85' lang='grc' dir='ltr'>καὶ</span> <span class='ocrx_word' id='word_1_166' title='bbox 883 2442 986 2485; x_wconf 75' lang='lat' dir='ltr'>voces,</span> <span class='ocrx_word' id='word_1_167' title='bbox 1036 2419 1204 2484; x_wconf 82' lang='lat' dir='ltr'>Exeidisse</span> <span class='ocrx_word' id='word_1_168' title='bbox 1238 2423 1374 2503; x_wconf 87' lang='lat' dir='ltr'>apparet</span> 
     </span>
     <span class='ocr_line' id='line_1_20' title="bbox 225 2531 1372 2615; baseline -0.001 -20"><span class='ocrx_word' id='word_1_169' title='bbox 225 2532 292 2598; x_wconf 90' lang='lat' dir='ltr'>eius</span> <span class='ocrx_word' id='word_1_170' title='bbox 314 2531 453 2596; x_wconf 87' lang='lat' dir='ltr'>nominis</span> <span class='ocrx_word' id='word_1_171' title='bbox 482 2531 696 2615; x_wconf 71' lang='lat' dir='ltr'>primiflvum,</span> <span class='ocrx_word' id='word_1_172' title='bbox 727 2532 809 2615; x_wconf 86' lang='lat' dir='ltr'>quod</span> <span class='ocrx_word' id='word_1_173' title='bbox 837 2554 933 2614; x_wconf 88' lang='lat' dir='ltr'>supra</span> <span class='ocrx_word' id='word_1_174' title='bbox 960 2531 1170 2613; x_wconf 87' lang='lat' dir='ltr'>depravatum</span> <span class='ocrx_word' id='word_1_175' title='bbox 1198 2531 1235 2594; x_wconf 89' lang='lat' dir='ltr'>in</span> <span class='ocrx_word' id='word_1_176' title='bbox 1258 2533 1278 2595; x_wconf 89' lang='grc' dir='ltr'>Γ</span> <span class='ocrx_word' id='word_1_177' title='bbox 1280 2552 1372 2611; x_wconf 89' lang='grc' dir='ltr'>ερμα-</span> 
     </span>
     <span class='ocr_line' id='line_1_21' title="bbox 226 2641 1371 2724; baseline -0.005 -15"><span class='ocrx_word' id='word_1_178' title='bbox 226 2644 283 2709; x_wconf 81' lang='grc' dir='ltr'>νόε</span> <span class='ocrx_word' id='word_1_179' title='bbox 306 2645 365 2705; x_wconf 91' lang='lat' dir='ltr'>est.</span> <span class='ocrx_word' id='word_1_180' title='bbox 410 2641 558 2705; x_wconf 85' lang='lat' dir='ltr'>Proxime</span> <span class='ocrx_word' id='word_1_181' title='bbox 581 2643 622 2706; x_wconf 91' lang='lat' dir='ltr'>ab</span> <span class='ocrx_word' id='word_1_182' title='bbox 644 2641 824 2705; x_wconf 84' lang='lat' dir='ltr'>litterarum</span> <span class='ocrx_word' id='word_1_183' title='bbox 846 2642 958 2706; x_wconf 81' lang='lat' dir='ltr'>formis</span> <span class='ocrx_word' id='word_1_184' title='bbox 981 2642 1072 2705; x_wconf 88' lang='lat' dir='ltr'>abest</span> <span class='ocrx_word' id='word_1_185' title='bbox 1094 2641 1178 2704; x_wconf 79' lang='lat' dir='ltr'>haee</span> <span class='ocrx_word' id='word_1_186' title='bbox 1195 2641 1371 2724; x_wconf 87' lang='lat' dir='ltr'>scriptura:</span> 
     </span>
     <span class='ocr_line' id='line_1_22' title="bbox 226 2750 1371 2834; baseline -0.003 -17"><span class='ocrx_word' id='word_1_187' title='bbox 226 2754 291 2818; x_wconf 88' lang='grc' dir='ltr'>ἀπὸ</span> <span class='ocrx_word' id='word_1_188' title='bbox 314 2757 372 2818; x_wconf 86' lang='grc' dir='ltr'>τοῦ</span> <span class='ocrx_word' id='word_1_189' title='bbox 395 2754 433 2818; x_wconf 89' lang='grc' dir='ltr'>τὰ</span> <span class='ocrx_word' id='word_1_190' title='bbox 456 2754 614 2834; x_wconf 87' lang='grc' dir='ltr'>Θυάτειρα</span> <span class='ocrx_word' id='word_1_191' title='bbox 636 2754 747 2818; x_wconf 77' lang='grc' dir='ltr'>καὶτὰ</span> <span class='ocrx_word' id='word_1_192' title='bbox 770 2755 790 2817; x_wconf 89' lang='grc' dir='ltr'>Γ</span> <span class='ocrx_word' id='word_1_193' title='bbox 791 2753 913 2834; x_wconf 88' lang='grc' dir='ltr'>έρμαρα</span> <span class='ocrx_word' id='word_1_194' title='bbox 939 2755 989 2818; x_wconf 85' lang='grc' dir='ltr'>καὶ</span> <span class='ocrx_word' id='word_1_195' title='bbox 1016 2754 1055 2819; x_wconf 87' lang='grc' dir='ltr'>τὰ</span> <span class='ocrx_word' id='word_1_196' title='bbox 1078 2755 1098 2817; x_wconf 89' lang='grc' dir='ltr'>Γ</span> <span class='ocrx_word' id='word_1_197' title='bbox 1099 2754 1211 2832; x_wconf 84' lang='grc' dir='ltr'>άγγρα</span> <span class='ocrx_word' id='word_1_198' title='bbox 1257 2750 1371 2826; x_wconf 75' lang='lat' dir='ltr'>Quem·</span> 
     </span>
     <span class='ocr_line' id='line_1_23' title="bbox 225 2862 1371 2948; baseline -0.001 -22"><span class='ocrx_word' id='word_1_199' title='bbox 225 2885 322 2948; x_wconf 88' lang='lat' dir='ltr'>quam</span> <span class='ocrx_word' id='word_1_200' title='bbox 344 2862 495 2948; x_wconf 88' lang='lat' dir='ltr'>quoniam</span> <span class='ocrx_word' id='word_1_201' title='bbox 521 2864 611 2927; x_wconf 89' lang='lat' dir='ltr'>nullo</span> <span class='ocrx_word' id='word_1_202' title='bbox 638 2863 821 2928; x_wconf 88' lang='lat' dir='ltr'>testimonio</span> <span class='ocrx_word' id='word_1_203' title='bbox 850 2866 977 2928; x_wconf 82' lang='lat' dir='ltr'>constat</span> <span class='ocrx_word' id='word_1_204' title='bbox 1004 2863 1043 2926; x_wconf 90' lang='lat' dir='ltr'>de</span> <span class='ocrx_word' id='word_1_205' title='bbox 1068 2863 1269 2943; x_wconf 82' lang='grc' dir='ltr'>Γερμαρηνόε</span> <span class='ocrx_word' id='word_1_206' title='bbox 1296 2883 1371 2947; x_wconf 81' lang='lat' dir='ltr'>gen·</span> 
     </span>
     <span class='ocr_line' id='line_1_24' title="bbox 224 2974 1371 3058; baseline -0.003 -19"><span class='ocrx_word' id='word_1_207' title='bbox 224 2975 291 3058; x_wconf 89' lang='lat' dir='ltr'>tili,</span> <span class='ocrx_word' id='word_1_208' title='bbox 315 2996 381 3039; x_wconf 92' lang='lat' dir='ltr'>non</span> <span class='ocrx_word' id='word_1_209' title='bbox 404 2974 513 3058; x_wconf 85' lang='lat' dir='ltr'>inepte</span> <span class='ocrx_word' id='word_1_210' title='bbox 540 2974 678 3039; x_wconf 87' lang='lat' dir='ltr'>forsitan</span> <span class='ocrx_word' id='word_1_211' title='bbox 705 2996 856 3038; x_wconf 89' lang='lat' dir='ltr'>eonemur</span> <span class='ocrx_word' id='word_1_212' title='bbox 883 2976 935 3039; x_wconf 88' lang='grc' dir='ltr'>καὶ</span> <span class='ocrx_word' id='word_1_213' title='bbox 961 2975 1001 3039; x_wconf 86' lang='grc' dir='ltr'>τά</span> <span class='ocrx_word' id='word_1_214' title='bbox 1024 2975 1163 3053; x_wconf 81' lang='grc' dir='ltr'>Γάδαρα,</span> <span class='ocrx_word' id='word_1_215' title='bbox 1192 2994 1292 3057; x_wconf 86' lang='lat' dir='ltr'>supra</span> <span class='ocrx_word' id='word_1_216' title='bbox 1320 2995 1371 3037; x_wconf 89' lang='lat' dir='ltr'>au·</span> 
     </span>
     <span class='ocr_line' id='line_1_25' title="bbox 224 3083 1370 3169; baseline -0.002 -20"><span class='ocrx_word' id='word_1_217' title='bbox 224 3089 290 3149; x_wconf 91' lang='lat' dir='ltr'>tem</span> <span class='ocrx_word' id='word_1_218' title='bbox 311 3088 362 3151; x_wconf 86' lang='grc' dir='ltr'>καὶ</span> <span class='ocrx_word' id='word_1_219' title='bbox 385 3085 567 3166; x_wconf 83' lang='grc' dir='ltr'>Γαδαρηνόε</span> <span class='ocrx_word' id='word_1_220' title='bbox 590 3106 755 3168; x_wconf 88' lang='lat' dir='ltr'>reponere.</span> <span class='ocrx_word' id='word_1_221' title='bbox 789 3084 914 3149; x_wconf 85' lang='lat' dir='ltr'>Deinde</span> <span class='ocrx_word' id='word_1_222' title='bbox 936 3104 1138 3169; x_wconf 87' lang='lat' dir='ltr'>nequaquam</span> <span class='ocrx_word' id='word_1_223' title='bbox 1159 3083 1201 3147; x_wconf 90' lang='lat' dir='ltr'>ad</span> <span class='ocrx_word' id='word_1_224' title='bbox 1224 3084 1310 3148; x_wconf 89' lang='lat' dir='ltr'>idem</span> <span class='ocrx_word' id='word_1_225' title='bbox 1335 3104 1370 3147; x_wconf 87' lang='lat' dir='ltr'>ac</span> 
     </span>
     <span class='ocr_line' id='line_1_26' title="bbox 225 3193 1370 3281; baseline -0.001 -23"><span class='ocrx_word' id='word_1_226' title='bbox 225 3197 347 3280; x_wconf 87' lang='lat' dir='ltr'>reliqua</span> <span class='ocrx_word' id='word_1_227' title='bbox 375 3217 477 3281; x_wconf 84' lang='lat' dir='ltr'>genus</span> <span class='ocrx_word' id='word_1_228' title='bbox 506 3194 648 3279; x_wconf 83' lang='lat' dir='ltr'>pertinet</span> <span class='ocrx_word' id='word_1_229' title='bbox 675 3196 869 3275; x_wconf 80' lang='grc' dir='ltr'>Ἀγκυρανόε</span> <span class='ocrx_word' id='word_1_230' title='bbox 895 3196 1014 3278; x_wconf 86' lang='lat' dir='ltr'>ferma,</span> <span class='ocrx_word' id='word_1_231' title='bbox 1048 3215 1109 3259; x_wconf 87' lang='lat' dir='ltr'>nee</span> <span class='ocrx_word' id='word_1_232' title='bbox 1135 3194 1171 3258; x_wconf 87' lang='lat' dir='ltr'>in</span> <span class='ocrx_word' id='word_1_233' title='bbox 1202 3194 1285 3258; x_wconf 85' lang='lat' dir='ltr'>haee</span> <span class='ocrx_word' id='word_1_234' title='bbox 1318 3193 1370 3279; x_wconf 91' lang='lat' dir='ltr'>qui</span> 
     </span>
     <span class='ocr_line' id='line_1_27' title="bbox 174 3305 1370 3391; baseline -0.002 -21"><span class='ocrx_word' id='word_1_235' title='bbox 174 3315 206 3364; x_wconf 64' lang='grc' dir='ltr'>οἳ</span> <span class='ocrx_word' id='word_1_236' title='bbox 224 3306 442 3391; x_wconf 88' lang='lat' dir='ltr'>praemittitur</span> <span class='ocrx_word' id='word_1_237' title='bbox 468 3308 578 3371; x_wconf 88' lang='grc' dir='ltr'>κανών</span> <span class='ocrx_word' id='word_1_238' title='bbox 612 3305 759 3389; x_wconf 87' lang='lat' dir='ltr'>quadrat.</span> <span class='ocrx_word' id='word_1_239' title='bbox 814 3305 985 3370; x_wconf 89' lang='lat' dir='ltr'>Praeterea</span> <span class='ocrx_word' id='word_1_240' title='bbox 1019 3309 1126 3369; x_wconf 88' lang='lat' dir='ltr'>autem</span> <span class='ocrx_word' id='word_1_241' title='bbox 1158 3326 1240 3369; x_wconf 88' lang='lat' dir='ltr'>eane</span> <span class='ocrx_word' id='word_1_242' title='bbox 1272 3306 1370 3370; x_wconf 90' lang='lat' dir='ltr'>Orum</span> 
     </span>
     <span class='ocr_line' id='line_1_28' title="bbox 223 3415 1370 3501; baseline -0.003 -20"><span class='ocrx_word' id='word_1_243' title='bbox 223 3418 407 3501; x_wconf 87' lang='lat' dir='ltr'>putabimus</span> <span class='ocrx_word' id='word_1_244' title='bbox 440 3416 621 3480; x_wconf 85' lang='lat' dir='ltr'>temeritate</span> <span class='ocrx_word' id='word_1_245' title='bbox 657 3416 771 3500; x_wconf 81' lang='lat' dir='ltr'>fuisse,</span> <span class='ocrx_word' id='word_1_246' title='bbox 806 3417 860 3501; x_wconf 90' lang='lat' dir='ltr'>qui</span> <span class='ocrx_word' id='word_1_247' title='bbox 898 3439 917 3480; x_wconf 86' lang='lat' dir='ltr'>a</span> <span class='ocrx_word' id='word_1_248' title='bbox 953 3415 1116 3500; x_wconf 87' lang='lat' dir='ltr'>quibusvis</span> <span class='ocrx_word' id='word_1_249' title='bbox 1148 3415 1370 3500; x_wconf 87' lang='lat' dir='ltr'>primitivis</span> 
     </span>
     <span class='ocr_line' id='line_1_29' title="bbox 223 3526 1369 3612; baseline -0.002 -21"><span class='ocrx_word' id='word_1_250' title='bbox 223 3527 336 3611; x_wconf 88' lang='lat' dir='ltr'>puris</span> <span class='ocrx_word' id='word_1_251' title='bbox 357 3527 491 3591; x_wconf 86' lang='lat' dir='ltr'>formari</span> <span class='ocrx_word' id='word_1_252' title='bbox 513 3526 650 3612; x_wconf 84' lang='lat' dir='ltr'>gentilia</span> <span class='ocrx_word' id='word_1_253' title='bbox 672 3527 708 3590; x_wconf 89' lang='lat' dir='ltr'>in</span> <span class='ocrx_word' id='word_1_254' title='bbox 729 3528 807 3607; x_wconf 80' lang='grc' dir='ltr'>ηνό(</span> <span class='ocrx_word' id='word_1_255' title='bbox 828 3527 996 3591; x_wconf 80' lang='lat' dir='ltr'>traderet?</span> <span class='ocrx_word' id='word_1_256' title='bbox 1022 3549 1064 3590; x_wconf 89' lang='lat' dir='ltr'>an</span> <span class='ocrx_word' id='word_1_257' title='bbox 1093 3526 1127 3590; x_wconf 89' lang='grc' dir='ltr'>ιιι</span> <span class='ocrx_word' id='word_1_258' title='bbox 1150 3527 1238 3590; x_wconf 83' lang='lat' dir='ltr'>hane</span> <span class='ocrx_word' id='word_1_259' title='bbox 1261 3548 1369 3595; x_wconf 80' lang='lat' dir='ltr'>eonce-</span> 
     </span>
     <span class='ocr_line' id='line_1_30' title="bbox 224 3636 1369 3722; baseline 0.002 -22"><span class='ocrx_word' id='word_1_260' title='bbox 224 3637 298 3701; x_wconf 89' lang='lat' dir='ltr'>dere</span> <span class='ocrx_word' id='word_1_261' title='bbox 321 3636 512 3701; x_wconf 88' lang='lat' dir='ltr'>emendandi</span> <span class='ocrx_word' id='word_1_262' title='bbox 539 3638 625 3701; x_wconf 90' lang='lat' dir='ltr'>viam</span> <span class='ocrx_word' id='word_1_263' title='bbox 647 3640 806 3721; x_wconf 89' lang='lat' dir='ltr'>praestat:</span> <span class='ocrx_word' id='word_1_264' title='bbox 835 3638 853 3701; x_wconf 88' lang='grc' dir='ltr'>ὁ</span> <span class='ocrx_word' id='word_1_265' title='bbox 882 3640 918 3702; x_wconf 78' lang='grc' dir='ltr'>δὲ</span> <span class='ocrx_word' id='word_1_266' title='bbox 939 3638 1039 3716; x_wconf 79' lang='grc' dir='ltr'>Ὠροε</span> <span class='ocrx_word' id='word_1_267' title='bbox 1067 3637 1175 3702; x_wconf 82' lang='grc' dir='ltr'>αὐτῶν</span> <span class='ocrx_word' id='word_1_268' title='bbox 1198 3639 1240 3703; x_wconf 86' lang='grc' dir='ltr'>τά</span> <span class='ocrx_word' id='word_1_269' title='bbox 1262 3640 1304 3717; x_wconf 85' lang='grc' dir='ltr'>μὴ</span> <span class='ocrx_word' id='word_1_270' title='bbox 1325 3644 1369 3722; x_wconf 83' lang='grc' dir='ltr'>τῷ</span> 
     </span>
     <span class='ocr_line' id='line_1_31' title="bbox 224 3746 1370 3833; baseline 0.002 -22"><span class='ocrx_word' id='word_1_271' title='bbox 224 3771 233 3811; x_wconf 92' lang='grc' dir='ltr'>ι</span> <span class='ocrx_word' id='word_1_272' title='bbox 259 3747 480 3827; x_wconf 87' lang='grc' dir='ltr'>καθαρεύοντα</span> <span class='ocrx_word' id='word_1_273' title='bbox 506 3755 552 3833; x_wconf 85' lang='grc' dir='ltr'>τῷ</span> <span class='ocrx_word' id='word_1_274' title='bbox 582 3771 600 3827; x_wconf 93' lang='grc' dir='ltr'>η</span> <span class='ocrx_word' id='word_1_275' title='bbox 629 3750 713 3813; x_wconf 79' lang='grc' dir='ltr'>θέλει</span> <span class='ocrx_word' id='word_1_276' title='bbox 741 3750 989 3827; x_wconf 81' lang='grc' dir='ltr'>παραλήγεεθαι·</span> <span class='ocrx_word' id='word_1_277' title='bbox 1023 3746 1196 3831; x_wconf 79' lang='lat' dir='ltr'>(cogitavit</span> <span class='ocrx_word' id='word_1_278' title='bbox 1223 3747 1264 3812; x_wconf 87' lang='lat' dir='ltr'>de</span> <span class='ocrx_word' id='word_1_279' title='bbox 1295 3749 1370 3828; x_wconf 86' lang='grc' dir='ltr'>Κυρ-</span> 
     </span>
     <span class='ocr_line' id='line_1_32' title="bbox 223 3858 1370 3943; baseline 0.001 -20"><span class='ocrx_word' id='word_1_280' title='bbox 223 3862 367 3941; x_wconf 82' lang='grc' dir='ltr'>ταιηνόε,</span> <span class='ocrx_word' id='word_1_281' title='bbox 394 3860 600 3940; x_wconf 79' lang='grc' dir='ltr'>Μαρευηνόε,</span> <span class='ocrx_word' id='word_1_282' title='bbox 625 3858 781 3922; x_wconf 90' lang='lat' dir='ltr'>similibus</span> <span class='ocrx_word' id='word_1_283' title='bbox 791 3860 812 3943; x_wconf 88' lang='lat'>:)</span> <span class='ocrx_word' id='word_1_284' title='bbox 836 3859 934 3939; x_wconf 80' lang='grc' dir='ltr'>χωρὶε</span> <span class='ocrx_word' id='word_1_285' title='bbox 956 3859 1044 3938; x_wconf 85' lang='grc' dir='ltr'>εἰμὴ</span> <span class='ocrx_word' id='word_1_286' title='bbox 1066 3865 1113 3943; x_wconf 82' lang='grc' dir='ltr'>τῷ</span> <span class='ocrx_word' id='word_1_287' title='bbox 1139 3861 1370 3940; x_wconf 75' lang='grc' dir='ltr'>ρπαρεαρευό-</span> 
     </span>
     <span class='ocr_line' id='line_1_33' title="bbox 221 3950 1413 4055; baseline -0.001 -20"><span class='ocrx_word' id='word_1_288' title='bbox 221 3990 302 4050; x_wconf 90' lang='grc' dir='ltr'>μενα</span> <span class='ocrx_word' id='word_1_289' title='bbox 330 3973 500 4053; x_wconf 85' lang='grc' dir='ltr'>διφοροῑτο</span> <span class='ocrx_word' id='word_1_290' title='bbox 531 3966 589 4055; x_wconf 88' lang='lat' dir='ltr'>[sic</span> <span class='ocrx_word' id='word_1_291' title='bbox 617 3972 704 4032; x_wconf 86' lang='lat' dir='ltr'>reete</span> <span class='ocrx_word' id='word_1_292' title='bbox 731 3967 880 4032; x_wconf 88' lang='lat' dir='ltr'>Lehrsius</span> <span class='ocrx_word' id='word_1_293' title='bbox 908 3991 966 4053; x_wconf 89' lang='lat' dir='ltr'>pro</span> <span class='ocrx_word' id='word_1_294' title='bbox 993 3969 1199 4052; x_wconf 83' lang='grc' dir='ltr'>διαφοροῖτα]</span> <span class='ocrx_word' id='word_1_295' title='bbox 1228 3971 1372 4048; x_wconf 87' lang='grc' dir='ltr'>καθάπερ</span> <span class='ocrx_word' id='word_1_296' title='bbox 1405 3950 1413 3966; x_wconf 50' lang='lat'>⁸</span> 
     </span>
     <span class='ocr_line' id='line_1_34' title="bbox 222 4079 1372 4163; baseline 0.003 -19"><span class='ocrx_word' id='word_1_297' title='bbox 222 4081 273 4145; x_wconf 87' lang='grc' dir='ltr'>ἐπὶ</span> <span class='ocrx_word' id='word_1_298' title='bbox 300 4085 359 4146; x_wconf 85' lang='grc' dir='ltr'>τοῦ</span> <span class='ocrx_word' id='word_1_299' title='bbox 387 4080 580 4159; x_wconf 82' lang='grc' dir='ltr'>Ἀγκυρανόε</span> <span class='ocrx_word' id='word_1_300' title='bbox 606 4081 657 4145; x_wconf 88' lang='grc' dir='ltr'>καὶ</span> <span class='ocrx_word' id='word_1_301' title='bbox 679 4130 802 4144; x_wconf 88' lang='grc'><strong>......</strong></span> <span class='ocrx_word' id='word_1_302' title='bbox 808 4130 817 4163; x_wconf 84' lang='lat'><em>,</em></span> <span class='ocrx_word' id='word_1_303' title='bbox 846 4082 932 4159; x_wconf 84' lang='grc' dir='ltr'>πλὴν</span> <span class='ocrx_word' id='word_1_304' title='bbox 959 4084 1026 4145; x_wconf 85' lang='grc' dir='ltr'>τῶν</span> <span class='ocrx_word' id='word_1_305' title='bbox 1057 4079 1101 4144; x_wconf 79' lang='lat' dir='ltr'>etc</span> <span class='ocrx_word' id='word_1_306' title='bbox 1131 4099 1152 4143; x_wconf 95' lang='grc' dir='ltr'>α</span> <span class='ocrx_word' id='word_1_307' title='bbox 1185 4081 1372 4161; x_wconf 82' lang='grc' dir='ltr'>οὐδετέρων</span> 
     </span>
     <span class='ocr_line' id='line_1_35' title="bbox 223 4189 1372 4276; baseline 0.003 -23"><span class='ocrx_word' id='word_1_308' title='bbox 223 4189 279 4272; x_wconf 85' lang='lat' dir='ltr'>(ef.</span> <span class='ocrx_word' id='word_1_309' title='bbox 304 4213 335 4274; x_wconf 92' lang='lat' dir='ltr'>p.</span> <span class='ocrx_word' id='word_1_310' title='bbox 359 4191 417 4274; x_wconf 80' lang='lat'>20,</span> <span class='ocrx_word' id='word_1_311' title='bbox 449 4191 502 4276; x_wconf 84' lang='lat'>10)</span> <span class='ocrx_word' id='word_1_312' title='bbox 531 4192 576 4255; x_wconf 84' lang='grc' dir='ltr'>ὡ(</span> <span class='ocrx_word' id='word_1_313' title='bbox 606 4191 821 4271; x_wconf 67' lang='grc' dir='ltr'>Θυατειρηνός</span> <span class='ocrx_word' id='word_1_314' title='bbox 848 4193 899 4255; x_wconf 85' lang='grc' dir='ltr'>καὶ</span> <span class='ocrx_word' id='word_1_315' title='bbox 927 4191 1127 4271; x_wconf 79' lang='grc' dir='ltr'>Γερμαρηνόκ</span> <span class='ocrx_word' id='word_1_316' title='bbox 1154 4192 1207 4255; x_wconf 90' lang='grc' dir='ltr'>καὶ</span> <span class='ocrx_word' id='word_1_317' title='bbox 1235 4195 1255 4257; x_wconf 89' lang='grc' dir='ltr'>Γ</span> <span class='ocrx_word' id='word_1_318' title='bbox 1257 4213 1372 4273; x_wconf 82' lang='grc' dir='ltr'>αγγρη-</span> 
     </span>
     <span class='ocr_line' id='line_1_36' title="bbox 222 4300 1372 4386; baseline 0.001 -20"><span class='ocrx_word' id='word_1_319' title='bbox 222 4300 293 4366; x_wconf 82' lang='lat' dir='ltr'>vo&#39;c·</span> <span class='ocrx_word' id='word_1_320' title='bbox 316 4300 363 4368; x_wconf 81' lang='grc' dir='ltr'>ὧν</span> <span class='ocrx_word' id='word_1_321' title='bbox 386 4303 504 4381; x_wconf 79' lang='grc' dir='ltr'>τὰμὲν</span> <span class='ocrx_word' id='word_1_322' title='bbox 527 4302 614 4381; x_wconf 84' lang='grc' dir='ltr'>παρὰ</span> <span class='ocrx_word' id='word_1_323' title='bbox 636 4304 695 4381; x_wconf 87' lang='grc' dir='ltr'>τήν</span> <span class='ocrx_word' id='word_1_324' title='bbox 716 4303 875 4382; x_wconf 86' lang='grc' dir='ltr'>Ἄγκυραν</span> <span class='ocrx_word' id='word_1_325' title='bbox 897 4302 1106 4381; x_wconf 81' lang='grc' dir='ltr'>τυνεξέδραμε</span> <span class='ocrx_word' id='word_1_326' title='bbox 1133 4307 1182 4386; x_wconf 85' lang='grc' dir='ltr'>τῷ</span> <span class='ocrx_word' id='word_1_327' title='bbox 1206 4303 1372 4386; x_wconf 83' lang='grc' dir='ltr'>(ωρανόε,</span> 
     </span>
     <span class='ocr_line' id='line_1_37' title="bbox 223 4412 1374 4495; baseline 0.003 -21"><span class='ocrx_word' id='word_1_328' title='bbox 223 4412 418 4492; x_wconf 81' lang='grc' dir='ltr'>Βοετρανόε,</span> <span class='ocrx_word' id='word_1_329' title='bbox 446 4415 486 4477; x_wconf 84' lang='grc' dir='ltr'>τὰ</span> <span class='ocrx_word' id='word_1_330' title='bbox 513 4415 548 4476; x_wconf 85' lang='grc' dir='ltr'>δὲ</span> <span class='ocrx_word' id='word_1_331' title='bbox 577 4413 643 4476; x_wconf 87' lang='grc' dir='ltr'>ἀπὸ</span> <span class='ocrx_word' id='word_1_332' title='bbox 672 4418 731 4478; x_wconf 83' lang='grc' dir='ltr'>τοῦ</span> <span class='ocrx_word' id='word_1_333' title='bbox 753 4415 792 4478; x_wconf 87' lang='grc' dir='ltr'>τά</span> <span class='ocrx_word' id='word_1_334' title='bbox 820 4414 977 4492; x_wconf 88' lang='grc' dir='ltr'>Θυάτειρα</span> <span class='ocrx_word' id='word_1_335' title='bbox 1005 4415 1056 4477; x_wconf 89' lang='grc' dir='ltr'>καὶ</span> <span class='ocrx_word' id='word_1_336' title='bbox 1082 4413 1122 4478; x_wconf 86' lang='grc' dir='ltr'>τὰ</span> <span class='ocrx_word' id='word_1_337' title='bbox 1151 4414 1299 4495; x_wconf 85' lang='grc' dir='ltr'>Γέρμαρα</span> <span class='ocrx_word' id='word_1_338' title='bbox 1325 4416 1374 4478; x_wconf 87' lang='grc' dir='ltr'>καὶ</span> 
     </span>
    </p>
   </div>
   <div class='ocr_carea' id='block_1_4' title="bbox 0 0 1452 4996">
    <p class='ocr_par' dir='ltr' id='par_1_4' title="bbox 0 0 1452 4996">
     <span class='ocr_line' id='line_1_38' title="bbox 0 0 1452 4996; baseline 0 1"><span class='ocrx_word' id='word_1_339' title='bbox 0 0 1452 4996; x_wconf 95' lang='lat' dir='ltr'> </span> 
     </span>
    </p>
   </div>
  </div>
 </body>
</html>
