2880 4994
228 342 289 407 766
509 355 541 402 o.
567 354 750 403 annulum
774 354 820 401 on
844 357 876 402 Α.
901 352 930 402 r.
955 354 1080 404 annun

312 509 348 574 P.
377 511 424 573 13.
465 509 505 573 ln
527 508 774 595 epigrammate,
798 507 881 592 quod
904 530 921 572 e
944 506 1149 573 Bibliotheca
1165 508 1357 595 Gottingeusi

228 620 363 706 profers,
387 620 535 703 displicet
563 643 641 685 sane
669 620 834 684 articulus:
869 619 995 683 videtur
1025 623 1136 683 tamen
1165 619 1242 685 ferri
1271 644 1358 705 possa

228 732 313 794 Nam
336 731 496 811 ’Apicrmv'
517 733 554 794 ut
576 734 660 795 recte
683 731 886 795 emendatum
909 752 977 794 esse
1000 732 1040 794 ab
1056 730 1188 815 Heynio
1204 733 1281 795 mihi
1302 754 1360 816 per·

229 842 396 923 suadeam,
420 840 615 925 praecedens
637 840 797 905 distichon
819 841 910 905 facit.
955 839 1040 904 Nam
1062 844 1099 904 ut
1128 842 1237 918 omitti
1260 864 1362 906 nomen

229 952 331 1035 possit
351 952 386 1014 in
408 951 467 1014 tali
490 951 733 1035 epigrammate,
762 973 827 1014 non
850 951 969 1033 poterit
992 955 1078 1015 certe
1101 952 1162 1016 tali
1186 975 1363 1038 praegressa

230 1061 494 1146 interrogatione.

313 1172 349 1235 P.
373 1166 425 1235 20.
455 1170 556 1246 Quem
578 1192 698 1256 magno
721 1175 838 1235 conatu
865 1174 983 1255 tentas,
1008 1171 1171 1257 Solonem,
1197 1174 1287 1239 nulla
1309 1197 1365 1237 mu·

228 1286 298 1346 tata
320 1282 428 1345 littera
451 1282 497 1345 sic
519 1285 647 1365 poteras
669 1282 849 1364 emendare,
879 1286 915 1345 ut
936 1283 1065 1367 gravior
1088 1285 1199 1369 etiam,
1224 1308 1318 1369 quam
1337 1285 1367 1347 in

229 1392 362 1476 vulgata
384 1392 537 1475 lectione,
562 1393 724 1456 sententia
747 1397 844 1457 esset:

380 1556 517 1619 Ἀττικὸς
541 1553 637 1619 οὗτος
660 1556 741 1636 ἀνὴρ
764 1559 830 1620 τῶν
854 1555 1135 1636 (αλαμιναφετῶν.

314 1722 350 1786 Ρ.
374 1723 426 1786 24.
450 1724 489 1787 ln
512 1723 664 1806 Aeschyli
685 1724 870 1808 fragmento
893 1725 989 1788 verba
1017 1727 1145 1811 ψαλμό(
1168 1730 1203 1791 δ’
1225 1728 1369 1793 ἀλαλάζει

230 1856 268 1896 ex
295 1834 496 1916 paroenriaco
524 1855 592 1897 esse
614 1833 779 1917 videntur,
803 1855 905 1918 neque
937 1834 1110 1898 cohaerent
1139 1857 1211 1898 cum
1251 1859 1369 1920 praece

230 1944 389 2007 dentibus,
414 1944 518 2008 Aliter
541 1943 657 2008 Strabo
680 1965 745 2008 non
767 1946 818 2009 καὶ
839 1946 935 2011 πάλιν
958 1943 1101 2009 dixisset.

314 2053 350 2117 P.
374 2055 426 2119 25.
465 2053 580 2118 Melius
608 2054 693 2138 apud
720 2054 868 2118 Photium
884 2060 1122 2121 'veuvuosrvroc
1152 2056 1291 2141 legitur,
1319 2079 1371 2140 pro

230 2186 302 2248 qua,
326 2164 379 2248 qui
403 2186 506 2247 nuper
520 2186 539 2227 a
554 2187 588 2229 se
612 2164 750 2229 edendas
772 2187 840 2229 esse
863 2165 898 2229 in
915 2165 1065 2229 Photium
1081 2166 1371 2231 animaduersiones

230 2277 371 2357 putavit,
396 2274 512 2339 Suidae
535 2275 705 2339 lectionem
727 2276 839 2359 reponi
855 2275 952 2339 iubet.

315 2384 351 2447 P.
375 2387 427 2449 26.
473 2384 596 2449 Plinius
619 2386 646 2449 si
669 2408 734 2449 una
755 2387 788 2449 in
810 2387 921 2449 tabula
943 2388 1046 2469 pictos
1069 2385 1250 2451 Philiscum
1272 2393 1305 2451 et
1326 2389 1371 2451 hi·

231 2495 341 2557 berum
363 2499 488 2577 patrem
511 2496 616 2560 dicere
638 2497 805 2579 voluisset,
835 2501 891 2559 aut
916 2496 1034 2560 diserte
1057 2496 1117 2562 hoc
1140 2498 1293 2579 dixisset,
1321 2502 1373 2561 aut

232 2609 429 2685 Liberumque
451 2607 640 2690 scripsisset.
687 2607 720 2671 Si
743 2607 823 2671 duae
846 2607 967 2671 fuerint
988 2608 1134 2691 tabulae,
1164 2610 1281 2672 maiori
1310 2610 1372 2672 iure

230 2716 340 2799 quaeri
362 2737 454 2799 posse
477 2717 540 2799 ais,
565 2738 621 2781 cur
643 2716 754 2780 Virtus
776 2716 885 2781 addita
907 2717 1021 2781 Libero
1051 2718 1135 2800 patri
1160 2719 1272 2783 fuerit.
1311 2721 1371 2782 Aut

230 2829 361 2909 propter
386 2827 536 2891 virtutem
563 2827 713 2892 bellicam
735 2825 872 2910 Bacchi,
901 2831 957 2891 aut
986 2832 1023 2891 ut
1051 2829 1269 2894 verecundum
1300 2829 1372 2894 Bac-

231 2938 324 3000 chum
348 2938 534 3021 sanguineis
556 2938 724 3021 prohibere
746 2939 824 3002 rixis
847 2942 1043 3022 spectatores
1065 2946 1289 3004 monerentur.

315 3047 350 3111 P.
375 3049 426 3111 27.
465 3047 621 3129 Philicus,
645 3049 671 3112 si
695 3050 723 3113 ei
745 3047 886 3112 Philisco
907 3070 1025 3113 nomen
1047 3049 1120 3133 fuit,
1150 3072 1193 3113 ne
1215 3051 1287 3135 ipse
1309 3051 1373 3135 qui·

230 3157 301 3221 dem
324 3180 357 3222 sc
378 3158 538 3223 Philicum
560 3158 686 3223 videtur
707 3181 821 3224 vocare
843 3160 994 3244 potuisse.

179 3275 205 3323 u
314 3268 349 3331 P.
373 3268 425 3333 28.
471 3270 510 3333 ln
538 3269 640 3352 primo
670 3269 857 3353 Sosiphanis
884 3271 1069 3354 fragmento
1095 3271 1199 3353 probo
1229 3272 1375 3336 ernenda-

229 3378 361 3461 tionem,
385 3401 480 3462 quarn
496 3380 593 3462 facia,
615 3381 759 3463 improbo
780 3380 1090 3464 interpunctionem,
1113 3402 1198 3464 quae
1221 3382 1304 3446 ferri
1326 3405 1376 3446 ne·

217 3470 308 3571 aaa.
353 3489 450 3573 longi
472 3490 649 3574 asserant,
673 3495 733 3558 vav
755 3496 802 3556 aa
822 3493 895 3571 γάρ.

315 3598 350 3662 P.
374 3601 425 3664 30.
468 3601 508 3663 In
530 3622 639 3684 versu,
663 3623 756 3684 quem
779 3601 906 3666 Natalis
929 3601 1041 3666 (hanes
1064 3602 1174 3684 habet,
1203 3604 1377 3688 legendum

230 3711 340 3790 putem
361 3712 411 3775 καὶ
432 3713 494 3791 γὰρ
517 3713 566 3776 οὐ.

313 3818 350 3881 Ρ.
366 3821 418 3884 31.
443 3821 491 3884 De
513 3822 679 3906 Marpessa
695 3844 759 3886 non
775 3821 943 3905 videoque
959 3822 1027 3885 iure
1042 3822 1095 3886 hic
1111 3824 1282 3908 cogitaris.
1307 3825 1378 3889 Nou

229 3931 278 3991 est
300 3929 521 4014 dubitandum,
546 3933 623 4017 quin
639 3933 834 3997 Alcestidem
850 3933 1064 3997 nominaverit
1083 3933 1261 4018 Maximus,
1285 3959 1378 4021 quam

229 4040 263 4102 in
287 4040 347 4104 hoc
369 4062 502 4106 recensu
530 4043 584 4106 alii
608 4066 731 4127 quoque
753 4047 888 4127 ponunt.
934 4043 995 4118 Qui
1023 4043 1168 4126 easdem,
1199 4068 1283 4128 quas
1314 4047 1378 4111 Ma·

229 4149 343 4232 ximuS,
368 4152 515 4215 mulieres
539 4158 713 4235 enumerat,
738 4153 888 4238 Hyginus
910 4154 975 4217 l'ab.
999 4154 1061 4216 256
1076 4152 1256 4219 Theonoen
1275 4163 1378 4237 vocat,

229 4259 372 4323 eamdem
396 4262 581 4347 intelligens
605 4264 811 4328 Alcestidem.
836 4263 884 4326 'Pu
907 4263 1006 4346 igitur
1028 4263 1148 4344 scribe,
1174 4267 1211 4341 ἠὲ
1236 4269 1289 4331 καὶ
1313 4270 1378 4332 ’al-

229 4370 339 4450 κήετηε
362 4374 538 4453 ἐρικυδέος,
561 4374 664 4438 forma
686 4374 918 4438 recentioribus
942 4373 1064 4436 Latinis
1087 4373 1225 4456 usitata,
1253 4376 1295 4439 de
1318 4402 1378 4462 (pua
