3014 5010
423 367 469 414 oo
492 369 584 415 aran.
609 369 712 415 anax.
737 370 780 415 ur
801 369 1018 418 P1s1srnaro.
1230 353 1288 416 131

151 519 284 603 Gyraldi
310 521 407 584 verba
434 520 556 584 Histor.
587 525 707 604 poetar.
736 521 785 585 ΠΙ
812 544 843 611 p.
868 523 929 586 348
958 522 1006 584 ed.
1032 521 1105 584 Bae.
1136 543 1164 584 a.
1192 522 1290 586 1545.-

150 637 221 694 Fm't
255 651 327 695 uero
359 636 497 695 Isooci’us
530 636 657 695 Ioannis
694 637 794 695 Zezoe
828 638 1023 709 prommotici
1052 636 1174 708 frater:
1210 637 1292 710 qood

148 747 268 819 quidem
292 746 386 805 Zezeo
408 761 515 806 momen
534 746 674 806 borbore
695 748 828 821 quodum
852 747 1083 819 cmuuetude'nc,
1113 749 1290 821 praeposito

151 855 271 914 Ponte
292 873 329 932 z,
359 858 437 916 dure
459 857 620 916 admodum
646 856 824 916 Tzetzius
852 863 881 916 et
905 855 1029 915 Tuetzes
1045 854 1226 931 profertur,
1258 862 1290 915 ut

147 968 179 1024 in
199 967 325 1038 praecis
345 969 569 1026 commentariis
583 983 650 1026 mss.
674 983 888 1041 nonnumquam
903 972 947 1025 est
968 969 1079 1041 tepere.
1117 962 1161 1025 Et
1183 960 1290 1044 paullo

148 1075 236 1154 post:
265 1092 335 1135 nom
363 1082 393 1135 et
420 1077 552 1136 Ioannes
579 1078 608 1135 io
637 1077 800 1136 Homerum
826 1084 855 1136 et
881 1077 1043 1136 Hesiodum
1071 1078 1290 1136 commemoria

146 1187 299 1251 condidit,
333 1201 419 1261 qoem
449 1192 546 1244 tameo
576 1202 596 1244 o
623 1189 734 1246 nostris
762 1187 940 1260 quibusdum
967 1188 1176 1259 prommoti'ei‘s
1204 1186 1290 1244 video

149 1298 264 1354 Caeci
284 1299 403 1355 nomine
419 1314 481 1371 pro
504 1296 594 1355 Zezr's
614 1298 716 1357 citari.

683 1532 703 1609 ἓ
725 1530 756 1593 4.

437 1664 491 1727 De
520 1663 736 1727 Heliodoro
765 1664 1000 1747 Byzantino.

236 1815 420 1880 Graviorem
453 1817 551 1880 etiam
579 1823 762 1882 Heliodorus
791 1818 913 1882 nomini
947 1818 1036 1881 litem
1064 1816 1289 1901 Bernliardyus

146 1927 290 1990 intendit
318 1950 349 2010 p.
378 1928 441 1992 833
470 1950 516 2011 sq.
562 1929 703 1992 Primum
732 1928 818 1991 enim
846 1929 946 1992 videri
975 1928 1035 1992 hoc
1064 1927 1110 1990 ait
1131 1949 1172 1991 ne
1197 1950 1289 2012 posse

147 2037 277 2121 quidem
299 2038 510 2121 grammatico
525 2037 706 2122 Byzantino
729 2060 845 2102 nomen
869 2060 953 2102 esse:
982 2039 1015 2100 id
1038 2038 1120 2121 quod
1142 2038 1289 2123 intellegi

148 2169 188 2210 ex
210 2146 303 2210 Hasii
325 2148 364 2210 de
379 2148 527 2211 Dracone
543 2147 776 2213 Stratonicensi
799 2147 1033 2212 dissertatione.
1078 2148 1160 2223 Quid
1183 2154 1289 2213 autem

146 2257 228 2320 ille?
271 2257 345 2321 Non
367 2258 436 2321 sine
458 2257 633 2322 modestiae
654 2257 891 2343 significatione
914 2258 947 2321 in
969 2257 1072 2321 Notit.
1096 2261 1129 2320 et
1147 2263 1287 2342 excerpt.

148 2389 224 2431 msa.
256 2367 332 2430 bibl.
361 2368 436 2450 imp.
468 2368 531 2432 vol.
559 2367 638 2432 VIII
667 2372 750 2452 part.
781 2368 802 2431 2
830 2391 865 2451 p.
884 2368 925 2432 37
959 2390 993 2431 se
1025 2369 1209 2432 observasse
1243 2369 1290 2432 ait

148 2477 403 2541 Christianorum
430 2481 538 2541 aetate
567 2479 658 2542 valde
687 2500 846 2542 rarescere
879 2499 916 2541 ea
950 2479 1114 2542 hominum
1147 2480 1287 2562 nomina,
1309 2498 1340 2545 10

147 2609 231 2670 quae
253 2591 436 2650 armenon
457 2588 641 2653 nominibus
663 2589 793 2653 deorum
808 2589 904 2651 ducta
926 2591 1081 2674 essent*).
1113 2589 1287 2671 Credimus,

147 2702 182 2759 et
215 2700 464 2761 consentaneum
498 2702 547 2761 est
580 2700 716 2763 credere.
773 2697 835 2763 sed
869 2720 981 2763 eamne
1015 2702 1078 2762 ista
1109 2700 1289 2763 observatio

147 2807 214 2869 vim
237 2807 349 2888 habet,
378 2811 413 2871 ut
436 2807 516 2871 nulli
545 2831 690 2891 proram,
720 2808 803 2892 quod
831 2829 888 2891 per
911 2809 1017 2892 ampla
1040 2809 1146 2891 spatia
1169 2809 1288 2872 littera-

217 3062 242 3128 *)
260 3060 297 3113 Ut
314 3061 436 3129 planius,
455 3077 608 3128 quousque
627 3064 725 3129 pateat
737 3061 816 3115 Hasii
828 3063 999 3127 observatio,
1018 3062 1210 3130 perspiciatur,
1228 3063 1289 3131 ipsa

146 3154 236 3207 verba
252 3152 304 3206 viri
322 3153 475 3207 doctissimi
492 3155 565 3208 infra
582 3154 674 3223 posui:
698 3157 751 3207 Son
770 3174 879 3223 onorupe
897 3168 936 3208 est
953 3160 1146 3209 udreaaedson
1161 3161 1287 3222 19131)οεὶ-

104 3298 109 3307 ,
147 3254 253 3308 doniam,
273 3267 328 3301 nom
345 3253 388 3316 piri
404 3267 442 3301 me
458 3251 546 3316 peroio
563 3253 635 3301 avoir
653 3254 692 3300 ete
708 3255 767 3315 plus
783 3268 892 3302 eonrmuo
905 3253 964 3301 elo:
987 3255 1024 3302 les
1043 3254 1137 3301 Potens
1160 3267 1207 3317 que
1229 3252 1288 3301 eber

148 3348 188 3393 lea
206 3344 345 3396 Clereliens.
382 3344 431 3394 Oea
448 3345 578 3403 deridere,
603 3345 648 3394 dia
666 3346 739 3409 qo'r‘la
756 3353 845 3394 curent
863 3346 1016 3410 aequisona
1039 3347 1152 3394 certuiue
1173 3346 1288 3409 superio-

147 3439 200 3486 rile
217 3453 261 3486 ror
282 3440 351 3487 leura
368 3438 542 3498 udoersolrea,
564 3437 720 3488 miontrireuc
743 3435 872 3487 l'lrorreur
894 3440 967 3503 potu
985 3440 1085 3488 oooient
1105 3453 1173 3503 pour
1190 3438 1288 3487 Fidulo·

147 3531 240 3594 lotm'e,
256 3547 309 3594 por
325 3531 492 3596 l'affertalion
510 3531 542 3581 de
559 3546 587 3580 ae
603 3531 687 3581 servir
705 3533 728 3580 le
743 3532 823 3580 moino
839 3531 950 3594 possible
968 3533 1101 3582 deamones
1119 3533 1161 3597 qui
1178 3532 1290 3580 terioiem

145 3641 200 3689 por
218 3629 322 3689 quelque
339 3631 451 3689 rapport
470 3627 651 3690 etpmolopique
670 3640 724 3673 orico
742 3616 876 3673 emmenum
893 3625 1058 3674 dimidiatio
1081 3626 1240 3689 pupom'sme,
1264 3632 1288 3672 m

147 3721 167 3767 i'l
185 3733 216 3767 ne
233 3720 312 3768 acroi!
333 3733 383 3783 pue
403 3721 458 3768 uiae
479 3720 512 3767 de
533 3725 668 3768 retrouoer
689 3720 755 3768 dour
772 3714 909 3775 Pilatum,
933 3719 1011 3782 apris
1032 3721 1056 3766 le
1078 3718 1141 3771 Vl.e
1153 3718 1242 3779 siecle,
1265 3721 1288 3766 le

148 3828 205 3862 nom
222 3813 254 3861 de
274 3812 431 3863 Posidonius.
468 3807 504 3860 Et
521 3806 548 3860 in
567 3806 761 3861 adnotatione:
797 3811 839 3860 Lo
856 3814 951 3860 lemme
970 3813 1015 3860 des
1034 3812 1115 3860 Perea
1134 3813 1165 3860 de
1183 3811 1288 3875 I'pr‘re

146 3907 217 3970 effre
238 3904 368 3968 beurieoap
390 3902 549 3968 d'ememples
572 3907 604 3954 de
627 3912 693 3953 celle
716 3905 832 3954 auerrioo
854 3905 900 3954 dea
919 3904 1051 3953 Clme'tieus
1073 3921 1139 3968 pour
1162 3907 1198 3952 les
1221 3919 1288 3970 morus

144 4002 253 4064 poiens:
272 4000 291 4046 2¹1
307 4013 339 4047 en
355 3997 413 4058 furit
430 4005 554 4062 pourton!
571 4004 697 4061 eurepter
713 4012 780 4046 resim
798 3999 852 4062 qui,
876 3998 983 4062 quoique
1005 3999 1105 4047 de'rr'oe‘e
1122 3998 1154 4046 de
1171 3998 1289 4046 divinitis

146 4094 182 4142 du
198 4093 359 4156 poposuimus,
378 4097 422 4139 ont
438 4092 478 4139 ele
491 4093 583 4154 portes
599 4107 650 4156 par
668 4091 715 4142 dea
727 4090 814 4139 Satala
832 4108 864 4141 oo
882 4088 1000 4139 d‘oulres
1016 4105 1158 4155 peraoonea
1175 4090 1287 4138 catomis

144 4188 214 4235 duos
231 4184 351 4250 myriae,
371 4191 395 4234 et
414 4186 457 4250 qui
472 4188 589 4248 pareclo
606 4173 681 4233 auimo
696 4187 773 4246 firent
786 4183 883 4233 oublier
901 4186 956 4233 leur
971 4184 1098 4249 premiere
1115 4185 1222 4248 oripime,
1242 4186 1289 4232 tels

145 4296 196 4345 quie
213 4294 282 4328 certa
300 4278 332 4326 de
350 4277 462 4335 Martio,
482 4278 603 4338 Martini,
623 4277 745 4326 ‚S'oomnln
762 4276 820 4327 iliez
838 4277 994 4333 leubellae:
1013 4278 1129 4338 Isidore,
1150 4278 1288 4338 Palladius,

143 4375 303 4432 Demetrius,
323 4373 410 4434 Diope
428 4376 452 4418 et
471 4378 558 4420 ommes
576 4374 641 4421 dous
659 4346 765 4433 l'Eplise
785 4372 907 4437 Graique.

1043 4454 1086 4516 9*
