2904 4996
242 337 303 401 708
632 349 793 398 sonabas
817 347 990 396 carmena.

240 527 374 589 quocum
398 503 549 567 convenit
571 503 632 586 ipsi
660 502 799 566 Eusebio
822 500 964 566 Cononis
988 500 1098 563 chron.
1123 501 1187 563 rol.
1211 499 1244 563 Π
1268 524 1300 584 p.
1326 503 1385 565 169

240 615 290 678 vel
318 614 402 697 apud
432 612 632 697 Scaligerum
657 635 689 695 p.
716 611 786 674 147.
838 610 979 673 Primum
1008 610 1110 694 igitur
1136 611 1180 675 ab
1210 613 1386 676 Alcamene

240 724 391 788 credibile
414 727 462 787 est
485 723 719 806 expeditionem
741 721 830 784 illam
853 723 928 784 ante
950 720 1068 804 olymp.
1091 720 1138 784 IX
1163 743 1287 785 annum
1310 722 1385 784 alte-

239 857 309 897 rum
338 855 406 897 esse
434 835 630 916 susceptam,
661 830 816 915 siquidem
845 833 1095 893 consentaneum
1124 835 1175 894 est
1204 831 1386 896 existimare

239 966 299 1007 nec
321 942 590 1007 Lacedaemonios
619 942 705 1005 inter
726 940 846 1004 medios
869 939 945 1002 belli
968 940 1160 1004 Messeniaci
1183 941 1313 1005 labores
1336 943 1384 1004 rel

240 1054 376 1117 voluisse
399 1053 462 1116 alio
485 1052 582 1114 etiam
604 1051 688 1114 bello
710 1050 829 1133 illigari
852 1050 902 1112 vel
924 1049 1076 1132 potuisse,
1100 1072 1162 1114 nec
1177 1050 1384 1130 Pausaniam,

240 1163 521 1246 diligentissimum
544 1159 814 1224 Messeniacorum
836 1159 991 1222 bellorum
1013 1164 1235 1242 narratorem,
1260 1161 1386 1224 silentio

238 1271 337 1335 fuisse
359 1272 672 1355 praetermissurum,
702 1270 814 1352 siquo
837 1269 1011 1333 certamine
1034 1270 1239 1333 memorabili
1262 1271 1386 1334 illorum

240 1385 324 1444 esset
345 1381 542 1464 perpetuitas
565 1380 759 1444 intermissa.

324 1490 427 1554 Multo
450 1495 556 1554 autem
579 1490 710 1573 gravius
733 1489 812 1552 illud
834 1493 893 1572 est,
917 1492 953 1552 ut
967 1510 1139 1573 quemnam
1163 1489 1318 1555 habuerIt
1333 1492 1385 1554 Al·

241 1622 389 1663 camenes
412 1600 504 1663 huius
527 1599 739 1683 expeditionis
762 1599 893 1682 socium,
917 1621 1117 1683 quaeramus.
1150 1599 1280 1665 Scimus
1302 1602 1383 1666 enim

240 1710 324 1793 apud
352 1710 620 1773 Lacedaemonios
649 1731 736 1774 more
763 1710 861 1773 fuisse
883 1714 1064 1793 receptum,
1097 1714 1133 1773 ut
1161 1733 1204 1775 ne
1234 1713 1385 1775 alteruter

239 1841 294 1882 rex
318 1820 353 1883 in
376 1819 494 1883 bellum
517 1820 771 1903 proficisceretur
793 1821 893 1883 solus:
918 1821 1005 1884 cuius
1027 1821 1073 1883 rei
1096 1821 1294 1885 documento
1316 1844 1382 1884 cum

239 1928 393 1993 Herodoti
416 1931 513 1992 verba
533 1933 609 1992 sunt
623 1930 697 1994 libri
713 1929 743 1993 V
758 1952 827 2012 cap.
845 1931 896 2013 75,
919 1933 988 1993 tum
1008 1931 1065 1993 illa
1088 1931 1160 2014 ipsa
1183 1932 1283 2013 bella,
1306 1954 1382 2015 quac

239 2039 381 2121 priorum
402 2060 514 2122 regum
537 2043 643 2102 aetate
665 2040 734 2102 fieri
757 2039 909 2103 videmus.
947 2039 996 2103 lla
1019 2041 1106 2103 enim
1127 2042 1242 2104 omnia
1264 2064 1284 2104 a
1307 2041 1381 2104 Pau·

239 2149 330 2212 sauia
354 2153 386 2212 et
408 2149 443 2211 in
466 2149 647 2232 Agirlarum
668 2153 956 2213 commemorantur
978 2150 1066 2213 etin
1088 2149 1381 2233 Eurypontidarum

239 2258 387 2340 historia,
417 2260 464 2322 ita
492 2262 528 2321 ut
550 2281 569 2321 a
591 2259 676 2322 binis
706 2259 837 2343 collegis
864 2259 993 2343 singula
1021 2280 1090 2323 esse
1112 2264 1208 2343 gesta
1231 2261 1379 2325 declaret.

240 2369 336 2431 Velut
357 2372 529 2451 memorat,
556 2372 593 2431 ut
615 2368 768 2451 exemplis
790 2372 877 2451 utar,
903 2369 1120 2452 Oynnrcnsem
1144 2370 1377 2454 expeditionem

239 2480 271 2539 et
293 2477 334 2540 ab
356 2477 547 2541 Elchestrato
570 2482 601 2541 et
624 2500 643 2540 a
662 2478 837 2561 Prytanide
858 2478 979 2542 factam
1002 2501 1071 2561 cap.
1089 2480 1110 2542 2
1132 2480 1190 2559 §2
1214 2485 1249 2543 et
1270 2482 1288 2544 7
1311 2482 1378 2560 §23

204 2586 354 2649 arleinde
382 2588 500 2650 bellum
529 2587 679 2652 adversus
702 2588 841 2671 Argivos
869 2590 1007 2671 primum
1030 2593 1218 2672 susceptum
1242 2592 1290 2654 ait
1311 2596 1378 2653 eta

238 2696 362 2759 Labota
385 2700 417 2760 et
440 2719 459 2759 a
481 2696 657 2781 Prytauide
680 2719 750 2780 cap.
774 2699 795 2761 2
818 2700 873 2777 §3
896 2702 928 2762 et
952 2700 969 2762 7
993 2702 1014 2778 ξ
1035 2699 1067 2781 2,
1091 2698 1123 2762 id
1146 2700 1233 2782 quod
1257 2702 1378 2764 Mauso

191 2832 194 2837 ·
237 2828 312 2869 nem
335 2806 420 2889 fugit
442 2807 633 2870 mirabiliter
654 2806 740 2871 Hist.
765 2806 871 2890 Spart.
895 2809 957 2870 rol.
980 2807 996 2870 l
1017 2812 1100 2891 part.
1127 2812 1143 2871 1
1167 2831 1199 2891 p.
1228 2811 1283 2893 723
1307 2811 1377 2874 item

238 2919 354 3000 Acgyn
377 2916 487 2980 urbem
510 2920 729 3001 expugnatam
751 2939 816 2980 una
839 2919 880 2980 ab
903 2918 1062 2982 Archelao
1085 2922 1118 2981 ct
1141 2917 1295 2983 Charilao
1317 2925 1375 2983 tra·

236 3026 293 3107 dit,
318 3031 353 3090 ut
376 3026 577 3108 exposuimus
605 3048 712 3109 supra.
758 3027 877 3101 Quibus
906 3027 986 3090 adde
1017 3028 1174 3110 proelium
1196 3030 1240 3092 ad
1263 3029 1375 3113 Hysias

237 3136 455 3217 commissum,
480 3158 499 3198 a
521 3135 682 3199 Pausania
706 3141 985 3200 commemoratum
1012 3137 1094 3201 libro
1120 3138 1172 3220 H,
1196 3140 1256 3221 24,
1280 3139 1375 3227 8171,

237 3247 325 3309 cuius
360 3268 440 3329 quae
468 3246 567 3309 fuerit
597 3268 668 3309 cnm
701 3246 802 3310 altero
834 3247 917 3309 bello
944 3247 1144 3312 Messeniaco
1182 3250 1374 3327 coniunctio,

235 3355 398 3437 plausibili
422 3356 605 3419 coniectura
633 3360 813 3420 assecutum
841 3356 979 3419 arbitror
1001 3379 1069 3421 esse
1092 3357 1231 3422 cundem
1254 3360 1376 3424 Mauso·

235 3487 310 3528 nem
333 3465 353 3527 l.
379 3486 406 3528 c.
430 3488 462 3548 p.
486 3465 548 3528 272
571 3488 617 3549 sq.
663 3465 734 3529 Hoc
761 3487 859 3529 unum
882 3466 979 3549 addc,
1003 3489 1069 3530 aon
1091 3469 1238 3550 potuisse
1260 3471 1376 3555 proelio

235 3575 290 3637 illo
318 3575 357 3638 ad
380 3574 499 3657 Hysias
527 3578 673 3638 conserto
702 3576 819 3639 bellum
847 3576 912 3639 iam
939 3598 1007 3640 esse
1035 3577 1179 3659 finitrrrn,
1210 3580 1267 3644 sed
1296 3586 1376 3645 certe

235 3684 275 3746 ad
299 3685 476 3766 proximum
500 3706 637 3766 annum,
667 3685 708 3748 ol.
732 3684 885 3768 XXVIII,
913 3690 945 3767 1,
969 3687 1162 3768 pertinuisse
1184 3692 1375 3754 necessario.

235 3793 348 3876 ltaque
370 3795 423 3856 ubi
447 3795 601 3857 alteruter·
623 3816 678 3856 rex
702 3795 876 3858 exercitum
898 3796 933 3858 in
956 3796 1073 3858 bellum
1096 3797 1224 3862 educit:
1255 3805 1377 3885 poterat

235 3905 320 3965 enim
343 3904 425 3966 alter
447 3905 496 3967 vel
520 3904 608 3967 senio
631 3904 680 3967 vel
710 3904 821 3967 morbo
849 3905 897 3967 vel
921 3905 985 3968 alia
1013 3907 1240 3991 qualicumque
1270 3933 1378 3975 caussa

234 4035 253 4075 a
276 4013 351 4075 belli
374 4013 527 4076 societate
550 4013 726 4096 prohiberi:
753 4015 834 4076 satis
855 4014 890 4076 id
909 4014 1045 4079 dilucide
1068 4037 1088 4078 a
1110 4016 1280 4084 Pausania
1303 4023 1378 4084 solet

233 4122 426 4204 significari3
455 4123 542 4185 velut
571 4122 710 4205 (llrarilai
741 4128 852 4186 contra
877 4125 1014 4207 Argivos
1036 4124 1246 4212 eiusdemque
1271 4138 1378 4195 eontra

233 4230 392 4312 Tegeatae
421 4231 655 4314 expeditionem
690 4233 730 4295 ab
759 4233 818 4295 lroc
846 4234 913 4295 solo
946 4237 1126 4317 susceptam
1163 4259 1237 4302 esse
1271 4223 1387 4304 narrat

233 4339 314 4401 libro
330 4339 394 4421 lll,
419 4340 449 4420 2,
472 4342 508 4404 5:
532 4341 573 4403 ef.
591 4341 637 4404 lll
650 4391 658 4422 ,
684 4343 713 4424 7,
730 4343 765 4423 33
788 4343 837 4406 vel
861 4343 1040 4425 Amplream
1064 4345 1105 4407 ab
1128 4348 1200 4411 solo
1224 4351 1305 4414 item
1328 4352 1380 4414 al-
